{"host":"prxrhpgaxnj4om9r","time":1614090120,"event":{"mods":["AchievementEnabler","BaseMod","Colored Map","DeckTracker","Minty Spire (QoL Compilation)"],"gold_per_floor":[116,128,203,203,25,58,58,72,72,72,84,96,73,83,83,183,183,202,301,138,138,149,180,180,210,260,175,197,197,306,333,333,444,444,454,454,473,537,192,232,7,46,46,67,96,96,118,146,146,146],"floor_reached":51,"language":"KOR","playtime":2431,"items_purged":[],"score":1145,"play_id":"f2116574-ce16-4a60-9f30-af80d63149fb","local_time":"20210223232200","is_ascension_mode":true,"campfire_choices":[{"floor":7,"key":"REST"},{"data":"Ball Lightning","floor":10,"key":"SMITH"},{"data":"Stack","floor":15,"key":"SMITH"},{"floor":24,"key":"REST"},{"floor":32,"key":"REST"},{"data":"Creative AI","floor":46,"key":"SMITH"},{"data":"Biased Cognition","floor":49,"key":"SMITH"}],"circlet_count":0,"master_deck":["Strike_B","Strike_B","Strike_B","Strike_B","Defend_B","Defend_B","Defend_B","Zap+1","Dualcast","Turbo","Scrape","FTL","Ball Lightning+1","Chill","Melter","Stack+1","Biased Cognition+1","Beam Cell","Lockon","Creative AI+1","Hello World","Self Repair","Sweeping Beam","Aggregate","Sunder+1","Redo+1","Tempest+1","Static Discharge+1","Core Surge","Capacitor+1","Melter+1","Coolheaded+1","Defragment+1","Cold Snap+1","Darkness+1","Redo+1","Ball Lightning+1","Streamline+1","Consume+1","Go for the Eyes","Steam+1","Recycle+1"],"relics":["Cracked Core","Membership Card","Gremlin Horn","Question Card","Busted Crown","Toy Ornithopter","Art of War","CeramicFish","Vajra","Bird Faced Urn","Darkstone Periapt","Dead Branch","Eternal Feather","MealTicket","Black Star","Bag of Preparation","FossilizedHelix","Symbiotic Virus","Oddly Smooth Stone","Orrery","Toxic Egg 2","Omamori","PreservedInsect","Turnip","Mummified Hand","Bag of Marbles","Shuriken"],"acts_visited":["Exordium","TheCity","TheBeyond"],"potions_floor_usage":[6,18,23,28,35,39,40,40,45,50,50,50],"damage_taken":[{"damage":1,"enemies":"Cultist","floor":1,"turns":3},{"damage":12,"enemies":"Jaw Worm","floor":2,"turns":3},{"damage":6,"enemies":"Gremlin Nob","floor":6,"turns":3},{"damage":0,"enemies":"Small Slimes","floor":8,"turns":1},{"damage":1,"enemies":"Blue Slaver","floor":11,"turns":2},{"damage":11,"enemies":"Looter","floor":12,"turns":2},{"damage":9,"enemies":"Large Slime","floor":14,"turns":4},{"damage":0,"enemies":"Slime Boss","floor":16,"turns":5},{"damage":3,"enemies":"Chosen","floor":18,"turns":4},{"damage":10,"enemies":"Spheric Guardian","floor":22,"turns":4},{"damage":41,"enemies":"Gremlin Leader","floor":23,"turns":6},{"damage":42,"enemies":"Book of Stabbing","floor":25,"turns":6},{"damage":27,"enemies":"Snake Plant","floor":28,"turns":4},{"damage":30,"enemies":"Colosseum Slavers","floor":30,"turns":3},{"damage":7,"enemies":"Colosseum Nobs","floor":30,"turns":2},{"damage":13,"enemies":"Gremlin Leader","floor":31,"turns":3},{"damage":47,"enemies":"Automaton","floor":33,"turns":9},{"damage":19,"enemies":"3 Shapes","floor":35,"turns":5},{"damage":19,"enemies":"3 Darklings","floor":37,"turns":5},{"damage":48,"enemies":"2 Orb Walkers","floor":38,"turns":3},{"damage":45,"enemies":"Nemesis","floor":40,"turns":5},{"damage":6,"enemies":"Reptomancer","floor":42,"turns":4},{"damage":0,"enemies":"Jaw Worm Horde","floor":44,"turns":2},{"damage":28,"enemies":"Sphere and 2 Shapes","floor":45,"turns":3},{"damage":0,"enemies":"Spire Growth","floor":47,"turns":3},{"damage":0,"enemies":"Jaw Worm Horde","floor":48,"turns":3},{"damage":53,"enemies":"Awakened One","floor":50,"turns":7}],"seed_played":"450785968400784741","potions_obtained":[{"floor":2,"key":"Dexterity Potion"},{"floor":14,"key":"Weak Potion"},{"floor":18,"key":"Fire Potion"},{"floor":22,"key":"FairyPotion"},{"floor":25,"key":"SkillPotion"},{"floor":33,"key":"ColorlessPotion"},{"floor":35,"key":"SmokeBomb"},{"floor":42,"key":"Swift Potion"},{"floor":45,"key":"FearPotion"},{"floor":47,"key":"CultistPotion"},{"floor":48,"key":"FocusPotion"}],"is_trial":false,"path_per_floor":["M","M","?","?","$","E","R","M","T","R","M","M","$","M","R","B",null,"M","?","$","?","M","E","R","E","T","?","M","T","?","E","R","B",null,"M","?","M","?","$","E","$","E","T","M","M","R","M","M","R","B",null],"character_chosen":"DEFECT","items_purchased":["Membership Card","Ball Lightning","Beam Cell","Self Repair","Sweeping Beam","Toy Ornithopter","Aggregate","Symbiotic Virus","Fruit Juice","Oddly Smooth Stone","Fire Potion","LiquidMemories","Orrery","PreservedInsect","Turnip"],"campfire_rested":3,"item_purchase_floors":[5,5,13,20,20,20,20,39,39,39,39,39,39,41,41],"current_hp_per_floor":[67,55,44,44,44,38,60,60,60,60,59,48,48,39,39,39,66,63,63,63,63,60,31,53,18,18,18,35,35,20,22,59,35,65,63,63,56,20,45,35,50,61,61,67,63,80,80,80,80,48],"gold":146,"neow_bonus":"UPGRADE_CARD","is_daily":false,"chose_seed":false,"campfire_upgraded":4,"win_rate":0.0,"timestamp":1614090120,"path_taken":["M","?","?","?","?","E","R","M","T","R","M","M","$","M","R","BOSS","M","?","$","?","M","E","R","E","T","?","M","?","?","E","R","BOSS","M","?","?","?","$","E","$","E","T","M","M","R","M","M","R","BOSS"],"items_purchased_type":["Relic","Card","Card","Card","Card","Relic","Card","Relic","Potion","Relic","Potion","Potion","Relic","Relic","Relic"],"build_version":"2020-12-22","purchased_purges":0,"victory":true,"max_hp_per_floor":[75,75,75,75,75,75,75,75,75,75,75,75,75,75,75,75,75,75,75,75,75,75,75,75,75,75,75,75,75,75,75,75,75,75,75,75,75,75,80,80,80,80,80,80,80,80,80,80,80,80],"card_choices":[{"not_picked":["Hologram","Steam"],"picked":"Turbo","floor":1},{"not_picked":["Rebound","Compile Driver"],"picked":"Scrape","floor":2},{"not_picked":["Barrage","Reinforced Body"],"picked":"Chill","floor":6},{"not_picked":["Steam","Chill"],"picked":"Melter","floor":8},{"not_picked":["Steam","Coolheaded","Lockon"],"picked":"Stack","floor":11},{"not_picked":["Skim","Coolheaded","Barrage"],"picked":"Biased Cognition","floor":12},{"not_picked":["Rebound","Rip and Tear","Ball Lightning"],"picked":"Lockon","floor":14},{"not_picked":["Meteor Strike","Fission","Core Surge"],"picked":"Creative AI","floor":16},{"not_picked":["Scrape"],"picked":"Hello World","floor":18},{"not_picked":["White Noise"],"picked":"Sunder+1","floor":22},{"not_picked":["Conserve Battery"],"picked":"Redo+1","floor":23},{"not_picked":["Chill","Aggregate"],"picked":"SKIP","floor":25},{"not_picked":["Coolheaded"],"picked":"Tempest+1","floor":28},{"not_picked":["Hologram"],"picked":"Static Discharge+1","floor":30},{"not_picked":["Stack","Skim"],"picked":"SKIP","floor":31},{"not_picked":["Buffer"],"picked":"Core Surge","floor":33},{"not_picked":["Stack","Ball Lightning"],"picked":"SKIP","floor":35},{"not_picked":["Ball Lightning"],"picked":"Capacitor+1","floor":37},{"not_picked":["Sweeping Beam+1"],"picked":"Melter+1","floor":38},{"not_picked":["Rebound"],"picked":"Coolheaded+1","floor":39},{"not_picked":["Coolheaded+1"],"picked":"Defragment+1","floor":39},{"not_picked":["Turbo"],"picked":"Cold Snap+1","floor":39},{"not_picked":["Storm"],"picked":"Darkness+1","floor":39},{"not_picked":["Lockon"],"picked":"Redo+1","floor":39},{"not_picked":["Sweeping Beam+1"],"picked":"Ball Lightning+1","floor":40},{"not_picked":["Fusion+1"],"picked":"Streamline+1","floor":42},{"not_picked":["Sweeping Beam+1"],"picked":"Consume+1","floor":44},{"not_picked":["Turbo+1"],"picked":"Go for the Eyes","floor":45},{"not_picked":["Auto Shields+1"],"picked":"Steam+1","floor":47},{"not_picked":["Sweeping Beam"],"picked":"Recycle+1","floor":48}],"player_experience":611398,"relics_obtained":[{"floor":6,"key":"Gremlin Horn"},{"floor":9,"key":"Question Card"},{"floor":23,"key":"Art of War"},{"floor":25,"key":"CeramicFish"},{"floor":26,"key":"Vajra"},{"floor":29,"key":"Darkstone Periapt"},{"floor":30,"key":"Dead Branch"},{"floor":30,"key":"Eternal Feather"},{"floor":31,"key":"MealTicket"},{"floor":38,"key":"FossilizedHelix"},{"floor":40,"key":"Toxic Egg 2"},{"floor":40,"key":"Omamori"},{"floor":42,"key":"Mummified Hand"},{"floor":42,"key":"Bag of Marbles"},{"floor":43,"key":"Shuriken"}],"event_choices":[{"damage_healed":0,"gold_gain":75,"player_choice":"Gather Gold","damage_taken":11,"max_hp_gain":0,"max_hp_loss":0,"event_name":"World of Goop","floor":3,"gold_loss":0},{"damage_healed":0,"gold_gain":0,"cards_transformed":["Defend_B"],"player_choice":"Change","damage_taken":0,"max_hp_gain":0,"max_hp_loss":0,"event_name":"Living Wall","floor":4,"gold_loss":0,"cards_obtained":["FTL"]},{"damage_healed":0,"gold_gain":99,"player_choice":"Stole From Cult","damage_taken":0,"max_hp_gain":0,"max_hp_loss":0,"event_name":"Nest","floor":19,"gold_loss":0},{"damage_healed":0,"gold_gain":0,"player_choice":"Ignored","damage_taken":0,"max_hp_gain":0,"max_hp_loss":0,"event_name":"Beggar","floor":21,"gold_loss":0},{"damage_healed":0,"gold_gain":0,"player_choice":"Obtained Relic","damage_taken":0,"relics_obtained":["Bird Faced Urn"],"max_hp_gain":0,"max_hp_loss":0,"event_name":"Addict","floor":27,"gold_loss":85},{"damage_healed":0,"gold_gain":0,"player_choice":"Fight","damage_taken":0,"max_hp_gain":0,"max_hp_loss":0,"event_name":"Colosseum","floor":30,"gold_loss":0},{"damage_healed":0,"gold_gain":0,"player_choice":"Fought Nobs","damage_taken":0,"max_hp_gain":0,"max_hp_loss":0,"event_name":"Colosseum","floor":30,"gold_loss":0},{"damage_healed":0,"gold_gain":0,"player_choice":"Gave Potion","damage_taken":0,"relics_obtained":["Bag of Preparation"],"max_hp_gain":0,"max_hp_loss":0,"event_name":"WeMeetAgain","floor":36,"gold_loss":0},{"damage_healed":0,"gold_gain":0,"player_choice":"Fight","damage_taken":0,"max_hp_gain":0,"max_hp_loss":0,"event_name":"Mysterious Sphere","floor":38,"gold_loss":0}],"is_beta":false,"boss_relics":[{"not_picked":["Coffee Dripper","Tiny House"],"picked":"Busted Crown"},{"not_picked":["Nuclear Battery","Sozu"],"picked":"Black Star"}],"items_purged_floors":[],"is_endless":false,"potions_floor_spawned":[2,14,18,22,25,30,33,35,42,45,47,48],"ascension_level":6}}