{"host":"z5ogtnuuoxgup8y1","time":1614123388,"event":{"mods":["BaseMod","Better Third Choice","BetterRewards","Hermit","Hubris","Jorbs\u0027s Wanderer Trilogy","Minty Spire (QoL Compilation)","Reliquary","Replay The Spire","Spicy Shops","StSLib","The Cursed","The Disciple","The Hierophant","The Jungle","The Marked","The Runesmith"],"gold_per_floor":[114,125,144,9,25,51,51,65,65,65,78,110,385,12,12,12,12],"floor_reached":16,"language":"ENG","playtime":799,"items_purged":["Strike_R","Regret"],"score":324,"play_id":"cbc97a6c-2dfe-4fc5-a003-e2749e793ef7","local_time":"20210223233628","is_ascension_mode":true,"campfire_choices":[{"data":"Carnage","floor":7,"key":"SMITH"},{"data":"Brutality","floor":10,"key":"SMITH"},{"data":"ReplayTheSpireMod:Private Reserves","floor":15,"key":"SMITH"}],"circlet_count":0,"master_deck":["AscendersBane","Strike_R","Strike_R","Strike_R","Strike_R","Defend_R","Defend_R","Defend_R","Defend_R","Bash","Carnage+1","Cleave","True Grit","Shrug It Off","Limit Break","Brutality+1","hubris:CleavingFinish","ReplayTheSpireMod:Limb From Limb","Inflame","Master of Strategy","ReplayTheSpireMod:Private Reserves+1","ReplayTheSpireMod:Uncanny Aura"],"relics":["Burning Blood","Runesmith:Nanobots","Anchor","hubris:Teleporter","ReplayTheSpireMod:ShopPack"],"acts_visited":["Exordium"],"potions_floor_usage":[6,12,16],"damage_taken":[{"damage":9,"enemies":"Small Slimes","floor":1,"turns":3},{"damage":0,"enemies":"Cultist","floor":2,"turns":2},{"damage":0,"enemies":"2 Louse","floor":3,"turns":2},{"damage":0,"enemies":"2 Fungi Beasts","floor":5,"turns":3},{"damage":30,"enemies":"3 Sentries","floor":6,"turns":8},{"damage":7,"enemies":"3 Louse","floor":8,"turns":4},{"damage":17,"enemies":"Lots of Slimes","floor":11,"turns":5},{"damage":17,"enemies":"Replay:BlueRogue","floor":12,"turns":4},{"damage":28,"enemies":"The Guardian","floor":16,"turns":9}],"seed_played":"-8450398934355537330","potions_obtained":[{"floor":1,"key":"DuplicationPotion"},{"floor":11,"key":"ElixirPotion"}],"is_trial":false,"path_per_floor":["M","M","M","$","M","E","R","M","T","R","M","E","?","$","R","B"],"character_chosen":"IRONCLAD","items_purchased":["Carnage","Limit Break","Energy Potion","Inflame","ReplayTheSpireMod:ShopPack","AttackPotion"],"campfire_rested":0,"item_purchase_floors":[0,4,4,14,14,14],"current_hp_per_floor":[59,65,71,71,75,51,51,50,50,50,39,28,28,28,28,0,0],"gold":12,"neow_bonus":"","is_daily":false,"chose_seed":false,"campfire_upgraded":3,"win_rate":0.0,"timestamp":1614123388,"path_taken":["M","M","M","$","M","E","R","M","T","R","M","E","?","$","R","BOSS"],"items_purchased_type":["Card","Card","Potion","Card","Relic","Potion"],"build_version":"2020-12-22","purchased_purges":2,"victory":false,"max_hp_per_floor":[75,75,75,75,75,75,75,75,75,75,75,75,75,75,75,75,75],"card_choices":[{"not_picked":["Anger","Sword Boomerang"],"picked":"Cleave","floor":1},{"not_picked":["Metallicize","hubris:SharpeningStone"],"picked":"True Grit","floor":2},{"not_picked":["Sever Soul","Cleave"],"picked":"Shrug It Off","floor":3},{"not_picked":["ReplayReversal","Cleave","Headbutt"],"picked":"SKIP","floor":5},{"not_picked":["Blood for Blood","Massacre"],"picked":"Brutality","floor":6},{"not_picked":["Headbutt","Ghostly Armor"],"picked":"hubris:CleavingFinish","floor":8},{"not_picked":["Wild Strike","Headbutt","Havoc"],"picked":"SKIP","floor":11},{"not_picked":["Body Slam","Entrench"],"picked":"ReplayTheSpireMod:Limb From Limb","floor":12},{"not_picked":["Magnetism","The Bomb"],"picked":"Master of Strategy","floor":14},{"not_picked":["Good Instincts","Purity"],"picked":"ReplayTheSpireMod:Private Reserves","floor":14},{"not_picked":["Replay:Bootleg Shield Generator","ReplayTheSpireMod:Necrogeddon"],"picked":"ReplayTheSpireMod:Uncanny Aura","floor":14}],"player_experience":701541,"relics_obtained":[{"floor":6,"key":"Runesmith:Nanobots"},{"floor":9,"key":"Anchor"},{"floor":12,"key":"hubris:Teleporter"}],"event_choices":[{"damage_healed":0,"gold_gain":275,"player_choice":"Desecrate","damage_taken":0,"max_hp_gain":0,"max_hp_loss":0,"event_name":"Golden Shrine","floor":13,"gold_loss":0,"cards_obtained":["Regret"]}],"is_beta":false,"boss_relics":[],"items_purged_floors":[0,14],"is_endless":false,"potions_floor_spawned":[1,11],"killed_by":"The Guardian","ascension_level":20}}