{"host":"n6lk97i3f9btdmiv","time":1614048506,"event":{"mods":["BaseMod","Colored Map","Highlight Path","Minty Spire (QoL Compilation)","StSLib"],"gold_per_floor":[117,217,231,130,130,158,158,184,184,210,222,222,239,250,250,354,354,294,294,294,294,294,294,294,294,294,294,117,117,117,117,117,117,117,117,117,117,117,117,117,117,117,117,117,117,117,117,117,117,117,117,117,35,35,35,35],"floor_reached":55,"language":"ENG","playtime":4244,"items_purged":["Strike_P","Strike_P"],"score":1002,"play_id":"9866cff0-8d49-4f64-b9ef-ba0e907063fc","local_time":"20210222214826","is_ascension_mode":true,"campfire_choices":[{"data":"PathToVictory","floor":7.0,"key":"SMITH"},{"floor":12.0,"key":"REST"},{"data":"Defend_P","floor":15.0,"key":"SMITH"},{"floor":24.0,"key":"RECALL"},{"floor":29.0,"key":"REST"},{"data":"LikeWater","floor":32.0,"key":"SMITH"},{"data":"Wish","floor":41.0,"key":"SMITH"},{"floor":45.0,"key":"REST"},{"data":"Defend_P","floor":47.0,"key":"SMITH"},{"data":"Defend_P","floor":49.0,"key":"SMITH"},{"data":"Eruption","floor":52.0,"key":"SMITH"}],"circlet_count":0,"master_deck":["Strike_P+1","Defend_P+1","Defend_P+1","Defend_P+1","Defend_P+1","Eruption+1","Vigilance+1","PathToVictory+1","Wish+1","LikeWater+1","SpiritShield+1","PathToVictory+1","Evaluate+1","Vault+1","EmptyMind+1","Fasting2+1"],"relics":["PureWater","Gambling Chip","WingedGreaves","Ice Cream","Oddly Smooth Stone","Ectoplasm","Happy Flower","Omamori","Toxic Egg 2","Bag of Marbles","Sozu","Sundial","Centennial Puzzle","Anchor","Juzu Bracelet","Vajra","Pear","GoldenEye"],"acts_visited":["Exordium","TheCity","TheBeyond","TheEnding"],"potions_floor_usage":[],"damage_taken":[{"damage":0.0,"enemies":"Small Slimes","floor":1.0,"turns":3.0},{"damage":0.0,"enemies":"Cultist","floor":3.0,"turns":5.0},{"damage":9.0,"enemies":"Lagavulin","floor":6.0,"turns":7.0},{"damage":31.0,"enemies":"3 Sentries","floor":8.0,"turns":11.0},{"damage":11.0,"enemies":"Lagavulin","floor":10.0,"turns":5.0},{"damage":0.0,"enemies":"2 Louse","floor":11.0,"turns":2.0},{"damage":0.0,"enemies":"2 Fungi Beasts","floor":13.0,"turns":3.0},{"damage":0.0,"enemies":"Lots of Slimes","floor":14.0,"turns":5.0},{"damage":5.0,"enemies":"Slime Boss","floor":16.0,"turns":9.0},{"damage":2.0,"enemies":"2 Thieves","floor":18.0,"turns":4.0},{"damage":6.0,"enemies":"Chosen","floor":22.0,"turns":5.0},{"damage":3.0,"enemies":"Book of Stabbing","floor":23.0,"turns":7.0},{"damage":8.0,"enemies":"Slavers","floor":25.0,"turns":7.0},{"damage":26.0,"enemies":"Gremlin Leader","floor":27.0,"turns":8.0},{"damage":0.0,"enemies":"Book of Stabbing","floor":30.0,"turns":6.0},{"damage":3.0,"enemies":"Snake Plant","floor":31.0,"turns":5.0},{"damage":0.0,"enemies":"Champ","floor":33.0,"turns":14.0},{"damage":4.0,"enemies":"Orb Walker","floor":35.0,"turns":5.0},{"damage":0.0,"enemies":"3 Shapes","floor":36.0,"turns":10.0},{"damage":1.0,"enemies":"Jaw Worm Horde","floor":38.0,"turns":10.0},{"damage":0.0,"enemies":"Spire Growth","floor":39.0,"turns":4.0},{"damage":19.0,"enemies":"Reptomancer","floor":40.0,"turns":9.0},{"damage":1.0,"enemies":"Giant Head","floor":42.0,"turns":8.0},{"damage":34.0,"enemies":"Reptomancer","floor":44.0,"turns":8.0},{"damage":9.0,"enemies":"Nemesis","floor":46.0,"turns":5.0},{"damage":21.0,"enemies":"Time Eater","floor":50.0,"turns":15.0},{"damage":0.0,"enemies":"Shield and Spear","floor":54.0,"turns":6.0},{"damage":84,"enemies":"The Heart","floor":55,"turns":10}],"seed_played":"8170382885797386791","potions_obtained":[{"floor":1.0,"key":"Fire Potion"},{"floor":8.0,"key":"EssenceOfSteel"},{"floor":11.0,"key":"BottledMiracle"},{"floor":14.0,"key":"Dexterity Potion"},{"floor":22.0,"key":"ColorlessPotion"},{"floor":25.0,"key":"DuplicationPotion"},{"floor":33.0,"key":"Swift Potion"}],"is_trial":false,"path_per_floor":["M","?","M","$","?","E","R","E","T","E","M","R","M","M","R","B",null,"M","?","?","?","M","E","R","E","T","E","$","R","E","M","R","B",null,"M","M","?","M","M","E","R","E","T","E","R","E","R","?","R","B",null,"R","$","E","B"],"character_chosen":"WATCHER","items_purchased":["PathToVictory","LikeWater","EmptyMind+1"],"campfire_rested":3,"item_purchase_floors":[4,28,53],"current_hp_per_floor":[72,72,72,72,58,49,49,18,18,7,7,28,28,28,28,23,72,70,70,70,70,64,61,61,53,53,27,27,48,48,45,45,45,72,68,68,68,67,67,48,48,47,47,13,34,35,35,35,35,14,82,82,82,82,0,0],"gold":35,"neow_bonus":"UPGRADE_CARD","is_daily":false,"chose_seed":false,"campfire_upgraded":7,"win_rate":0.0,"timestamp":1614048506,"path_taken":["M","?","?","$","?","E","R","E","T","E","M","R","M","M","R","BOSS","M","?","?","?","M","E","R","E","T","E","$","R","E","?","R","BOSS","M","?","?","M","M","E","R","E","T","E","R","E","R","?","R","BOSS","R","$","E","BOSS"],"items_purchased_type":["Card","Card","Card"],"build_version":"2020-12-22","purchased_purges":2,"victory":false,"max_hp_per_floor":[72,72,72,72,72,72,72,72,72,72,72,72,72,72,72,72,72,72,72,72,72,72,72,72,72,72,72,72,72,72,72,72,72,72,72,72,72,72,72,72,72,72,72,72,72,82,82,82,82,82,82,82,82,82,82,82],"card_choices":[{"not_picked":["Wallop","Evaluate","Protect"],"picked":"SKIP","floor":1.0},{"not_picked":["Swivel","TalkToTheHand","SandsOfTime"],"picked":"SKIP","floor":3.0},{"not_picked":["Tantrum","MentalFortress","FlurryOfBlows"],"picked":"SKIP","floor":6.0},{"not_picked":["Worship","WindmillStrike","Conclude"],"picked":"SKIP","floor":8.0},{"not_picked":["Study","Nirvana","Crescendo"],"picked":"SKIP","floor":10.0},{"not_picked":["Tantrum","Adaptation","ThirdEye"],"picked":"SKIP","floor":11.0},{"not_picked":["CarveReality","Swivel","Prostrate"],"picked":"SKIP","floor":13.0},{"not_picked":["MentalFortress","ReachHeaven","FlyingSleeves"],"picked":"SKIP","floor":14.0},{"not_picked":["Devotion","Judgement"],"picked":"Wish","floor":16.0},{"not_picked":["Indignation","Wireheading+1","SashWhip"],"picked":"SKIP","floor":18.0},{"not_picked":["Adaptation","Prostrate+1","FearNoEvil"],"picked":"SKIP","floor":22.0},{"not_picked":["FlurryOfBlows","ClearTheMind+1","Devotion"],"picked":"SKIP","floor":23.0},{"not_picked":["Weave","Wireheading","CrushJoints"],"picked":"SKIP","floor":25.0},{"not_picked":["WindmillStrike","Vengeance+1","Meditate+1"],"picked":"SKIP","floor":27.0},{"not_picked":["DeceiveReality+1","JustLucky","ClearTheMind+1"],"picked":"SKIP","floor":30.0},{"not_picked":["Meditate+1","SashWhip","BattleHymn+1"],"picked":"SKIP","floor":31.0},{"not_picked":["Ragnarok","MasterReality"],"picked":"SpiritShield+1","floor":33.0},{"not_picked":["CrushJoints","WindmillStrike+1","WheelKick"],"picked":"SKIP","floor":35.0},{"not_picked":["Prostrate+1","FlurryOfBlows","Crescendo+1"],"picked":"SKIP","floor":36.0},{"not_picked":["CutThroughFate","Worship+1"],"picked":"PathToVictory+1","floor":38.0},{"not_picked":["FlurryOfBlows","Pray+1","Tantrum"],"picked":"SKIP","floor":39.0},{"not_picked":["TalkToTheHand","CutThroughFate","EmptyBody+1"],"picked":"SKIP","floor":40.0},{"not_picked":["ThirdEye+1","Consecrate+1"],"picked":"Evaluate+1","floor":42.0},{"not_picked":["ForeignInfluence+1","Crescendo+1","Halt+1"],"picked":"SKIP","floor":44.0},{"not_picked":["Prostrate+1","Wallop+1"],"picked":"Vault+1","floor":46.0},{"not_picked":["Conclude","SandsOfTime"],"picked":"Fasting2+1","floor":54.0}],"player_experience":436081,"relics_obtained":[{"floor":6.0,"key":"Gambling Chip"},{"floor":8.0,"key":"WingedGreaves"},{"floor":9.0,"key":"Ice Cream"},{"floor":10.0,"key":"Oddly Smooth Stone"},{"floor":23.0,"key":"Happy Flower"},{"floor":25.0,"key":"Omamori"},{"floor":27.0,"key":"Toxic Egg 2"},{"floor":30.0,"key":"Bag of Marbles"},{"floor":37.0,"key":"Sundial"},{"floor":40.0,"key":"Centennial Puzzle"},{"floor":42.0,"key":"Anchor"},{"floor":43.0,"key":"Juzu Bracelet"},{"floor":44.0,"key":"Vajra"},{"floor":46.0,"key":"Pear"},{"floor":54.0,"key":"GoldenEye"}],"event_choices":[{"damage_healed":0.0,"max_hp_gain":0.0,"max_hp_loss":0.0,"gold_gain":100.0,"event_name":"Wheel of Change","player_choice":"Gold","floor":2.0,"gold_loss":0.0,"damage_taken":0.0},{"damage_healed":0.0,"max_hp_gain":0.0,"max_hp_loss":0.0,"gold_gain":0.0,"event_name":"Shining Light","player_choice":"Entered Light","floor":5.0,"gold_loss":0.0,"damage_taken":14.0,"cards_upgraded":["Vigilance","Strike_P"]},{"damage_healed":0.0,"max_hp_gain":0.0,"max_hp_loss":0.0,"gold_gain":0.0,"event_name":"Cursed Tome","player_choice":"Ignored","floor":19.0,"gold_loss":0.0,"damage_taken":0.0},{"cards_removed":["Strike_P"],"damage_healed":0.0,"max_hp_gain":0.0,"max_hp_loss":0.0,"gold_gain":0.0,"event_name":"Back to Basics","player_choice":"Elegance","floor":20.0,"gold_loss":0.0,"damage_taken":0.0},{"damage_healed":0.0,"max_hp_gain":0.0,"max_hp_loss":0.0,"gold_gain":0.0,"event_name":"Match and Keep!","player_choice":"0 cards matched","floor":21.0,"gold_loss":0.0,"damage_taken":0.0,"cards_obtained":[]},{"damage_healed":0.0,"max_hp_gain":0.0,"max_hp_loss":0.0,"gold_gain":0.0,"event_name":"Wheel of Change","player_choice":"Relic","floor":37.0,"gold_loss":0.0,"damage_taken":0.0},{"damage_healed":0.0,"max_hp_gain":0.0,"max_hp_loss":0.0,"gold_gain":0.0,"event_name":"WeMeetAgain","player_choice":"Ignored","floor":48.0,"gold_loss":0.0,"damage_taken":0.0}],"is_beta":false,"boss_relics":[{"not_picked":["Empty Cage","Snecko Eye"],"picked":"Ectoplasm"},{"not_picked":["Fusion Hammer","Busted Crown"],"picked":"Sozu"}],"items_purged_floors":[4,28],"is_endless":false,"potions_floor_spawned":[1,8,11,14,22,23,25,33,36,42],"killed_by":"The Heart","ascension_level":1}}