{"host":"qc8p2flj7wsy3zpg","time":1614099504,"event":{"mods":["BaseMod","Highlight Path","Minty Spire (QoL Compilation)","Monster List Patch","Relic Stats","StSLib"],"gold_per_floor":[119,131,56,36,56,85,85,95,164,180,180,191,207,224,224,295,295,308,308,258,276,294,294,311,311,311,311,311],"floor_reached":27,"language":"ENG","playtime":1389,"items_purged":[],"score":438,"play_id":"cf19e9f1-908e-4505-8d5e-b8a61d444b2e","local_time":"20210223105824","is_ascension_mode":true,"campfire_choices":[{"floor":7.0,"key":"REST"},{"floor":15,"key":"REST"},{"floor":23,"key":"REST"},{"floor":25,"key":"REST"}],"circlet_count":0,"master_deck":["AscendersBane","Strike_G","Defend_G","Defend_G","Defend_G","Defend_G","Defend_G","Survivor","Neutralize","Backflip","Finisher","Terror","Quick Slash","Die Die Die","Leg Sweep+1","Poisoned Stab","Cloak And Dagger+1","Dagger Throw","Envenom","Venomology+1","Venomology+1","Night Terror+1","Cloak And Dagger+1","Dodge and Roll+1","Blade Dance+1","Night Terror+1"],"relics":["Ring of the Snake","StoneCalendar","Toxic Egg 2","Pantograph","Astrolabe","Mercury Hourglass"],"acts_visited":["Exordium","TheCity"],"potions_floor_usage":[14,21,21,21,21,21,22,22,24,24,24,24,27,27,27,27],"damage_taken":[{"damage":5.0,"enemies":"Small Slimes","floor":1.0,"turns":5.0},{"damage":2.0,"enemies":"Jaw Worm","floor":2.0,"turns":5.0},{"damage":0.0,"enemies":"Cultist","floor":5.0,"turns":4.0},{"damage":44.0,"enemies":"Gremlin Nob","floor":6.0,"turns":5.0},{"damage":2.0,"enemies":"Exordium Thugs","floor":8.0,"turns":5.0},{"damage":8.0,"enemies":"Lots of Slimes","floor":10.0,"turns":5.0},{"damage":4.0,"enemies":"Large Slime","floor":12.0,"turns":4.0},{"damage":5.0,"enemies":"3 Louse","floor":13.0,"turns":2.0},{"damage":3,"enemies":"Lots of Slimes","floor":14,"turns":3},{"damage":6,"enemies":"The Guardian","floor":16,"turns":12},{"damage":18,"enemies":"Chosen","floor":18,"turns":7},{"damage":3,"enemies":"Shell Parasite","floor":21,"turns":6},{"damage":1,"enemies":"Centurion and Healer","floor":22,"turns":7},{"damage":40,"enemies":"Cultist and Chosen","floor":24,"turns":7},{"damage":51,"enemies":"Gremlin Leader","floor":27,"turns":6}],"seed_played":"3350947958846866835","potions_obtained":[{"floor":0.0,"key":"DuplicationPotion"},{"floor":0.0,"key":"Weak Potion"},{"floor":4.0,"key":"FearPotion"},{"floor":6.0,"key":"BlessingOfTheForge"},{"floor":10.0,"key":"SkillPotion"},{"floor":18,"key":"CunningPotion"},{"floor":21,"key":"SpeedPotion"}],"is_trial":false,"path_per_floor":["M","M","?","?","M","E","R","M","T","M","T","M","M","M","R","B",null,"M","?","?","M","M","R","M","R","T","E"],"character_chosen":"THE_SILENT","items_purchased":[],"campfire_rested":4,"item_purchase_floors":[],"current_hp_per_floor":[54,52,52,52,52,8,27,25,25,17,17,13,8,5,24,43,60,42,24,24,21,20,41,1,22,22,0,0],"gold":311,"neow_bonus":"THREE_SMALL_POTIONS","is_daily":false,"chose_seed":false,"campfire_upgraded":0,"win_rate":0.0,"timestamp":1614099504,"path_taken":["M","M","?","?","M","E","R","?","T","M","?","M","?","M","R","BOSS","M","?","?","?","M","R","M","R","T","E"],"items_purchased_type":[],"build_version":"2020-12-22","purchased_purges":0,"victory":false,"max_hp_per_floor":[66,66,66,66,66,66,66,66,66,66,66,66,66,66,66,66,66,66,71,71,71,71,71,71,71,71,71,71],"relic_stats":{"counters":[15,83],"Pantograph":25,"Astrolabe":["Venomology","Venomology","Night Terror"],"StoneCalendar":[95],"obtain_stats":[{"Pantograph":11,"Astrolabe":17,"StoneCalendar":6,"Toxic Egg 2":9,"Ring of the Snake":0,"Mercury Hourglass":26},{"Pantograph":6,"Astrolabe":10,"StoneCalendar":4,"Toxic Egg 2":5,"Ring of the Snake":0,"Mercury Hourglass":14},{"Pantograph":29,"Astrolabe":50,"StoneCalendar":19,"Toxic Egg 2":24,"Ring of the Snake":0,"Mercury Hourglass":77}],"Ring of the Snake":[30],"Mercury Hourglass":[36]},"card_choices":[{"not_picked":["Tactician","Caltrops"],"picked":"Backflip","floor":1.0},{"not_picked":["Flechettes","Dodge and Roll"],"picked":"Finisher","floor":2.0},{"not_picked":["Eviscerate","Accuracy"],"picked":"Terror","floor":5.0},{"not_picked":["Blur","Caltrops"],"picked":"Quick Slash","floor":6.0},{"not_picked":["Terror","Underhanded Strike"],"picked":"Die Die Die","floor":8.0},{"not_picked":["PiercingWail+1","Underhanded Strike"],"picked":"Leg Sweep+1","floor":10.0},{"not_picked":["Terror+1","Flying Knee"],"picked":"Poisoned Stab","floor":12.0},{"not_picked":["Acrobatics+1","Dodge and Roll+1"],"picked":"Cloak And Dagger+1","floor":13.0},{"not_picked":["Endless Agony","Terror+1"],"picked":"Dagger Throw","floor":14},{"not_picked":["Grand Finale","Tools of the Trade"],"picked":"Envenom","floor":16},{"not_picked":["Deadly Poison+1","Choke"],"picked":"Cloak And Dagger+1","floor":18},{"not_picked":["Footwork","Terror+1"],"picked":"Dodge and Roll+1","floor":21},{"not_picked":["PiercingWail+1","Heel Hook"],"picked":"Blade Dance+1","floor":22},{"not_picked":["Calculated Gamble+1","Dodge and Roll+1"],"picked":"Night Terror+1","floor":24}],"player_experience":2421302,"relics_obtained":[{"floor":6.0,"key":"StoneCalendar"},{"floor":9.0,"key":"Toxic Egg 2"},{"floor":11.0,"key":"Pantograph"},{"floor":26,"key":"Mercury Hourglass"}],"event_choices":[{"cards_removed":["Strike_G"],"damage_healed":0.0,"max_hp_gain":0.0,"max_hp_loss":0.0,"gold_gain":0.0,"event_name":"The Cleric","player_choice":"Card Removal","floor":3.0,"gold_loss":75.0,"damage_taken":0.0},{"damage_healed":0.0,"max_hp_gain":0.0,"max_hp_loss":0.0,"gold_gain":0.0,"event_name":"The Woman in Blue","player_choice":"Bought 1 Potion","floor":4.0,"gold_loss":0.0,"damage_taken":0.0},{"damage_healed":0,"gold_gain":0,"player_choice":"Shed Blood","damage_taken":23,"max_hp_gain":5,"max_hp_loss":0,"event_name":"Forgotten Altar","floor":19,"gold_loss":0},{"damage_healed":0,"gold_gain":0,"player_choice":"Bet on Owner","damage_taken":0,"max_hp_gain":0,"max_hp_loss":0,"event_name":"The Joust","floor":20,"gold_loss":50}],"is_beta":false,"boss_relics":[{"not_picked":["SacredBark","Empty Cage"],"picked":"Astrolabe"}],"items_purged_floors":[],"is_endless":false,"potions_floor_spawned":[5,6,8,10,18,21],"killed_by":"Gremlin Leader","ascension_level":20}}