{"host":"k919bq8mkuzdqhzi","time":1614049166,"event":{"mods":["AchievementEnabler","BaseMod","Colored Map","Colored Powertips","DeckTracker","Minty Spire (QoL Compilation)","Relic Sorter","SuperFastMode"],"gold_per_floor":[110,87,102,115,115,115,134,134,134,144,173,173,61,61,61,187,187,203,226,241,241,241],"floor_reached":21,"language":"ENG","playtime":1045,"items_purged":["Strike_P"],"score":206,"play_id":"4943f49a-0e92-4ac1-b1dd-860f6d50f2de","local_time":"20210222215926","is_ascension_mode":false,"campfire_choices":[{"data":"Wish","floor":6,"key":"SMITH"},{"data":"Crescendo","floor":8,"key":"SMITH"},{"data":"SignatureMove","floor":15,"key":"SMITH"}],"circlet_count":0,"master_deck":["Strike_P","Strike_P","Strike_P","Defend_P","Defend_P","Defend_P","Defend_P","Eruption+1","Vigilance","Wish+1","Crescendo+1","CutThroughFate","SashWhip","Protect","Halt","SignatureMove+1","WaveOfTheHand","DeusExMachina","EmptyBody+1","ThirdEye","ForeignInfluence"],"relics":["PureWater","Omamori","Sundial","Golden Idol","SlaversCollar"],"acts_visited":["Exordium","TheCity"],"potions_floor_usage":[11],"damage_taken":[{"damage":4,"enemies":"Jaw Worm","floor":1,"turns":5},{"damage":2,"enemies":"Small Slimes","floor":3,"turns":4},{"damage":9,"enemies":"2 Louse","floor":4,"turns":2},{"damage":4,"enemies":"Looter","floor":7,"turns":3},{"damage":11,"enemies":"Blue Slaver","floor":10,"turns":5},{"damage":0,"enemies":"Gremlin Nob","floor":11,"turns":3},{"damage":14,"enemies":"Slime Boss","floor":16,"turns":5},{"damage":13,"enemies":"Shell Parasite","floor":18,"turns":5},{"damage":0,"enemies":"Chosen","floor":19,"turns":4},{"damage":17,"enemies":"Snecko","floor":20,"turns":5},{"damage":43,"enemies":"Cultist and Chosen","floor":21,"turns":6}],"seed_played":"-5970151358908728932","potions_obtained":[{"floor":1,"key":"SkillPotion"},{"floor":20,"key":"SpeedPotion"}],"is_trial":false,"path_per_floor":["M","?","M","M","?","R","M","R","T","M","E","?","$","?","R","B",null,"M","M","M","M"],"character_chosen":"WATCHER","items_purchased":["WaveOfTheHand"],"campfire_rested":0,"item_purchase_floors":[13],"current_hp_per_floor":[68,68,66,57,57,57,53,53,53,42,42,66,66,66,66,52,72,59,59,42,0,0],"gold":241,"neow_bonus":"ONE_RANDOM_RARE_CARD","is_daily":false,"chose_seed":false,"campfire_upgraded":3,"win_rate":0.0,"timestamp":1614049166,"path_taken":["M","?","M","M","?","R","M","R","T","M","E","?","$","?","R","BOSS","M","M","M","M"],"items_purchased_type":["Card"],"build_version":"2020-12-22","purchased_purges":1,"victory":false,"max_hp_per_floor":[72,72,72,72,72,72,72,72,72,72,72,72,72,72,72,72,72,72,72,72,72,72],"card_choices":[{"not_picked":["Wallop","FearNoEvil"],"picked":"Crescendo","floor":1},{"not_picked":["Prostrate","JustLucky"],"picked":"CutThroughFate","floor":3},{"not_picked":["FlyingSleeves","Crescendo"],"picked":"SashWhip","floor":4},{"not_picked":["CrushJoints","SashWhip"],"picked":"Protect","floor":7},{"not_picked":["PathToVictory","Collect"],"picked":"Halt","floor":10},{"not_picked":["Evaluate","Weave"],"picked":"SignatureMove","floor":11},{"not_picked":["Omniscience","Ragnarok"],"picked":"DeusExMachina","floor":16},{"not_picked":["WheelKick","ThirdEye"],"picked":"EmptyBody+1","floor":18},{"not_picked":["EmptyMind","Protect"],"picked":"ThirdEye","floor":19},{"not_picked":["FearNoEvil","Weave+1"],"picked":"ForeignInfluence","floor":20}],"player_experience":176611,"relics_obtained":[{"floor":9,"key":"Omamori"},{"floor":11,"key":"Sundial"}],"event_choices":[{"damage_healed":0,"gold_gain":0,"player_choice":"Left Gold","damage_taken":0,"max_hp_gain":0,"max_hp_loss":0,"event_name":"World of Goop","floor":2,"gold_loss":23},{"damage_healed":0,"gold_gain":0,"player_choice":"Grow","damage_taken":0,"max_hp_gain":0,"max_hp_loss":0,"event_name":"Living Wall","floor":5,"gold_loss":0,"cards_upgraded":["Eruption"]},{"damage_healed":24,"gold_gain":0,"player_choice":"Banana","damage_taken":0,"max_hp_gain":0,"max_hp_loss":0,"event_name":"Big Fish","floor":12,"gold_loss":0},{"damage_healed":0,"gold_gain":0,"player_choice":"Take Wound","damage_taken":0,"relics_obtained":["Golden Idol"],"max_hp_gain":0,"max_hp_loss":0,"event_name":"Golden Idol","floor":14,"gold_loss":0,"cards_obtained":["Injury"]}],"is_beta":false,"boss_relics":[{"not_picked":["Empty Cage","Runic Pyramid"],"picked":"SlaversCollar"}],"items_purged_floors":[13],"is_endless":false,"potions_floor_spawned":[1,20],"killed_by":"Cultist and Chosen","ascension_level":0}}