{"host":"prxrhpgaxnj4om9r","time":1614070051,"event":{"mods":["AchievementEnabler","BaseMod","Colored Map","DeckTracker","Minty Spire (QoL Compilation)"],"gold_per_floor":[111,63,63,26,26,64,64,64,110,131,150,194,217,232,232,356,356,372,467,530,530,530],"floor_reached":21,"language":"KOR","playtime":942,"items_purged":[],"score":278,"play_id":"ab773b22-f260-443a-87bf-92b87849b266","local_time":"20210223174731","is_ascension_mode":true,"campfire_choices":[{"floor":7,"key":"REST"},{"data":"Distraction","floor":15,"key":"SMITH"}],"circlet_count":0,"master_deck":["Strike_G","Strike_G","Strike_G","Strike_G","Strike_G","Defend_G","Defend_G","Defend_G","Defend_G","Survivor","Neutralize","Backflip","Dagger Spray","Footwork","Deflect","Distraction+1","Leg Sweep","Deadly Poison","Sucker Punch","Cloak And Dagger","Envenom","Flying Knee+1","Dash"],"relics":["Ring of the Snake","NeowsBlessing","Golden Idol","Tingsha","SsserpentHead","Nunchaku","Matryoshka","SlaversCollar","Vajra","Boot"],"acts_visited":["Exordium","TheCity"],"potions_floor_usage":[16,16,20,21],"damage_taken":[{"damage":0,"enemies":"Jaw Worm","floor":1,"turns":1},{"damage":0,"enemies":"Lagavulin","floor":6,"turns":1},{"damage":0,"enemies":"Cultist","floor":10,"turns":1},{"damage":0,"enemies":"2 Louse","floor":11,"turns":3},{"damage":3,"enemies":"3 Sentries","floor":12,"turns":6},{"damage":0,"enemies":"2 Fungi Beasts","floor":13,"turns":3},{"damage":14,"enemies":"Red Slaver","floor":14,"turns":4},{"damage":23,"enemies":"Hexaghost","floor":16,"turns":12},{"damage":8,"enemies":"3 Byrds","floor":18,"turns":8},{"damage":22,"enemies":"Spheric Guardian","floor":20,"turns":6},{"damage":31,"enemies":"Centurion and Healer","floor":21,"turns":5}],"seed_played":"-3977840420616729582","potions_obtained":[{"floor":6,"key":"ColorlessPotion"},{"floor":11,"key":"Weak Potion"},{"floor":14,"key":"SkillPotion"},{"floor":20,"key":"LiquidBronze"}],"is_trial":false,"path_per_floor":["M","$","?","$","?","E","R","?","T","M","M","E","M","M","R","B",null,"M","T","M","M"],"character_chosen":"THE_SILENT","items_purchased":["Dagger Spray","Footwork"],"campfire_rested":1,"item_purchase_floors":[2,4],"current_hp_per_floor":[63,63,63,63,46,46,67,67,67,67,67,64,64,50,50,27,59,51,51,29,0,0],"gold":530,"neow_bonus":"THREE_ENEMY_KILL","is_daily":false,"chose_seed":false,"campfire_upgraded":1,"win_rate":0.0,"timestamp":1614070051,"path_taken":["M","$","?","?","?","E","R","?","T","M","M","E","M","M","R","BOSS","M","?","?","M"],"items_purchased_type":["Card","Card"],"build_version":"2020-12-22","purchased_purges":0,"victory":false,"max_hp_per_floor":[70,70,70,70,70,70,70,70,70,70,70,70,70,70,70,70,70,70,70,70,70,70],"card_choices":[{"not_picked":["Poisoned Stab","Dodge and Roll"],"picked":"Backflip","floor":1},{"not_picked":["Flechettes","Prepared"],"picked":"Deflect","floor":6},{"not_picked":["Outmaneuver","Deadly Poison"],"picked":"Distraction","floor":10},{"not_picked":["Underhanded Strike","Poisoned Stab"],"picked":"Leg Sweep","floor":11},{"not_picked":["Dagger Spray","Acrobatics"],"picked":"Deadly Poison","floor":12},{"not_picked":["Infinite Blades","Tactician"],"picked":"Sucker Punch","floor":13},{"not_picked":["Catalyst","Endless Agony"],"picked":"Cloak And Dagger","floor":14},{"not_picked":["Tools of the Trade","Unload"],"picked":"Envenom","floor":16},{"not_picked":["Dodge and Roll","Cloak And Dagger"],"picked":"Flying Knee+1","floor":18},{"not_picked":["Footwork","Quick Slash"],"picked":"Dash","floor":20}],"player_experience":608867,"relics_obtained":[{"floor":6,"key":"Tingsha"},{"floor":9,"key":"Nunchaku"},{"floor":12,"key":"Matryoshka"},{"floor":19,"key":"Vajra"},{"floor":19,"key":"Boot"}],"event_choices":[{"cards_removed":["Defend_G"],"damage_healed":0,"gold_gain":0,"player_choice":"Offered Basic","damage_taken":0,"max_hp_gain":0,"max_hp_loss":0,"event_name":"Bonfire Elementals","floor":3,"gold_loss":0},{"damage_healed":0,"gold_gain":0,"player_choice":"Take Damage","damage_taken":17,"relics_obtained":["Golden Idol"],"max_hp_gain":0,"max_hp_loss":0,"event_name":"Golden Idol","floor":5,"gold_loss":0},{"damage_healed":0,"gold_gain":0,"player_choice":"Trade","damage_taken":0,"relics_obtained":["SsserpentHead"],"max_hp_gain":0,"max_hp_loss":0,"event_name":"FaceTrader","floor":8,"gold_loss":0}],"is_beta":false,"boss_relics":[{"not_picked":["SacredBark","WristBlade"],"picked":"SlaversCollar"}],"items_purged_floors":[],"is_endless":false,"potions_floor_spawned":[6,11,14,20],"killed_by":"Centurion and Healer","ascension_level":6}}