{"host":"jruzzdd1waq9u00d","time":1614097260,"event":{"mods":["BaseMod","Colored Map","Colored Powertips","DeckTracker","KOR Keyword Fix","Minty Spire (QoL Compilation)","Permanent Neow","Quick Restart","Relic Stats","StSLib","SuperFastMode"],"gold_per_floor":[113,124,124,141,159,189,189,201,224,224,59,89,89,107,107,184,184,199,199,114,127,137,137,62,62,62],"floor_reached":25,"language":"KOR","playtime":1046,"items_purged":["Strike_R+1"],"score":426,"play_id":"5c331da4-d430-428e-b7b1-3c3e141dc6c1","local_time":"20210224012100","is_ascension_mode":true,"campfire_choices":[{"floor":10,"key":"REST"},{"floor":13,"key":"REST"},{"data":"Carnage","floor":15,"key":"SMITH"},{"data":"Barricade","floor":23,"key":"SMITH"}],"circlet_count":0,"master_deck":["AscendersBane","Strike_R+1","Strike_R+1","Strike_R+1","Defend_R+1","Defend_R+1","Defend_R+1","Defend_R+1","Bash","Shockwave","Flex","Blood for Blood","Blood for Blood","Feel No Pain","Carnage+1","Reaper","Feel No Pain","Barricade+1","Warcry+1"],"relics":["Burning Blood","Lantern","Boot","War Paint","Bag of Preparation","TheAbacus","Sundial","SlaversCollar","Centennial Puzzle"],"acts_visited":["Exordium","TheCity"],"potions_floor_usage":[8,12,22],"damage_taken":[{"damage":7.0,"enemies":"Jaw Worm","floor":1.0,"turns":3.0},{"damage":12.0,"enemies":"2 Louse","floor":2.0,"turns":4.0},{"damage":5.0,"enemies":"Small Slimes","floor":4.0,"turns":5.0},{"damage":9.0,"enemies":"Exordium Wildlife","floor":5.0,"turns":4.0},{"damage":52.0,"enemies":"Gremlin Nob","floor":6.0,"turns":5.0},{"damage":6,"enemies":"Lots of Slimes","floor":8,"turns":4},{"damage":30,"enemies":"Lagavulin","floor":12,"turns":6},{"damage":7,"enemies":"Large Slime","floor":14,"turns":5},{"damage":69,"enemies":"The Guardian","floor":16,"turns":12},{"damage":28,"enemies":"Chosen","floor":18,"turns":8},{"damage":20,"enemies":"Shell Parasite","floor":21,"turns":7},{"damage":21,"enemies":"Centurion and Healer","floor":22,"turns":8},{"damage":53,"enemies":"Slavers","floor":25,"turns":4}],"seed_played":"-4679673363265863151","potions_obtained":[{"floor":2.0,"key":"Energy Potion"},{"floor":6.0,"key":"ColorlessPotion"},{"floor":8,"key":"FairyPotion"},{"floor":12,"key":"FairyPotion"},{"floor":21,"key":"Weak Potion"}],"is_trial":false,"path_per_floor":["M","M","?","M","M","E","T","M","T","R","$","E","R","M","R","B",null,"M","?","?","M","M","R","$","E"],"character_chosen":"IRONCLAD","items_purchased":["TheAbacus"],"campfire_rested":2,"item_purchase_floors":[11],"current_hp_per_floor":[67,61,61,62,59,13,13,13,13,35,35,11,33,38,38,28,63,41,41,41,33,30,30,30,0,0],"gold":62,"neow_bonus":"RANDOM_COMMON_RELIC","is_daily":false,"chose_seed":false,"campfire_upgraded":2,"win_rate":0.0,"timestamp":1614097260,"path_taken":["M","M","?","M","M","E","?","M","T","R","?","E","R","M","R","BOSS","M","?","?","M","?","R","$","E"],"items_purchased_type":["Relic"],"build_version":"2020-12-22","purchased_purges":1,"victory":false,"max_hp_per_floor":[75,75,75,75,75,75,75,75,75,75,75,75,75,75,75,75,75,75,75,75,75,75,75,75,75,75],"relic_stats":{"Centennial Puzzle":[9],"TheAbacus":[90],"counters":[13,75],"Sundial":[8],"Bag of Preparation":[14],"War Paint":["Defend_R","Defend_R"],"Boot":[12],"obtain_stats":[{"SlaversCollar":17,"Lantern":0,"Centennial Puzzle":20,"TheAbacus":11,"Sundial":12,"Bag of Preparation":9,"War Paint":7,"Boot":6,"Burning Blood":0},{"SlaversCollar":9,"Lantern":0,"Centennial Puzzle":10,"TheAbacus":6,"Sundial":7,"Bag of Preparation":6,"War Paint":5,"Boot":5,"Burning Blood":0},{"SlaversCollar":48,"Lantern":0,"Centennial Puzzle":56,"TheAbacus":25,"Sundial":31,"Bag of Preparation":25,"War Paint":21,"Boot":21,"Burning Blood":0}],"Burning Blood":72},"card_choices":[{"not_picked":["True Grit","Body Slam"],"picked":"Shockwave","floor":1.0},{"not_picked":["Havoc","Pummel","Reckless Charge"],"picked":"SKIP","floor":2.0},{"not_picked":["Spot Weakness","Headbutt"],"picked":"Blood for Blood","floor":4.0},{"not_picked":["Warcry","Havoc","Blood for Blood"],"picked":"SKIP","floor":5.0},{"not_picked":["Warcry","Havoc","Blood for Blood"],"picked":"SKIP","floor":5.0},{"not_picked":["Warcry","Havoc"],"picked":"Blood for Blood","floor":5.0},{"not_picked":["Double Tap","Shrug It Off"],"picked":"Feel No Pain","floor":6.0},{"not_picked":["Clash","Hemokinesis"],"picked":"Carnage","floor":8},{"not_picked":["Limit Break","Seeing Red"],"picked":"Reaper","floor":12},{"not_picked":["Body Slam","Spot Weakness"],"picked":"Feel No Pain","floor":14},{"not_picked":["Fiend Fire","Juggernaut"],"picked":"Barricade","floor":16},{"not_picked":["Bloodletting","Twin Strike","Rage+1"],"picked":"SKIP","floor":18},{"not_picked":["Flame Barrier","True Grit","Hemokinesis"],"picked":"SKIP","floor":21},{"not_picked":["Headbutt","Searing Blow"],"picked":"Warcry+1","floor":22}],"player_experience":415403,"relics_obtained":[{"floor":6.0,"key":"Boot"},{"floor":7.0,"key":"War Paint"},{"floor":9,"key":"Bag of Preparation"},{"floor":12,"key":"Sundial"}],"event_choices":[{"damage_healed":0.0,"max_hp_gain":0.0,"max_hp_loss":0.0,"gold_gain":0.0,"cards_transformed":["Strike_R"],"event_name":"Living Wall","player_choice":"Change","floor":3.0,"gold_loss":0.0,"damage_taken":0.0,"cards_obtained":["Flex"]},{"damage_healed":0,"gold_gain":0,"player_choice":"Simplicity","damage_taken":0,"max_hp_gain":0,"max_hp_loss":0,"event_name":"Back to Basics","floor":19,"gold_loss":0,"cards_upgraded":["Strike_R","Strike_R","Strike_R","Strike_R","Defend_R","Defend_R"]},{"damage_healed":0,"gold_gain":0,"player_choice":"Obtained Relic","damage_taken":0,"relics_obtained":["Centennial Puzzle"],"max_hp_gain":0,"max_hp_loss":0,"event_name":"Addict","floor":20,"gold_loss":85}],"is_beta":false,"boss_relics":[{"not_picked":["Velvet Choker","Tiny House"],"picked":"SlaversCollar"}],"items_purged_floors":[24],"is_endless":false,"potions_floor_spawned":[2,6,8,12,21],"killed_by":"Slavers","ascension_level":20}}