{"host":"jngeqill3bw7azzz","time":1614121603,"event":{"mods":["BaseMod","Highlight Path","Minty Spire (QoL Compilation)","Permanent Neow","Relic Stats"],"gold_per_floor":[115,129,139,154,171,171,171,182,209,242,242,273,293,325,325,399,399,418,418,491,174,144,144,157,190,190,32,32,67,67,80,80,80,80],"floor_reached":33,"language":"ENG","playtime":2489,"items_purged":["Strike_R","Strike_R"],"score":664,"play_id":"650ee4be-3400-44c0-8ae5-c292d952eec1","local_time":"20210223180643","is_ascension_mode":true,"campfire_choices":[{"data":"Carnage","floor":6,"key":"SMITH"},{"data":"Bash","floor":11,"key":"SMITH"},{"data":"Shockwave","floor":15,"key":"SMITH"},{"data":"Barricade","floor":23,"key":"SMITH"},{"data":"Armaments","floor":28,"key":"SMITH"},{"data":"True Grit","floor":30,"key":"SMITH"},{"data":"Power Through","floor":32,"key":"SMITH"}],"circlet_count":0,"master_deck":["AscendersBane","Strike_R","Strike_R","Strike_R","Defend_R+1","Defend_R+1","Defend_R","Defend_R","Bash+1","Clothesline","Thunderclap","Ghostly Armor","Carnage+1","Shrug It Off","Barricade+1","Shockwave+1","Ghostly Armor","Reaper","Power Through+1","Power Through+1","Shrug It Off","True Grit+1","Armaments+1"],"relics":["Burning Blood","Turnip","War Paint","Oddly Smooth Stone","Potion Belt","Runic Dome","Mercury Hourglass","Membership Card","Lantern","Bronze Scales","Matryoshka","Bag of Preparation","Meat on the Bone"],"acts_visited":["Exordium","TheCity"],"potions_floor_usage":[10,12,16,18,29,33,33],"damage_taken":[{"damage":2,"enemies":"Cultist","floor":1,"turns":4},{"damage":7,"enemies":"Small Slimes","floor":2,"turns":4},{"damage":2,"enemies":"Jaw Worm","floor":3,"turns":5},{"damage":7,"enemies":"Exordium Wildlife","floor":4,"turns":4},{"damage":7,"enemies":"3 Louse","floor":5,"turns":4},{"damage":4,"enemies":"Blue Slaver","floor":8,"turns":3},{"damage":9,"enemies":"3 Sentries","floor":10,"turns":9},{"damage":12,"enemies":"Lagavulin","floor":12,"turns":5},{"damage":0,"enemies":"2 Fungi Beasts","floor":13,"turns":2},{"damage":23,"enemies":"3 Sentries","floor":14,"turns":10},{"damage":6,"enemies":"The Guardian","floor":16,"turns":15},{"damage":25,"enemies":"Chosen","floor":18,"turns":5},{"damage":3,"enemies":"2 Thieves","floor":22,"turns":4},{"damage":0,"enemies":"Centurion and Healer","floor":24,"turns":12},{"damage":23,"enemies":"Gremlin Leader","floor":25,"turns":10},{"damage":0,"enemies":"Book of Stabbing","floor":29,"turns":5},{"damage":23,"enemies":"3 Cultists","floor":31,"turns":6},{"damage":93,"enemies":"Automaton","floor":33,"turns":18}],"seed_played":"3484745401126164534","potions_obtained":[{"floor":2,"key":"BlessingOfTheForge"},{"floor":4,"key":"PowerPotion"},{"floor":7,"key":"BloodPotion"},{"floor":10,"key":"Fire Potion"},{"floor":14,"key":"Weak Potion"},{"floor":16,"key":"BlessingOfTheForge"},{"floor":22,"key":"BlessingOfTheForge"},{"floor":25,"key":"PowerPotion"},{"floor":29,"key":"BlessingOfTheForge"}],"is_trial":false,"path_per_floor":["M","M","M","M","M","R","?","M","T","E","R","E","M","E","R","B",null,"M","?","T","$","M","R","M","E","T","$","R","E","R","M","R","B"],"character_chosen":"IRONCLAD","items_purchased":["Membership Card","Lantern","Shrug It Off","Bag of Preparation","Armaments"],"campfire_rested":0,"item_purchase_floors":[21,21,21,27,27],"current_hp_per_floor":[54,53,57,56,55,55,55,57,57,54,54,48,54,37,37,37,66,47,47,47,47,58,58,75,70,70,70,70,75,75,58,58,0,0],"gold":80,"neow_bonus":"ONE_RARE_RELIC","is_daily":false,"chose_seed":false,"campfire_upgraded":7,"win_rate":0.0,"timestamp":1614121603,"path_taken":["M","?","M","M","M","R","?","M","T","E","R","E","?","E","R","BOSS","M","?","?","$","M","R","?","E","T","$","R","E","R","M","R","BOSS"],"items_purchased_type":["Relic","Relic","Card","Relic","Card"],"build_version":"2020-12-22","purchased_purges":2,"victory":false,"max_hp_per_floor":[75,75,75,75,75,75,75,75,75,75,75,75,75,75,75,75,75,75,75,75,75,75,75,75,75,75,75,75,75,75,75,75,75,75],"relic_stats":{"counters":[18,125],"Bronze Scales":[114],"Turnip":[8],"Bag of Preparation":[6],"War Paint":["Defend_R","Defend_R"],"obtain_stats":[{"Potion Belt":14,"Lantern":21,"Oddly Smooth Stone":12,"Bag of Preparation":27,"War Paint":9,"Burning Blood":0,"Mercury Hourglass":20,"Runic Dome":17,"Matryoshka":26,"Bronze Scales":25,"Turnip":0,"Membership Card":21,"Meat on the Bone":29},{"Potion Belt":10,"Lantern":12,"Oddly Smooth Stone":8,"Bag of Preparation":15,"War Paint":6,"Burning Blood":0,"Mercury Hourglass":12,"Runic Dome":11,"Matryoshka":15,"Bronze Scales":15,"Turnip":0,"Membership Card":12,"Meat on the Bone":16},{"Potion Belt":50,"Lantern":70,"Oddly Smooth Stone":38,"Bag of Preparation":96,"War Paint":24,"Burning Blood":0,"Mercury Hourglass":70,"Runic Dome":65,"Matryoshka":96,"Bronze Scales":96,"Turnip":0,"Membership Card":70,"Meat on the Bone":101}],"Burning Blood":100,"Mercury Hourglass":[218],"Meat on the Bone":0},"card_choices":[{"not_picked":["Ghostly Armor","Heavy Blade"],"picked":"Clothesline","floor":1},{"not_picked":["Body Slam","Heavy Blade"],"picked":"Thunderclap","floor":2},{"not_picked":["Body Slam","Wild Strike"],"picked":"Ghostly Armor","floor":3},{"not_picked":["Havoc","Inflame"],"picked":"Carnage","floor":4},{"not_picked":["Pummel","Wild Strike","Sword Boomerang"],"picked":"SKIP","floor":5},{"not_picked":["Pommel Strike","Carnage"],"picked":"Shrug It Off","floor":8},{"not_picked":["Rupture","Dark Embrace"],"picked":"Barricade","floor":10},{"not_picked":["Evolve","Clash"],"picked":"Shockwave","floor":12},{"not_picked":["Anger","Shockwave","Reckless Charge"],"picked":"SKIP","floor":13},{"not_picked":["Fire Breathing","Intimidate"],"picked":"Ghostly Armor","floor":14},{"not_picked":["Exhume","Brutality"],"picked":"Reaper","floor":16},{"not_picked":["Seeing Red+1","Pommel Strike"],"picked":"Power Through+1","floor":18},{"not_picked":["Wild Strike","Bloodletting"],"picked":"True Grit","floor":22},{"not_picked":["Cleave","Shockwave","Hemokinesis"],"picked":"SKIP","floor":24},{"not_picked":["Shrug It Off","Spot Weakness","Carnage"],"picked":"SKIP","floor":25},{"not_picked":["Dark Embrace","Rupture","Armaments"],"picked":"SKIP","floor":29},{"not_picked":["Havoc","Warcry","True Grit"],"picked":"SKIP","floor":31}],"player_experience":2695099,"relics_obtained":[{"floor":9,"key":"War Paint"},{"floor":12,"key":"Oddly Smooth Stone"},{"floor":14,"key":"Potion Belt"},{"floor":20,"key":"Mercury Hourglass"},{"floor":25,"key":"Bronze Scales"},{"floor":26,"key":"Matryoshka"},{"floor":29,"key":"Meat on the Bone"}],"event_choices":[{"damage_healed":0,"gold_gain":0,"player_choice":"Got Potions","damage_taken":0,"max_hp_gain":0,"max_hp_loss":0,"event_name":"Lab","floor":7,"gold_loss":0},{"damage_healed":0,"gold_gain":0,"player_choice":"Read","damage_taken":0,"max_hp_gain":0,"max_hp_loss":0,"event_name":"The Library","floor":19,"gold_loss":0,"cards_obtained":["Power Through"]}],"is_beta":false,"boss_relics":[{"not_picked":["Fusion Hammer","Pandora\u0027s Box"],"picked":"Runic Dome"}],"items_purged_floors":[21,27],"is_endless":false,"potions_floor_spawned":[2,4,5,10,14,16,22,25,29],"killed_by":"Automaton","ascension_level":20}}