{"host":"ya062ahhhuj9au1o","time":1614040860,"event":{"mods":["BaseMod","Better Third Choice","Downfall","Filter the Spire","Hermit","Minty Spire (QoL Compilation)","Random Character Button","Robot Space Explorer","Somnambulant","StSLib","The Bug Knight","The Cursed","The Marked","The Servant 0.9.4"],"gold_per_floor":[369,380,330,13,13,13,13,13,38,63,16,16,33,66,66,161,161,181,181,181,181,181,191,191,224,224,234,234,254,264,13,13,113,113,126,0,0,50,65,65,65,65,141,188,188,205,228,85,85,85,85],"floor_reached":50,"language":"ENG","playtime":2626,"items_purged":["somnambulantmod: Reject","somnambulantmod: Defend_Somnambulant"],"score":741,"play_id":"8b5c3c4c-b4e1-47a1-bf25-14fadc26e063","local_time":"20210222194100","is_ascension_mode":true,"campfire_choices":[{"floor":6.0,"key":"REST"},{"floor":8.0,"key":"REST"},{"floor":12.0,"key":"REST"},{"floor":15.0,"key":"REST"},{"floor":24.0,"key":"REST"},{"floor":28.0,"key":"REST"},{"floor":32,"key":"REST"},{"floor":40,"key":"REST"},{"floor":41,"key":"REST"},{"floor":42,"key":"REST"},{"floor":45,"key":"REST"},{"floor":49,"key":"REST"}],"circlet_count":0,"master_deck":["AscendersBane","somnambulantmod: Defend_Somnambulant+1","somnambulantmod: Defend_Somnambulant+1","somnambulantmod: QuickNap+1","somnambulantmod: PrimingPunch+1","somnambulantmod: Stimulus+1","Trip+1","somnambulantmod: Harden+1","somnambulantmod: BadIdea+1","somnambulantmod: HappyThoughts+1","somnambulantmod: LostMind+1","somnambulantmod: HeadSmack+1","somnambulantmod: DarkeningMind+1","somnambulantmod: Sleepyhead+1","Slimebound:Tackle+1","Slimebound:Tackle+1","Slimebound:Tackle+1","somnambulantmod: Blink+1","somnambulantmod: SleepingBody+1","somnambulantmod: Refracture+1","somnambulantmod: Trauma+1"],"relics":["somnambulantmod: DreamJournal","somnambulantmod: DementingVeil","Blue Candle","Art of War","Orichalcum","Astrolabe","Centennial Puzzle","Incense Burner","Guardian:PocketSentry","Whetstone","Fusion Hammer","Red Mask","WingedGreaves","White Beast Statue","Shovel","MealTicket","Bag of Preparation"],"acts_visited":["Exordium","TheCity","TheBeyond"],"potions_floor_usage":[],"damage_taken":[{"damage":4.0,"enemies":"Cultist","floor":1.0,"turns":5.0},{"damage":0.0,"enemies":"2 Louse","floor":2.0,"turns":3.0},{"damage":44.0,"enemies":"3 Sentries","floor":10.0,"turns":11.0},{"damage":0.0,"enemies":"Jaw Worm","floor":13.0,"turns":3.0},{"damage":3.0,"enemies":"HollowMod:MossKnight","floor":14.0,"turns":5.0},{"damage":35.0,"enemies":"Hexaghost","floor":16.0,"turns":8.0},{"damage":26.0,"enemies":"2 Thieves","floor":18.0,"turns":4.0},{"damage":11.0,"enemies":"Chosen","floor":23.0,"turns":3.0},{"damage":31.0,"enemies":"Book of Stabbing","floor":25.0,"turns":4.0},{"damage":9.0,"enemies":"Centurion and Healer","floor":27.0,"turns":5.0},{"damage":4,"enemies":"Snake Plant","floor":29,"turns":2},{"damage":15,"enemies":"3 Cultists","floor":30,"turns":4},{"damage":11,"enemies":"Collector","floor":33,"turns":6},{"damage":7,"enemies":"3 Shapes","floor":35,"turns":4},{"damage":28,"enemies":"Mind Bloom Boss Battle","floor":38,"turns":5},{"damage":38,"enemies":"3 Darklings","floor":39,"turns":4},{"damage":86,"enemies":"2 Orb Walkers","floor":44,"turns":6},{"damage":32,"enemies":"Spire Growth","floor":46,"turns":5},{"damage":59,"enemies":"Time Eater","floor":50,"turns":6}],"seed_played":"2359986358248254747","potions_obtained":[{"floor":1.0,"key":"Dexterity Potion"},{"floor":13.0,"key":"SmokeBomb"},{"floor":14.0,"key":"DuplicationPotion"},{"floor":18.0,"key":"Explosive Potion"},{"floor":30,"key":"SteroidPotion"},{"floor":33,"key":"LiquidMemories"}],"is_trial":false,"path_per_floor":["M","M","?","$","?","R","?","R","T","E","$","R","M","E","R","B",null,"M","?","?","?","?","M","R","E","T","M","R","M","M","$","R","B",null,"M","?","$","?","M","R","R","R","T","?","R","M","T","$","R","B"],"character_chosen":"THE_SOMNAMBULANT","items_purchased":["Trip","somnambulantmod: DementingVeil","somnambulantmod: Harden","Whetstone","Bag of Preparation"],"campfire_rested":12,"item_purchase_floors":[4,4,11,31,48],"current_hp_per_floor":[41,41,41,41,36,59,59,74,74,30,30,54,54,51,75,40,69,43,43,28,55,55,44,70,39,39,30,57,53,38,38,66,55,81,74,74,74,46,8,36,65,94,94,8,38,6,6,21,52,0,0],"gold":85,"neow_bonus":"TWO_FIFTY_GOLD","is_daily":false,"chose_seed":false,"campfire_upgraded":0,"win_rate":0.0,"timestamp":1614040860,"path_taken":["M","?","?","$","?","R","?","R","T","E","?","R","M","E","R","BOSS","M","?","?","?","?","M","R","E","T","M","R","M","M","$","R","BOSS","M","?","$","?","M","R","R","R","T","?","R","M","?","$","R","BOSS"],"items_purchased_type":["Card","Relic","Card","Relic","Relic"],"build_version":"2020-12-22","purchased_purges":2,"victory":false,"max_hp_per_floor":[70,70,70,70,70,72,72,74,74,74,74,76,76,76,78,78,78,78,78,83,83,83,83,85,85,85,85,87,87,87,87,89,89,89,89,89,89,89,89,91,93,95,95,95,97,97,97,97,99,99,99],"card_choices":[{"not_picked":["somnambulantmod: LayeredDefense","somnambulantmod: ViralIdea"],"picked":"somnambulantmod: Stimulus","floor":1.0},{"not_picked":["somnambulantmod: BadIdea","somnambulantmod: Harden"],"picked":"somnambulantmod: Reject","floor":2.0},{"not_picked":["somnambulantmod: Reject","somnambulantmod: PourItOut","somnambulantmod: Relive"],"picked":"SKIP","floor":10.0},{"not_picked":["somnambulantmod: ShimmeringVeil","somnambulantmod: LeechFears"],"picked":"somnambulantmod: BadIdea","floor":13.0},{"not_picked":["somnambulantmod: NightmareFuel","somnambulantmod: Sleepyhead"],"picked":"somnambulantmod: HappyThoughts","floor":14.0},{"not_picked":["somnambulantmod: Inspiration","somnambulantmod: RuthlessStudy"],"picked":"somnambulantmod: LostMind","floor":16.0},{"not_picked":["somnambulantmod: BadIdea","somnambulantmod: HeavyLids","somnambulantmod: Bruise+1"],"picked":"SKIP","floor":18.0},{"not_picked":["somnambulantmod: PillowFort","somnambulantmod: HorrificThought","somnambulantmod: Unburden"],"picked":"SKIP","floor":23.0},{"not_picked":["somnambulantmod: PillowFort","somnambulantmod: HorrificThought","somnambulantmod: Unburden"],"picked":"SKIP","floor":23.0},{"not_picked":["somnambulantmod: Reject","somnambulantmod: ShowerThought","somnambulantmod: Extract+1"],"picked":"SKIP","floor":25.0},{"not_picked":["somnambulantmod: Harden","somnambulantmod: Bruise"],"picked":"somnambulantmod: Blink","floor":27.0},{"not_picked":["somnambulantmod: AllForNothing","somnambulantmod: Unknow","somnambulantmod: BadIdea"],"picked":"SKIP","floor":29},{"not_picked":["somnambulantmod: Extract+1","somnambulantmod: DarkeningMind"],"picked":"somnambulantmod: SleepingBody","floor":30},{"not_picked":["somnambulantmod: LostMind","somnambulantmod: Amnausea"],"picked":"somnambulantmod: Refracture","floor":33},{"not_picked":["somnambulantmod: ImpenetrableMind+1","somnambulantmod: NightmareFuel","somnambulantmod: RecurringDream+1"],"picked":"SKIP","floor":35},{"not_picked":["somnambulantmod: OpeningUp","somnambulantmod: SnuggleUp"],"picked":"somnambulantmod: Trauma+1","floor":39},{"not_picked":["somnambulantmod: SnuggleUp","somnambulantmod: MindWave+1","somnambulantmod: Nosebleed"],"picked":"SKIP","floor":46}],"player_experience":1829736,"relics_obtained":[{"floor":9.0,"key":"Art of War"},{"floor":10.0,"key":"Orichalcum"},{"floor":25.0,"key":"Incense Burner"},{"floor":26.0,"key":"Guardian:PocketSentry"},{"floor":38,"key":"WingedGreaves"},{"floor":43,"key":"White Beast Statue"},{"floor":44,"key":"Shovel"},{"floor":47,"key":"MealTicket"}],"event_choices":[{"cards_removed":["somnambulantmod: Defend_Somnambulant"],"damage_healed":0.0,"max_hp_gain":0.0,"max_hp_loss":0.0,"gold_gain":0.0,"event_name":"The Cleric","player_choice":"Card Removal","floor":3.0,"gold_loss":50.0,"damage_taken":0.0},{"damage_healed":0.0,"max_hp_gain":0.0,"max_hp_loss":0.0,"gold_gain":0.0,"event_name":"betterThird:BetterSerpent","player_choice":"Ignored","floor":7.0,"gold_loss":0.0,"damage_taken":13.0},{"damage_healed":0.0,"max_hp_gain":5.0,"max_hp_loss":0.0,"gold_gain":0.0,"event_name":"Forgotten Altar","player_choice":"Shed Blood","floor":20.0,"gold_loss":0.0,"damage_taken":20.0},{"damage_healed":27.0,"max_hp_gain":0.0,"max_hp_loss":0.0,"gold_gain":0.0,"event_name":"The Library","player_choice":"Heal","floor":21.0,"gold_loss":0.0,"damage_taken":0.0},{"damage_healed":0.0,"max_hp_gain":0.0,"max_hp_loss":0.0,"gold_gain":0.0,"event_name":"The Mausoleum","player_choice":"Opened","floor":22.0,"gold_loss":0.0,"damage_taken":0.0,"relics_obtained":["Centennial Puzzle"]},{"damage_healed":0,"gold_gain":0,"player_choice":"Paid","damage_taken":0,"relics_obtained":["Red Mask"],"max_hp_gain":0,"max_hp_loss":0,"event_name":"Tomb of Lord Red Mask","floor":36,"gold_loss":126},{"damage_healed":0,"gold_gain":0,"player_choice":"Fight","damage_taken":0,"max_hp_gain":0,"max_hp_loss":0,"event_name":"MindBloom","floor":38,"gold_loss":0},{"damage_healed":0,"gold_gain":0,"player_choice":"Fight","damage_taken":0,"max_hp_gain":0,"max_hp_loss":0,"event_name":"Mysterious Sphere","floor":44,"gold_loss":0}],"is_beta":false,"boss_relics":[{"not_picked":["Tiny House","Coffee Dripper"],"picked":"Astrolabe"},{"not_picked":["SacredBark","Philosopher\u0027s Stone"],"picked":"Fusion Hammer"}],"items_purged_floors":[4,31],"is_endless":false,"potions_floor_spawned":[1,13,14,18,30,33,35,38,44,46],"killed_by":"Time Eater","ascension_level":11}}