{"host":"iv24d026eac8pm4e","time":1614102339,"event":{"mods":["BaseMod","Minty Spire (QoL Compilation)"],"gold_per_floor":[111,122,139,153,167,167,167,201,201,229,256,256,406,432,432,509,509,527,527,542,542,542,542],"floor_reached":22,"language":"ENG","playtime":891,"items_purged":[],"score":408,"play_id":"b5dbf546-44b8-48ac-a6bd-3c84167796ad","local_time":"20210223094539","is_ascension_mode":true,"campfire_choices":[{"data":"Noxious Fumes","floor":6,"key":"SMITH"},{"floor":12,"key":"REST"},{"floor":15,"key":"REST"}],"circlet_count":0,"master_deck":["AscendersBane","Strike_G","Strike_G","Strike_G","Strike_G","Defend_G","Defend_G","Defend_G","Defend_G","Defend_G","Survivor","Neutralize","Dagger Throw","Leg Sweep","Deadly Poison","Sucker Punch","Noxious Fumes+1","Bane","Poisoned Stab","Bullet Time","Doubt","Well Laid Plans","Tools of the Trade","Flying Knee+1","Backflip+1"],"relics":["Ring of the Snake","Girya","White Beast Statue","Bottled Flame","Bag of Preparation","Question Card","HoveringKite"],"acts_visited":["Exordium","TheCity"],"potions_floor_usage":[8,10,14,16,21],"damage_taken":[{"damage":4,"enemies":"Small Slimes","floor":1,"turns":5},{"damage":7,"enemies":"Jaw Worm","floor":2,"turns":5},{"damage":1,"enemies":"2 Louse","floor":3,"turns":3},{"damage":6,"enemies":"Looter","floor":4,"turns":3},{"damage":4,"enemies":"Large Slime","floor":5,"turns":6},{"damage":11,"enemies":"Lagavulin","floor":8,"turns":6},{"damage":27,"enemies":"Gremlin Nob","floor":10,"turns":4},{"damage":25,"enemies":"Lagavulin","floor":14,"turns":7},{"damage":18,"enemies":"The Guardian","floor":16,"turns":11},{"damage":40,"enemies":"3 Byrds","floor":18,"turns":5},{"damage":10,"enemies":"Spheric Guardian","floor":20,"turns":5},{"damage":12,"enemies":"Snake Plant","floor":22,"turns":2}],"seed_played":"5824933010967114326","potions_obtained":[{"floor":3,"key":"EssenceOfSteel"},{"floor":5,"key":"Strength Potion"},{"floor":10,"key":"SkillPotion"},{"floor":14,"key":"Swift Potion"},{"floor":16,"key":"BlessingOfTheForge"},{"floor":18,"key":"Dexterity Potion"},{"floor":21,"key":"Fruit Juice"},{"floor":21,"key":"FearPotion"}],"is_trial":false,"path_per_floor":["M","M","M","M","M","R","?","E","T","E","T","R","?","E","R","B",null,"M","?","M","?","M"],"character_chosen":"THE_SILENT","items_purchased":[],"campfire_rested":2,"item_purchase_floors":[],"current_hp_per_floor":[61,54,53,47,43,43,43,32,32,5,5,26,26,1,22,4,55,15,15,5,10,0,0],"gold":542,"neow_bonus":"TEN_PERCENT_HP_BONUS","is_daily":false,"chose_seed":false,"campfire_upgraded":1,"win_rate":0.0,"timestamp":1614102339,"path_taken":["M","M","M","M","M","R","?","E","T","E","?","R","?","E","R","BOSS","M","?","M","?","M"],"items_purchased_type":[],"build_version":"2020-12-22","purchased_purges":0,"victory":false,"max_hp_per_floor":[72,72,72,72,72,72,72,72,72,72,72,72,72,72,72,72,72,72,72,72,77,77,77],"card_choices":[{"not_picked":["Expertise","Quick Slash"],"picked":"Dagger Throw","floor":1},{"not_picked":["Poisoned Stab","Acrobatics"],"picked":"Leg Sweep","floor":2},{"not_picked":["Masterful Stab","Quick Slash"],"picked":"Deadly Poison","floor":3},{"not_picked":["Bane","Deflect"],"picked":"Sucker Punch","floor":4},{"not_picked":["After Image","Calculated Gamble"],"picked":"Noxious Fumes","floor":5},{"not_picked":["PiercingWail","Deadly Poison"],"picked":"Poisoned Stab","floor":8},{"not_picked":["Venomology","Cloak And Dagger"],"picked":"Bullet Time","floor":10},{"not_picked":["Outmaneuver","Quick Slash"],"picked":"Well Laid Plans","floor":14},{"not_picked":["Night Terror","Grand Finale","Burst"],"picked":"Tools of the Trade","floor":16},{"not_picked":["Backflip","Finisher","Prepared"],"picked":"Flying Knee+1","floor":18},{"not_picked":["Sucker Punch+1","Deflect","Distraction"],"picked":"Backflip+1","floor":20}],"player_experience":2603154,"relics_obtained":[{"floor":8,"key":"Girya"},{"floor":9,"key":"White Beast Statue"},{"floor":10,"key":"Bottled Flame"},{"floor":11,"key":"Bag of Preparation"},{"floor":14,"key":"Question Card"}],"event_choices":[{"damage_healed":0,"gold_gain":0,"cards_transformed":["Strike_G"],"player_choice":"Change","damage_taken":0,"max_hp_gain":0,"max_hp_loss":0,"event_name":"Living Wall","floor":7,"gold_loss":0,"cards_obtained":["Bane"]},{"damage_healed":0,"gold_gain":150,"player_choice":"AGREE","damage_taken":0,"max_hp_gain":0,"max_hp_loss":0,"event_name":"Liars Game","floor":13,"gold_loss":0,"cards_obtained":["Doubt"]},{"damage_healed":0,"gold_gain":0,"player_choice":"Ignored","damage_taken":0,"max_hp_gain":0,"max_hp_loss":0,"event_name":"Cursed Tome","floor":19,"gold_loss":0},{"damage_healed":0,"gold_gain":0,"player_choice":"Got Potions","damage_taken":0,"max_hp_gain":0,"max_hp_loss":0,"event_name":"Lab","floor":21,"gold_loss":0}],"is_beta":false,"boss_relics":[{"not_picked":["Calling Bell","Empty Cage"],"picked":"HoveringKite"}],"items_purged_floors":[],"is_endless":false,"potions_floor_spawned":[3,5,10,14,16,18,20],"killed_by":"Snake Plant","ascension_level":20}}