{"host":"zefmhu9ryehjj4p1","time":1614114109,"event":{"mods":["100% Spire Juice","2.2 Compatiblity","Act Like it!","Aspiration","BaseMod","Beaked The Cultist","Better Note","CapriCore","Colored Powertips","Conspire","DeckTracker","Downfall","Ekko","Elementarium","Friendly Minions","Gensokyo","Hallownest","Hermit","Highlight Path","Hubris","Infinite Spire","Koishi","Luminous","Marisa????????","Minty Spire (QoL Compilation)","Random Character Button","Reimu??????","Reliquary","Replay The Spire","Ruina","Shade Mod","Shapeshifter Mod","StSLib","The Administrix","The Blue Laboratory","The Bug Knight","The Construct","The Cursed","The Gatherer","The Hierophant","The Immortal","The Judge","The Jungle","The Marked","The Mystic","The Runesmith","The Senshi","The Servant 0.9.4","The Vixen","The Wild Card","TheBandit","TheVacant","Wandering Minibosses"],"gold_per_floor":[118,118,138,161,55,82,97,110,110,110,156,84,94,94,94,196,196,211,211,104,119,119,119,131,131,158,178,178,178],"floor_reached":28,"language":"ENG","playtime":1026,"items_purged":[],"score":247,"play_id":"91e06212-2369-477f-a02a-0a89c79ee29f","local_time":"20210223220149","is_ascension_mode":false,"campfire_choices":[{"data":"Moonworks:SweetBattle","floor":10,"key":"SMITH"},{"floor":15,"key":"REST"},{"floor":23,"key":"REST"},{"floor":25,"key":"RECALL"}],"circlet_count":0,"master_deck":["Moonworks:Strike","Moonworks:Strike","Moonworks:Strike","Moonworks:Strike","Moonworks:Defend","Moonworks:Defend","Moonworks:Defend","Moonworks:Defend","Moonworks:Ambush+1","Moonworks:LongDistanceShot","Moonworks:ExtendedPhotonRifle","Moonworks:SakisCookie","Moonworks:SakisCookie","Moonworks:LuckyCharm","Moonworks:BindingChains","Moonworks:SweetBattle+1","Moonworks:Flamethrower","Moonworks:EvilSpyWorkPreparation","Moonworks:BigBangBell+1","Moonworks:SakisCookie","Moonworks:SakisCookie","Moonworks:MiracleRedBeanIceCream"],"relics":["Moonworks:BrokenBomb","Moonworks:Homemark","Bag of Marbles","StoneCalendar","hubris:FunFungus","hubris:ToyBattleship","infinitespire:WardingShard","conspire:RoyalGoblet","Lantern"],"acts_visited":["Exordium","TheCity"],"potions_floor_usage":[16,16],"damage_taken":[{"damage":0,"enemies":"Cultist","floor":1,"turns":2},{"damage":0,"enemies":"Jaw Worm","floor":3,"turns":3},{"damage":2,"enemies":"Small Slimes","floor":5,"turns":3},{"damage":27,"enemies":"Lagavulin","floor":6,"turns":6},{"damage":2,"enemies":"Gremlin Gang","floor":7,"turns":3},{"damage":1,"enemies":"3 Louse","floor":8,"turns":4},{"damage":0,"enemies":"Looter","floor":13,"turns":4},{"damage":38,"enemies":"The Guardian","floor":16,"turns":7},{"damage":20,"enemies":"Chosen","floor":18,"turns":7},{"damage":25,"enemies":"Shell Parasite","floor":20,"turns":7},{"damage":21,"enemies":"Centurion and Healer","floor":21,"turns":7},{"damage":23,"enemies":"Shelled Parasite and Fungi","floor":24,"turns":6},{"damage":20,"enemies":"Snecko","floor":27,"turns":6},{"damage":60,"enemies":"conspire:SneckoGhost","floor":28,"turns":7}],"seed_played":"8113237762662947457","potions_obtained":[{"floor":5,"key":"Explosive Potion"},{"floor":7,"key":"Toxic Potion"},{"floor":16,"key":"Weak Potion"},{"floor":20,"key":"SteroidPotion"}],"is_trial":false,"path_per_floor":["M","?","M","T","M","E","M","M","T","R","T","$","M","T","R","B",null,"M","AVR","M","M","?","R","M","R","T","M","E"],"character_chosen":"THE_STARBREAKER","items_purchased":["Moonworks:Flamethrower"],"campfire_rested":2,"item_purchase_floors":[12],"current_hp_per_floor":[60,60,60,60,58,31,31,30,30,30,30,30,34,34,52,25,60,47,47,35,28,28,46,35,35,35,28,0,0],"gold":178,"neow_bonus":"RANDOM_EVENT","is_daily":false,"chose_seed":false,"campfire_upgraded":1,"win_rate":0.0,"timestamp":1614114109,"path_taken":["M","?","?","?","M","E","M","M","T","R","?","$","?","?","R","BOSS","M","AVR","?","M","?","R","?","R","T","M","E"],"items_purchased_type":["Card"],"build_version":"2020-12-22","purchased_purges":0,"victory":false,"max_hp_per_floor":[60,60,60,60,60,60,60,60,60,60,60,60,60,60,60,60,60,60,60,60,60,60,60,60,60,60,60,60,60],"card_choices":[{"not_picked":["Moonworks:ForcedRevival","Moonworks:DevilHand"],"picked":"Moonworks:ExtendedPhotonRifle","floor":1},{"not_picked":["Moonworks:CloudOfSeagulls","Moonworks:ExtendedPhotonRifle"],"picked":"Moonworks:SakisCookie","floor":3},{"not_picked":["Moonworks:MixPhenomenon","Moonworks:BigMagnum"],"picked":"Moonworks:SakisCookie","floor":5},{"not_picked":["Moonworks:Dinner","Moonworks:CastOff"],"picked":"Moonworks:LuckyCharm","floor":6},{"not_picked":["Moonworks:BigMagnum","Moonworks:IndiscriminateFireSupport"],"picked":"Moonworks:BindingChains","floor":7},{"not_picked":["Moonworks:CloudOfSeagulls","Moonworks:AwakeningOfTalent"],"picked":"Moonworks:SweetBattle","floor":8},{"not_picked":["Moonworks:IndiscriminateFireSupport","Moonworks:BigMagnum"],"picked":"Moonworks:EvilSpyWorkPreparation","floor":13},{"not_picked":["Moonworks:IndiscriminateFireSupport","Moonworks:SakisCookie"],"picked":"Moonworks:BigBangBell+1","floor":18},{"not_picked":["Moonworks:NicePresent","Moonworks:JonathanRush","Moonworks:LulusLuckyEgg+1"],"picked":"SKIP","floor":20},{"not_picked":["Moonworks:BigMagnum","Moonworks:FinalBattle"],"picked":"Moonworks:SakisCookie","floor":21},{"not_picked":["Moonworks:LulusLuckyEgg+1","Moonworks:Assault"],"picked":"Moonworks:SakisCookie","floor":24},{"not_picked":["Moonworks:BigMagnum","Moonworks:ImOnFire+1"],"picked":"Moonworks:MiracleRedBeanIceCream","floor":27}],"player_experience":219492,"relics_obtained":[{"floor":4,"key":"Bag of Marbles"},{"floor":6,"key":"StoneCalendar"},{"floor":9,"key":"hubris:FunFungus"},{"floor":11,"key":"hubris:ToyBattleship"},{"floor":14,"key":"infinitespire:WardingShard"},{"floor":26,"key":"Lantern"}],"event_choices":[{"damage_healed":0,"gold_gain":0,"player_choice":"Grow","damage_taken":0,"max_hp_gain":0,"max_hp_loss":0,"event_name":"Living Wall","floor":0,"gold_loss":0,"cards_upgraded":["Moonworks:Ambush"]},{"damage_healed":0,"gold_gain":0,"player_choice":"Bought 0 Potions","damage_taken":0,"max_hp_gain":0,"max_hp_loss":0,"event_name":"The Woman in Blue","floor":2,"gold_loss":0},{"damage_healed":0,"gold_gain":0,"player_choice":"Ignored","damage_taken":0,"max_hp_gain":0,"max_hp_loss":0,"event_name":"betterNote:BetterNote","floor":22,"gold_loss":0,"cards_obtained":["hexamod:BurningTouch"]}],"is_beta":false,"boss_relics":[{"not_picked":["conspire:SeveredTorchhead","beaked:MawFillet"],"picked":"conspire:RoyalGoblet"}],"items_purged_floors":[],"is_endless":false,"potions_floor_spawned":[5,7,16,18,20],"killed_by":"conspire:SneckoGhost","ascension_level":0}}