{"host":"n2havra2dgtcizuw","time":1614074195,"event":{"mods":["100% Spire Juice","ATMod(阿瑾Mod)","Bard","BaseMod","Downfall","Marisa（F雨　魔理沙）","Minty Spire (QoL Compilation)","Permanent Neow","Reliquary","Remilia（蕾米莉亚）","Replay The Spire","RumiaBox-露米娅的神秘盒子","StSLib","TestMod","The Alterego","The Animator","The Servant 0.9.4","[IsaacMod]以撒尖塔"],"gold_per_floor":[116,116,116,135,151,151,182,195,219,230,259,63,80,93,93,188,188,202,202,602,602,602,631,631,237,237,254,44,44,59,75,75,75,75],"floor_reached":33,"language":"ZHS","playtime":1385,"items_purged":[],"score":479,"play_id":"957920ed-8424-4ee1-b2f4-daced0075467","local_time":"20210223175635","is_ascension_mode":true,"campfire_choices":[{"data":"DoctorFetus","floor":6,"key":"SMITH"},{"floor":15,"key":"REST"},{"data":"testmod-Collector","floor":29,"key":"SMITH"},{"data":"EndlessPower","floor":32,"key":"SMITH"}],"circlet_count":0,"master_deck":["AscendersBane","Eruption","Vigilance","DoctorFetus+1","Panache","AT_FamilyPortrait","AT_DivineConfetti","FlyingSleeves","FlurryOfBlows","Consecrate","Replay:BluntJabs","Devotion","Replay:BluntJabs","testmod-Collector+1","Brilliance","Brilliance","Bomb","CarveReality","DevaForm","Ragnarok","ForeignInfluence","FollowUp","AT_RealFormLess","Perseverance","Evaluate","Vault","FlyingSleeves","BowlingBash+1","Wrath_TH","EndlessPower+1","BattleHymn","Necronomicurse","ReplayTheSpireMod:Uncanny Aura","Consecrate+1","Crescendo","FearNoEvil"],"relics":["PureWater","testmod-TestBox","AT_ATBox","testmod-StringDisintegrator","AnarchistCookbook","MealTicket","reliquary:SharkskinSheath","Anchor","Pandora\u0027s Box","Replay:Accelerometer","Replay:PocketPolymizer","Necronomicon","Replay:Mystery Machine","testmod-Charity","reliquary:TatteredRug","Membership Card","Question Card"],"acts_visited":["Exordium","TheCity"],"potions_floor_usage":[1,2,7,16,33],"damage_taken":[{"damage":6,"enemies":"Jaw Worm","floor":1,"turns":3},{"damage":1,"enemies":"Cultist","floor":4,"turns":4},{"damage":2,"enemies":"2 Louse","floor":5,"turns":2},{"damage":5,"enemies":"3 Sentries","floor":7,"turns":4},{"damage":8,"enemies":"Large Slime","floor":8,"turns":4},{"damage":24,"enemies":"Exordium Thugs","floor":10,"turns":3},{"damage":7,"enemies":"Lagavulin","floor":11,"turns":3},{"damage":0,"enemies":"Exordium Wildlife","floor":13,"turns":1},{"damage":0,"enemies":"Blue Slaver","floor":14,"turns":2},{"damage":25,"enemies":"Hexaghost","floor":16,"turns":5},{"damage":2,"enemies":"Chosen","floor":18,"turns":4},{"damage":22,"enemies":"Replay:Snechameleon","floor":23,"turns":5},{"damage":7,"enemies":"2 Thieves","floor":27,"turns":2},{"damage":6,"enemies":"Centurion and Healer","floor":30,"turns":3},{"damage":7,"enemies":"Cultist and Chosen","floor":31,"turns":2},{"damage":48,"enemies":"Champ","floor":33,"turns":5}],"seed_played":"-1328025097791687500","potions_obtained":[{"floor":1,"key":"Fruit Juice"},{"floor":2,"key":"Fruit Juice"},{"floor":2,"key":"Block Potion"},{"floor":2,"key":"LiquidMemories"},{"floor":4,"key":"EssenceOfSteel"},{"floor":11,"key":"Weak Potion"},{"floor":18,"key":"Fire Potion"},{"floor":30,"key":"Block Potion"}],"is_trial":false,"path_per_floor":["M","?","?","M","M","R","E","M","T","M","E","$","M","M","R","B",null,"M","?","?","T","?","E","?","$","T","M","$","R","M","M","R","B"],"character_chosen":"WATCHER","items_purchased":["testmod-Collector","Brilliance","Replay:Mystery Machine","testmod-Charity","ReplayTheSpireMod:Uncanny Aura","Membership Card","Question Card"],"campfire_rested":1,"item_purchase_floors":[12,12,25,25,25,28,28],"current_hp_per_floor":[46,51,51,50,48,48,43,35,35,11,4,19,19,19,43,18,66,64,64,64,64,64,42,26,41,41,36,52,52,47,41,41,0,0],"gold":75,"neow_bonus":"RANDOM_COLORLESS_2","is_daily":false,"chose_seed":false,"campfire_upgraded":3,"win_rate":0.0,"timestamp":1614074195,"path_taken":["M","?","?","M","M","R","E","M","T","M","E","$","M","M","R","BOSS","M","?","?","?","?","E","?","$","T","?","$","R","M","M","R","BOSS"],"items_purchased_type":["Card","Card","Relic","Relic","Card","Relic","Relic"],"build_version":"2020-12-22","purchased_purges":0,"victory":false,"max_hp_per_floor":[77,82,82,82,82,82,82,82,82,82,82,82,82,82,82,82,82,82,82,82,82,82,82,82,82,82,84,85,85,86,87,87,87,87],"card_choices":[{"not_picked":[],"picked":"DoctorFetus","floor":0},{"not_picked":["Mayhem","testmod-TradeIn"],"picked":"Panache","floor":0},{"not_picked":["PathToVictory","Replay:AtTheReady"],"picked":"AT_DivineConfetti","floor":1},{"not_picked":["ReachHeaven","Pray"],"picked":"FlyingSleeves","floor":4},{"not_picked":["Halt","Bomb"],"picked":"FlurryOfBlows","floor":5},{"not_picked":["DeceiveReality","Weave"],"picked":"Consecrate","floor":7},{"not_picked":["CrushJoints","Indignation"],"picked":"Replay:BluntJabs","floor":8},{"not_picked":["FollowUp","Prostrate"],"picked":"Devotion","floor":10},{"not_picked":["Evaluate","ThirdEye"],"picked":"Replay:BluntJabs","floor":11},{"not_picked":["Wireheading","Halt"],"picked":"Bomb","floor":13},{"not_picked":["JustLucky","PathToVictory"],"picked":"CarveReality","floor":14},{"not_picked":["Scrawl","DeusExMachina"],"picked":"DevaForm","floor":16},{"not_picked":["FollowUp+1","Consecrate"],"picked":"BowlingBash+1","floor":18},{"not_picked":["Replay:ManipulateFuture","Protect"],"picked":"BattleHymn","floor":23},{"not_picked":["WindmillStrike","Protect"],"picked":"Consecrate+1","floor":27},{"not_picked":["ThirdEye","Adaptation","Vengeance"],"picked":"Crescendo","floor":30},{"not_picked":["Consecrate+1","Ragnarok","AT_RealFormLess+1"],"picked":"FearNoEvil","floor":31}],"player_experience":772358,"relics_obtained":[{"floor":7,"key":"MealTicket"},{"floor":9,"key":"reliquary:SharkskinSheath"},{"floor":11,"key":"Anchor"},{"floor":21,"key":"Replay:Accelerometer"},{"floor":23,"key":"Replay:PocketPolymizer"},{"floor":24,"key":"Necronomicon"},{"floor":26,"key":"reliquary:TatteredRug"}],"event_choices":[{"damage_healed":0,"gold_gain":0,"player_choice":"Got Potions","damage_taken":0,"max_hp_gain":0,"max_hp_loss":0,"event_name":"Lab","floor":2,"gold_loss":0},{"damage_healed":0,"gold_gain":0,"player_choice":"Leave","damage_taken":0,"max_hp_gain":0,"max_hp_loss":0,"event_name":"The Cleric","floor":3,"gold_loss":0},{"damage_healed":0,"gold_gain":400,"player_choice":"Sell","damage_taken":0,"max_hp_gain":0,"max_hp_loss":0,"event_name":"恩洛斯的盘子","floor":20,"relics_lost":["HushsDoor"],"gold_loss":0},{"damage_healed":0,"gold_gain":0,"player_choice":"Obtained Book","damage_taken":16,"max_hp_gain":0,"max_hp_loss":0,"event_name":"Cursed Tome","floor":24,"gold_loss":0}],"is_beta":false,"boss_relics":[{"not_picked":["Runic Dome","SacredBark"],"picked":"Pandora\u0027s Box"},{"not_picked":[]}],"items_purged_floors":[],"is_endless":false,"potions_floor_spawned":[1,4,5,11,13,14,18,23,30],"killed_by":"Champ","ascension_level":11}}