{"host":"hyzmf9jejtktdcwr","time":1614095707,"event":{"mods":["100% Spire Juice","ATMod(°¢èªMod)","Act Like it!","Arknights","Aspiration","BaseMod","Dota2Spire","Hermit","Luminous","Minty Spire (QoL Compilation)","MostiFishMod","Prisma Mod","Quick Restart","Reliquary","Shop Mod","StSLib","The Animator","The Blackbeard","The Construct","The Poker Player","[IsaacMod]ÒÔÈö¼âËþ"],"gold_per_floor":[117,117,117,67,79,107,122,122,122,122,152,167,197,211,211,315,315,333,333,349,361,373,373,373,384,432,459,360,387,401,417,417,518,518,529,542,554,571,571,599,599,499,499,223,253,265,300,311,311,311],"floor_reached":51,"language":"ZHS","playtime":2187,"items_purged":["ats:Strike G","ats:Strike C+1","ats:Defend","ats:Armor Crushing Shot"],"score":1987,"play_id":"5d04cd55-d47f-48ee-b8c0-3cf24f3db89f","local_time":"20210223235507","is_ascension_mode":true,"campfire_choices":[{"data":"ats:Emotion Absorption","floor":8.0,"key":"SMITH"},{"data":"ats:Assault Order","floor":10.0,"key":"SMITH"},{"data":"ats:Healing Strengthening","floor":15.0,"key":"SMITH"},{"data":"ats:Ambush","floor":23.0,"key":"SMITH"},{"data":"ats:Mental Burst","floor":32.0,"key":"SMITH"},{"data":"ats:Chain Hook","floor":49,"key":"SMITH"}],"circlet_count":0,"master_deck":["AscendersBane","ats:Strike S","ats:Defend","ats:Defend","ats:Defend","ats:Emotion Absorption+1","AT_FamilyPortrait+1","ats:Assault Order+1","ats:Blood Oath","ats:Closed Bolt Burst Fire","ats:Poison Spread","ats:Sashimi Platter","ats:Healing Strengthening+1","ats:Composite Medical Shells","ats:Ambush+1","ats:Calcification","ats:Sashimi Platter","ats:Absolute Focus+1","ats:Soul Rend","ats:Thorns","ats:Chain Hook+1","ats:Overload","ats:Sunburst","ats:Mental Burst+1","ats:Assault Order+1","ats:Literary Storm+1","ats:Leaping Hammer+1","ats:Calcification+1","ats:Neurotoxin+1","ats:Very Hot Blade+1","ats:Soul Absorption+1","ats:Sashimi Platter","AT_FamilyPortrait+1","ats:Phantom+1","ats:Rapid Magazine+1","ats:Support Order+1","ats:Hook Shot+1"],"relics":["ats:Sanity","DaveBox","AT_ATBox","HushsDoor","NeowsBlessing","MoneyPower","PatriotShield","SynthV:TestCard","Darkstone Periapt","ats:Originium","Orichalcum","reliquary:BoilingFlask","Bronze Scales","AT_ImmortalShieldbow","MagicMushroom","Damocles","reliquary:Aerogel","MutagenicStrength","Prayer Wheel","Dota2Spire:LinkenSphere","Dota2Spire:DrumOfEndurance","aspiration:RitualStick","Toxic Egg 2","reliquary:Knoch","DianPoetry","GuppysPaw","HornCleat","reliquary:BallBearing","ats:Spiritual Recovery","aspiration:StickyExplosives_weak","ats:Hidden Killer","BelialBook","Mummified Hand","UnicornStump","Boot","Bottled Lightning","reliquary:IridiumChain","MawBank","ats:Ability Aura","Dota2Spire:BladeMail","Anchor","ats:Rhine Circuitry","TungstenRod","AT_DeathDance"],"acts_visited":["Exordium","TheCity","TheBeyond"],"potions_floor_usage":[50],"damage_taken":[{"damage":0.0,"enemies":"Cultist","floor":1.0,"turns":1.0},{"damage":0.0,"enemies":"Jaw Worm","floor":5.0,"turns":1.0},{"damage":0.0,"enemies":"Gremlin Nob","floor":6.0,"turns":1.0},{"damage":0.0,"enemies":"2 Louse","floor":7.0,"turns":1.0},{"damage":0.0,"enemies":"3 Sentries","floor":11.0,"turns":2.0},{"damage":0.0,"enemies":"Large Slime","floor":12.0,"turns":2.0},{"damage":0.0,"enemies":"Gremlin Nob","floor":13.0,"turns":2.0},{"damage":0.0,"enemies":"Exordium Wildlife","floor":14.0,"turns":2.0},{"damage":0.0,"enemies":"Slime Boss","floor":16.0,"turns":6.0},{"damage":0.0,"enemies":"3 Byrds","floor":18.0,"turns":2.0},{"damage":0.0,"enemies":"2 Thieves","floor":20.0,"turns":1.0},{"damage":0.0,"enemies":"3 Cultists","floor":21.0,"turns":2.0},{"damage":0.0,"enemies":"Sentry and Sphere","floor":22.0,"turns":3.0},{"damage":0.0,"enemies":"Shelled Parasite and Fungi","floor":25.0,"turns":2.0},{"damage":0.0,"enemies":"Book of Stabbing","floor":27.0,"turns":1.0},{"damage":0.0,"enemies":"Gremlin Leader","floor":29.0,"turns":2.0},{"damage":0.0,"enemies":"3 Cultists","floor":30.0,"turns":3.0},{"damage":0.0,"enemies":"Snake Plant","floor":31.0,"turns":1.0},{"damage":0.0,"enemies":"Collector","floor":33.0,"turns":4.0},{"damage":0.0,"enemies":"3 Shapes","floor":35.0,"turns":3.0},{"damage":0.0,"enemies":"3 Darklings","floor":36.0,"turns":2.0},{"damage":0.0,"enemies":"4 Shapes","floor":37.0,"turns":2.0},{"damage":0.0,"enemies":"Sphere and 2 Shapes","floor":38.0,"turns":2.0},{"damage":0.0,"enemies":"Nemesis","floor":40.0,"turns":3.0},{"damage":0.0,"enemies":"Reptomancer","floor":45.0,"turns":1.0},{"damage":0,"enemies":"Writhing Mass","floor":46,"turns":3},{"damage":0,"enemies":"Giant Head","floor":47,"turns":2},{"damage":0,"enemies":"3 Darklings","floor":48,"turns":2},{"damage":0,"enemies":"Time Eater","floor":50,"turns":3}],"seed_played":"-8654683946735450536","potions_obtained":[{"floor":5.0,"key":"construct:ShiftPotion"},{"floor":7.0,"key":"DuplicationPotion"},{"floor":11.0,"key":"Dota2Spire:Clarity"},{"floor":14.0,"key":"Fruit Juice"},{"floor":16.0,"key":"Swift Potion"},{"floor":46,"key":"EntropicBrew"}],"is_trial":false,"path_per_floor":["M","T","?","?","M","E","M","R","T","R","E","M","E","M","R","B",null,"M","?","M","M","M","R","?","M","T","E","$","E","M","M","R","B",null,"M","M","M","M","?","E","T","$","T","$","E","M","E","M","R","B",null],"character_chosen":"DOCTOR_CLASS","items_purchased":["ats:Calcification","ats:Sashimi Platter","Damocles","ats:Assault Order+1","AT_FamilyPortrait+1"],"campfire_rested":0,"item_purchase_floors":[17,17,17,28,44],"current_hp_per_floor":[65,65,51,51,51,51,57,57,57,57,63,66,72,72,72,77,62,62,62,62,62,62,62,50,62,62,62,62,62,62,62,62,62,62,62,62,62,62,62,62,62,62,62,62,62,62,62,62,62,62],"gold":311,"neow_bonus":"THREE_ENEMY_KILL","is_daily":false,"chose_seed":false,"campfire_upgraded":6,"win_rate":0.0,"timestamp":1614095707,"path_taken":["M","?","?","?","M","E","M","R","T","R","E","M","E","M","R","BOSS","M","?","?","M","M","R","?","M","T","E","$","E","M","?","R","BOSS","M","M","?","M","?","E","?","$","T","$","E","M","E","?","R","BOSS"],"items_purchased_type":["Card","Card","Relic","Card","Card"],"build_version":"2020-12-22","purchased_purges":4,"victory":true,"max_hp_per_floor":[72,72,72,72,72,72,72,72,72,72,72,72,72,72,72,77,62,62,62,62,62,62,62,62,62,62,62,62,62,62,62,62,62,62,62,62,62,62,62,62,62,62,62,62,62,62,62,62,62,62],"card_choices":[{"not_picked":["ats:Guard Mode","ats:Hammer On","ats:Leaping Hammer"],"picked":"SKIP","floor":1.0},{"not_picked":["ats:Steam Pump","ats:Leaping Hammer","ats:Very Hot Blade","ats:Collapsing Strike"],"picked":"ats:Assault Order","floor":5.0},{"not_picked":["ats:Healing Strengthening","ats:Overload","ats:Sword Rain","ats:Counter Healing Mode"],"picked":"ats:Blood Oath","floor":6.0},{"not_picked":["ats:Charging Defense","ats:Guard Mode","ats:Defend Order","ats:Very Hot Blade"],"picked":"ats:Closed Bolt Burst Fire","floor":7.0},{"not_picked":["ats:Absolute Focus","ats:Shadow Raid","ats:Apocalypse","ats:Ignite"],"picked":"ats:Poison Spread","floor":11.0},{"not_picked":["ats:Blood Oath","ats:Sunburst","ats:Collapsing Strike","ats:Shadow Assault"],"picked":"ats:Sashimi Platter","floor":12.0},{"not_picked":["ats:Directed Diagnosis","ats:Flame Of Heaven","ats:Rat Pack","ats:Curse Doll"],"picked":"ats:Healing Strengthening","floor":13.0},{"not_picked":["ats:Support Order","ats:Consecutive Shot Auto","ats:Absolute Focus","ats:Closed Bolt Burst Fire"],"picked":"ats:Composite Medical Shells","floor":14.0},{"not_picked":["ats:Calcification","ats:Wolf Pack","ats:Echo Reverb","ats:Dogmatic Field"],"picked":"ats:Ambush","floor":16.0},{"not_picked":["ats:Composite Medical Shells","ats:Closed Bolt Burst Fire","ats:Shell Defense","ats:Blood Oath"],"picked":"ats:Absolute Focus+1","floor":18.0},{"not_picked":["ats:Encircling Forest","ats:Flame Of Heaven","ats:Echo Reverb","ats:Curse Doll","ats:Powerful Strike+1"],"picked":"SKIP","floor":20.0},{"not_picked":["ats:Encircling Forest","ats:Cat Scratch","ats:Consecutive Shot Auto","ats:Flexible Camouflage+1"],"picked":"ats:Soul Rend","floor":21.0},{"not_picked":["ats:Very Hot Blade","ats:Shell Defense","ats:Hammer On+1","ats:Thermite Blade","ats:Counter Healing Mode+1"],"picked":"SKIP","floor":21.0},{"not_picked":["ats:Leaping Hammer","ats:Ambush","ats:Shell Defense","ats:Flexible Camouflage"],"picked":"ats:Thorns","floor":22.0},{"not_picked":["ats:Cat Scratch","ats:Apocalypse+1","ats:Guard Mode+1","ats:Volcano"],"picked":"ats:Chain Hook","floor":22.0},{"not_picked":["ats:Sword Rain+1","ats:Assault Order+1","ats:Consecutive Shot Auto","ats:Shell Defense+1"],"picked":"ats:Overload","floor":25.0},{"not_picked":["ats:Closed Bolt Burst Fire","ats:Support Order+1","ats:LN2 Cannon","ats:Thermite Blade+1"],"picked":"ats:Sunburst","floor":25.0},{"not_picked":["ats:Fractured Body+1","ats:Very Hot Blade","ats:Roar Of Ursus","ats:Flexible Camouflage+1"],"picked":"ats:Mental Burst","floor":27.0},{"not_picked":["ats:Healing Strengthening","ats:Poison Spread","ats:Demon Strength+1","ats:Hammer On","ats:Blood Oath"],"picked":"SKIP","floor":29.0},{"not_picked":["ats:Nebulous Foxfire+1","ats:Curse Doll+1","ats:Explosion Area Strengthen","ats:Consecutive Shot Auto"],"picked":"ats:Literary Storm+1","floor":30.0},{"not_picked":["ats:Apocalypse+1","ats:Ignite","ats:Consecutive Shot Auto","ats:Poison Spread"],"picked":"ats:Leaping Hammer+1","floor":30.0},{"not_picked":["ats:Absolute Focus+1","ats:Apocalypse+1","ats:Revitalization+1","ats:Cat Scratch"],"picked":"ats:Calcification+1","floor":31.0},{"not_picked":["ats:Leaping Hammer","ats:Spore Proliferation+1","ats:Flexible Camouflage+1","ats:Powerful Strike+1","ats:Ignite"],"picked":"SKIP","floor":31.0},{"not_picked":["ats:Beaten Up+1","ats:Encircling Forest+1","ats:Closed Bolt Burst Fire+1","ats:Composite Medical Shells"],"picked":"ats:Neurotoxin+1","floor":35.0},{"not_picked":["ats:Blood Oath","ats:Support Order+1","ats:Apocalypse+1","ats:Absolute Focus+1"],"picked":"ats:Very Hot Blade+1","floor":35.0},{"not_picked":["ats:Flexible Camouflage+1","ats:Sunburst+1","ats:Hammer On","ats:Cat Scratch+1"],"picked":"ats:Soul Absorption+1","floor":36.0},{"not_picked":["ats:Magnetic Hammer","ats:Guard Mode+1","ats:Blood Oath","ats:Volcano","ats:Healing Strengthening+1"],"picked":"SKIP","floor":36.0},{"not_picked":["ats:Hammer On","ats:Consecutive Shot Auto+1","ats:Poison Spread","ats:Thermite Blade","ats:Leaping Hammer"],"picked":"SKIP","floor":37.0},{"not_picked":["ats:Curse Doll+1","ats:Steam Pump+1","ats:Assault Order+1","ats:Flexible Camouflage+1","ats:Blood Oath+1"],"picked":"SKIP","floor":37.0},{"not_picked":["ats:Mental Burst","ats:Blood Oath+1","ats:Ignite+1","ats:Poison Spread+1"],"picked":"ats:Sashimi Platter","floor":38.0},{"not_picked":["ats:Collapsing Strike","ats:Consecutive Shot Auto","ats:Healing Strengthening+1","ats:Magnetic Hammer","ats:Dogmatic Field"],"picked":"SKIP","floor":38.0},{"not_picked":["ats:Support Order+1","ats:Ignite","ats:Literary Storm+1","ats:Charging Defense+1","ats:Sword Rain"],"picked":"SKIP","floor":40.0},{"not_picked":["ats:Very Hot Blade","ats:Revitalization+1","ats:Powerful Strike+1","ats:Hammer On+1"],"picked":"ats:Phantom+1","floor":45.0},{"not_picked":["ats:Leaping Hammer","ats:Very Hot Blade","ats:Flexible Camouflage+1","ats:Blood Oath"],"picked":"ats:Rapid Magazine+1","floor":46},{"not_picked":["ats:Sashimi Platter+1","ats:Hammer On+1","ats:Ambush","ats:Consecutive Shot Auto"],"picked":"ats:Support Order+1","floor":46},{"not_picked":["ats:Charging Defense+1","ats:Sashimi Platter+1","ats:Ignite+1","ats:Apocalypse+1"],"picked":"ats:Hook Shot+1","floor":47},{"not_picked":["ats:Leaping Hammer+1","ats:Guardian Obelisk+1","ats:Echo Reverb+1","ats:Flexible Camouflage+1","ats:Mental Burst"],"picked":"SKIP","floor":48},{"not_picked":["ats:Shell Defense+1","ats:Absolute Focus+1","ats:Flexible Camouflage+1","ats:Assault Order+1","ats:Guard Mode+1"],"picked":"SKIP","floor":48}],"player_experience":231489,"relics_obtained":[{"floor":1.0,"key":"SynthV:TestCard"},{"floor":2.0,"key":"Darkstone Periapt"},{"floor":6.0,"key":"ats:Originium"},{"floor":6.0,"key":"Orichalcum"},{"floor":9.0,"key":"reliquary:BoilingFlask"},{"floor":11.0,"key":"ats:Originium"},{"floor":11.0,"key":"Bronze Scales"},{"floor":13.0,"key":"ats:Originium"},{"floor":13.0,"key":"AT_ImmortalShieldbow"},{"floor":18.0,"key":"reliquary:Aerogel"},{"floor":20.0,"key":"Prayer Wheel"},{"floor":21.0,"key":"Dota2Spire:LinkenSphere"},{"floor":22.0,"key":"Dota2Spire:DrumOfEndurance"},{"floor":25.0,"key":"Toxic Egg 2"},{"floor":26.0,"key":"reliquary:Knoch"},{"floor":27.0,"key":"DianPoetry"},{"floor":27.0,"key":"ats:Originium"},{"floor":27.0,"key":"GuppysPaw"},{"floor":29.0,"key":"HornCleat"},{"floor":29.0,"key":"reliquary:BallBearing"},{"floor":30.0,"key":"ats:Spiritual Recovery"},{"floor":31.0,"key":"aspiration:StickyExplosives_weak"},{"floor":35.0,"key":"ats:Hidden Killer"},{"floor":36.0,"key":"BelialBook"},{"floor":37.0,"key":"Mummified Hand"},{"floor":38.0,"key":"UnicornStump"},{"floor":40.0,"key":"Boot"},{"floor":40.0,"key":"Bottled Lightning"},{"floor":41.0,"key":"reliquary:IridiumChain"},{"floor":43.0,"key":"MawBank"},{"floor":45.0,"key":"ats:Ability Aura"},{"floor":45.0,"key":"Dota2Spire:BladeMail"},{"floor":46,"key":"Anchor"},{"floor":47,"key":"ats:Rhine Circuitry"},{"floor":47,"key":"TungstenRod"},{"floor":48,"key":"AT_DeathDance"}],"event_choices":[{"damage_healed":0.0,"max_hp_gain":0.0,"max_hp_loss":0.0,"gold_gain":0.0,"event_name":"Shining Light","player_choice":"Entered Light","floor":3.0,"gold_loss":0.0,"damage_taken":14.0,"cards_upgraded":["AT_FamilyPortrait","ats:Strike C"]},{"cards_removed":["ats:Strike V"],"damage_healed":0.0,"max_hp_gain":0.0,"max_hp_loss":0.0,"gold_gain":0.0,"event_name":"The Cleric","player_choice":"Card Removal","floor":4.0,"gold_loss":50.0,"damage_taken":0.0},{"damage_healed":0.0,"max_hp_gain":0.0,"max_hp_loss":0.0,"gold_gain":0.0,"event_name":"Drug Dealer","player_choice":"Inject Mutagens","floor":19.0,"gold_loss":0.0,"damage_taken":0.0,"relics_obtained":["MutagenicStrength"]}],"is_beta":false,"boss_relics":[{"not_picked":["Ectoplasm","Pandora\u0027s Box"],"picked":"MagicMushroom"},{"not_picked":[]},{"not_picked":["ExusiaiGun","MoonlightInvasionPlan","GreenFoldingFan"]}],"items_purged_floors":[17,28,42,44],"is_endless":false,"potions_floor_spawned":[5,7,11,13,14,16,18,20,25,27,29,35,37,40,46,48],"ascension_level":11}}