{"host":"dslyow1zalefsrv0","time":1614123894,"event":{"mods":["2.2 Compatiblity","Act Like it!","BaseMod","Better Match","Better Note","Better Sensory Stone","Better Third Choice","BetterRewards","Colored Powertips","Googly Eyes","GungeonMod","Hallownest","Minty Spire (QoL Compilation)","Potionbrewer","Quick Restart","Rare Cards Sparkle","Replay The Spire","Shop Mod","StSLib","The Blue Laboratory","The Bug Knight","The Hierophant","The Necromancer","The Servant 0.9.4","Wide Potions"],"gold_per_floor":[112,112,127,142,27,59,59,59,59,77,87,106,122,132,132,228,228,201,201,201,35,59,59,72,72,72,72,83,102,113,113,113],"floor_reached":31,"language":"ENG","playtime":1553,"items_purged":[],"score":243,"play_id":"1368fe85-275e-4eda-ac30-4989349f4da4","local_time":"20210223174454","is_ascension_mode":false,"campfire_choices":[{"data":"Outmaneuver","floor":7.0,"key":"SMITH"},{"floor":15.0,"key":"REST"},{"floor":23.0,"key":"REST"},{"floor":25.0,"key":"REST"},{"data":"ReplayTheSpireMod:Brewmster","floor":27.0,"key":"SMITH"}],"circlet_count":0,"master_deck":["Strike_G","Strike_G","Strike_G","Strike_G","Strike_G","Defend_G","Defend_G","Defend_G","Defend_G","Defend_G","Survivor","Neutralize","Outmaneuver+1","Apotheosis+1","Blade Dance","Flying Knee","Poisoned Stab","Replay:Bag of Tricks","Infinite Blades","Flying Knee","ReplayTheSpireMod:Brewmster+1","Dodge and Roll+1","Venomology","Caltrops+1"],"relics":["Ring of the Snake","NeowsBlessing","Replay:Wax Seal","potionbrewer:MortarAndPestle","HoveringKite"],"acts_visited":["Exordium","TheCity","TheCity"],"potions_floor_usage":[29,29,29,29,29,30,30],"damage_taken":[{"damage":0.0,"enemies":"2 Louse","floor":1.0,"turns":1.0},{"damage":0.0,"enemies":"Jaw Worm","floor":3.0,"turns":1.0},{"damage":0.0,"enemies":"Cultist","floor":4.0,"turns":1.0},{"damage":7.0,"enemies":"Gremlin Nob","floor":6.0,"turns":4.0},{"damage":0.0,"enemies":"2 Fungi Beasts","floor":10.0,"turns":3.0},{"damage":0.0,"enemies":"Blue Slaver","floor":11.0,"turns":3.0},{"damage":4.0,"enemies":"Exordium Thugs","floor":12.0,"turns":6.0},{"damage":2.0,"enemies":"3 Louse","floor":13.0,"turns":4.0},{"damage":2.0,"enemies":"Large Slime","floor":14.0,"turns":4.0},{"damage":28.0,"enemies":"Hexaghost","floor":16.0,"turns":7.0},{"damage":19.0,"enemies":"2 Thieves","floor":18.0,"turns":5.0},{"damage":9.0,"enemies":"3 Byrds","floor":22.0,"turns":5.0},{"damage":35.0,"enemies":"Sentry and Sphere","floor":24.0,"turns":7.0},{"damage":30.0,"enemies":"DemoMod:Veteran_shot_gun_kin_and_bullet_kin","floor":28.0,"turns":6.0},{"damage":19,"enemies":"DemoMod:2_Veteran_bullet_kins_and_red_shotgun_kin","floor":29,"turns":5},{"damage":16,"enemies":"DemoMod:Red_and_blue_shotgun_kin_with_gunsinger","floor":30,"turns":5},{"damage":5,"enemies":"DemoMod:Veteran_shot_gun_kin_and_blue_shotgun_kin","floor":31,"turns":2}],"seed_played":"8187970142964889015","potions_obtained":[{"floor":4.0,"key":"SpeedPotion"},{"floor":6.0,"key":"Toxic Potion"},{"floor":11.0,"key":"blueLaboratory:ArtistsPotion"},{"floor":14.0,"key":"potionbrewer:ToxicPotion"},{"floor":16.0,"key":"blueLaboratory:BottleOfRum"},{"floor":18.0,"key":"SkillPotion"},{"floor":24.0,"key":"DistilledChaos"}],"is_trial":false,"path_per_floor":["M","?","M","M","$","E","R","?","T","M","M","M","M","M","R","B",null,"M","?","?","$","M","R","M","R","T","R","M","M","M","M"],"character_chosen":"THE_SILENT","items_purchased":["DemoMod:GnawedKey","ReplayTheSpireMod:Brewmster"],"campfire_rested":3,"item_purchase_floors":[5,21],"current_hp_per_floor":[70,70,70,70,70,63,63,56,61,61,61,57,55,53,70,42,70,51,51,44,44,35,56,21,42,70,70,40,21,7,2,2],"gold":113,"neow_bonus":"THREE_ENEMY_KILL","is_daily":false,"chose_seed":false,"campfire_upgraded":2,"win_rate":0.0,"timestamp":1614123894,"path_taken":["M","?","M","M","?","E","R","?","T","M","M","?","M","M","R","BOSS","M","?","?","$","M","R","M","R","T","R","M","M","M","M"],"items_purchased_type":["Relic","Card"],"build_version":"2020-12-22","purchased_purges":0,"victory":false,"max_hp_per_floor":[70,70,70,70,70,70,70,70,70,70,70,70,70,70,70,70,70,70,70,70,70,70,70,70,70,70,70,70,70,72,72,72],"card_choices":[{"not_picked":["Acrobatics","Bane"],"picked":"Outmaneuver","floor":1.0},{"not_picked":["Prepared","Dagger Throw"],"picked":"Blade Dance","floor":3.0},{"not_picked":["Prepared","Deflect"],"picked":"Flying Knee","floor":4.0},{"not_picked":["Dagger Spray","Toxin Wave"],"picked":"Poisoned Stab","floor":6.0},{"not_picked":["Dagger Throw","Quick Slash","ReplayTheSpireMod:Exploit Weakness"],"picked":"SKIP","floor":10.0},{"not_picked":["Dodge and Roll","Sucker Punch"],"picked":"Replay:Bag of Tricks","floor":11.0},{"not_picked":["Dagger Throw","ReplayTheSpireMod:Tripwire"],"picked":"Infinite Blades","floor":12.0},{"not_picked":["ReplayTheSpireMod:The Works","Dagger Spray"],"picked":"Flying Knee","floor":13.0},{"not_picked":["Escape Plan","Prepared","Underhanded Strike"],"picked":"SKIP","floor":14.0},{"not_picked":["Sucker Punch+1","Cloak And Dagger+1","Bane"],"picked":"SKIP","floor":18.0},{"not_picked":["Deflect","Sucker Punch","Replay:Poison Smokescreen"],"picked":"SKIP","floor":22.0},{"not_picked":["ReplayTheSpireMod:Exploit Weakness+1","Escape Plan"],"picked":"Dodge and Roll+1","floor":24.0},{"not_picked":["Expertise","Backflip+1"],"picked":"Venomology","floor":28.0},{"not_picked":["Sneak Up+1","Slice"],"picked":"Caltrops+1","floor":29},{"not_picked":["Dodge and Roll","Prepared","Bane"],"picked":"SKIP","floor":30}],"player_experience":122034,"relics_obtained":[{"floor":6.0,"key":"Replay:Wax Seal"},{"floor":9.0,"key":"potionbrewer:MortarAndPestle"}],"event_choices":[{"damage_healed":70.0,"max_hp_gain":0.0,"max_hp_loss":70.0,"gold_gain":0.0,"event_name":"betterThird:BetterShining","player_choice":"Embrace","floor":2.0,"gold_loss":0.0,"damage_taken":0.0},{"damage_healed":0.0,"max_hp_gain":0.0,"max_hp_loss":0.0,"gold_gain":0.0,"event_name":"Wheel of Change","player_choice":"Damaged","floor":8.0,"gold_loss":0.0,"damage_taken":7.0},{"damage_healed":0.0,"max_hp_gain":0.0,"max_hp_loss":0.0,"gold_gain":0.0,"event_name":"N\u0027loth","player_choice":"Ignored","floor":19.0,"gold_loss":0.0,"damage_taken":0.0},{"damage_healed":0.0,"max_hp_gain":0.0,"max_hp_loss":0.0,"gold_gain":0.0,"event_name":"Wheel of Change","player_choice":"Damaged","floor":20.0,"gold_loss":0.0,"damage_taken":7.0}],"is_beta":false,"boss_relics":[{"not_picked":["ReplayTheSpireMod:DimensionalGlitch","Busted Crown"],"picked":"HoveringKite"}],"items_purged_floors":[],"is_endless":false,"potions_floor_spawned":[4,6,11,14,16,18,24,28],"killed_by":"DemoMod:Veteran_shot_gun_kin_and_blue_shotgun_kin","ascension_level":0}}