{"host":"2d926qfvvz477zl6","time":1614051201,"event":{"mods":["Aspiration","BaseMod","Challenge The Spire","Conspire","Downfall","GifTheSpireLib","GungeonMod","Halation","Hermit","Hubris","Infinite Spire","Minty Spire (QoL Compilation)","Morshu Shopkeeper","Permanent Neow","Quick Restart","Rare Cards Sparkle","Reliquary","Replay The Spire","Shedinja","Somnambulant","Spicy Shops","StSLib","Stuff the Spire","Td1madao Mod","The Blue Laboratory","The Bug Knight","The Construct","The Cursed","The Disciple","The Forsaken","The Hierophant","TheFirefly","Wandering Minibosses","Wide Potions","everything is the same but u backflip on backflip","slay the spire mod where everything is the same but ironclad has a cowboy hat"],"gold_per_floor":[99,109,109,109,27,27,27,27,27,88,102,117,17,17,29,126,226,126,143,143,143,143],"floor_reached":20,"language":"ENG","playtime":868,"items_purged":[],"score":221,"play_id":"deb6ebcb-2225-472f-92bf-24aec4d2b45a","local_time":"20210222223321","is_ascension_mode":true,"campfire_choices":[{"floor":1.0,"key":"RECALL"},{"data":"bronze:OilSpill","floor":8.0,"key":"SMITH"},{"floor":13,"key":"REST"},{"data":"bronze:Iterate","floor":18,"key":"SMITH"}],"circlet_count":0,"master_deck":["bronze:Strike","bronze:Strike","bronze:Strike","bronze:Defend","bronze:Defend","bronze:Defend","bronze:Defend","bronze:Replicate","bronze:Goto","bronze:OilSpill+1","bronze:Turbo","bronze:Iterate+1","StuffTheSpire:CuriosityCurse","bronze:GetLatest","bronze:Shield","hubris:NaturalOne","bronze:Branch","bronze:ChildClass","bronze:Verify","bronze:CutThrough"],"relics":["bronze:BronzeCore","conspire:InfiniteJournal","Ring of Fangs","ReplayTheSpireMod:Ring of Addiction","SacredBark","Toy Ornithopter","hubris:Icosahedron","reliquary:Vitrine","reliquary:TridentHead","Question Card","downfall:HeartBlessingRed","Replay:Wanted Poster","downfall:HeartBlessingBlue"],"acts_visited":["Exordium","TheCity"],"potions_floor_usage":[15,16,20],"damage_taken":[{"damage":2.0,"enemies":"2 Louse","floor":2.0,"turns":3.0},{"damage":10.0,"enemies":"downfall:FleeingMerchant","floor":5.0,"turns":4.0},{"damage":43.0,"enemies":"Gremlin Nob","floor":10.0,"turns":5.0},{"damage":4.0,"enemies":"conspire:RoseBush","floor":11.0,"turns":1.0},{"damage":1,"enemies":"Small Slimes","floor":12,"turns":3},{"damage":0,"enemies":"2 Fungi Beasts","floor":15,"turns":2},{"damage":0,"enemies":"SI_SHIV_ARCHETYPE","floor":16,"turns":9},{"damage":37,"enemies":"conspire:FuzzyDice","floor":19,"turns":7},{"damage":23,"enemies":"Spheric Guardian","floor":20,"turns":11}],"seed_played":"-9183060474692580771","potions_obtained":[{"floor":3.0,"key":"blueLaboratory:BottleOfRum"},{"floor":3.0,"key":"blueLaboratory:Moonshine"},{"floor":3.0,"key":"DemoMod:LeadSkinPotion"},{"floor":10.0,"key":"blueLaboratory:FruitPunch"},{"floor":11,"key":"EssenceOfSteel"},{"floor":15,"key":"SpeedPotion"},{"floor":19,"key":"LifebloodPotion"}],"is_trial":false,"path_per_floor":["R","M","?","?","$","?","T","R","?","?","M","M","R","T","M","B",null,"R","M","M"],"character_chosen":"THE_AUTOMATON","items_purchased":["bronze:Iterate"],"campfire_rested":1,"item_purchase_floors":[5],"current_hp_per_floor":[49,47,47,47,42,42,42,42,42,4,9,8,29,29,34,39,70,80,43,25,25,25],"gold":143,"neow_bonus":"ONE_RARE_RELIC","is_daily":false,"chose_seed":false,"campfire_upgraded":2,"win_rate":0.0,"timestamp":1614051201,"path_taken":["R","M","?","?","$","?","T","R","?","?","?","M","R","?","M","BOSS","R","M","M"],"items_purchased_type":["Card"],"build_version":"2020-12-22","purchased_purges":0,"victory":false,"max_hp_per_floor":[70,70,70,70,70,70,70,70,68,68,72,72,72,72,70,70,70,80,80,78,78,78],"card_choices":[{"not_picked":["bronze:Fortify","bronze:ItsAFeature"],"picked":"bronze:OilSpill","floor":2.0},{"not_picked":["bronze:Allocate","bronze:Shield"],"picked":"bronze:Turbo","floor":5.0},{"not_picked":["bronze:Iterate","bronze:Optimize","bronze:Constructor"],"picked":"bronze:GetLatest","floor":10.0},{"not_picked":["bronze:DelayedSlice","bronze:NullPointer","bronze:MaxOutput"],"picked":"bronze:Shield","floor":11},{"not_picked":["bronze:Optimize","bronze:DelayedGuard","bronze:FollowUp"],"picked":"bronze:Branch","floor":12},{"not_picked":["bronze:Branch","bronze:BuggyMess","bronze:Turbo"],"picked":"bronze:ChildClass","floor":15},{"not_picked":["bronze:ShipIt","bronze:BurnOut","bronze:FindAndReplace"],"picked":"bronze:Verify","floor":16},{"not_picked":["bronze:Frontload+1","bronze:DelayedSlice","bronze:ChildClass+1"],"picked":"bronze:CutThrough","floor":19}],"player_experience":504194,"relics_obtained":[{"floor":3.0,"key":"Ring of Fangs"},{"floor":3.0,"key":"ReplayTheSpireMod:Ring of Addiction"},{"floor":3.0,"key":"SacredBark"},{"floor":3.0,"key":"Toy Ornithopter"},{"floor":7.0,"key":"reliquary:Vitrine"}],"event_choices":[],"is_beta":false,"boss_relics":[{"not_picked":["StuffTheSpire:ModemDavis","Coffee Dripper"],"picked":"Replay:Wanted Poster"}],"items_purged_floors":[],"is_endless":false,"potions_floor_spawned":[10,11,12,15,19],"killed_by":"Spheric Guardian","ascension_level":1}}