{"host":"okln270zkafj6dck","time":1614045742,"event":{"mods":["BaseMod","Minty Spire (QoL Compilation)","Permanent Neow","Quick Restart","Relic Stats","StSLib","SuperFastMode","UnlockEverythingMod"],"gold_per_floor":[114,131,150,165,165,165,165],"floor_reached":6,"language":"ENG","playtime":134,"items_purged":[],"score":76,"play_id":"515ef3d7-fb81-4977-b71b-eb8b34c929f9","local_time":"20210222180222","is_ascension_mode":true,"campfire_choices":[],"circlet_count":0,"master_deck":["AscendersBane","Strike_G","Strike_G","Strike_G","Strike_G","Strike_G","Defend_G","Defend_G","Defend_G","Defend_G","Defend_G","Survivor","Neutralize","Noxious Fumes","Deadly Poison","Dash"],"relics":["Cursed Key","Golden Idol"],"acts_visited":["Exordium"],"potions_floor_usage":[6,6],"damage_taken":[{"damage":0.0,"enemies":"Jaw Worm","floor":1.0,"turns":7.0},{"damage":7.0,"enemies":"Small Slimes","floor":2.0,"turns":4.0},{"damage":0.0,"enemies":"Cultist","floor":3.0,"turns":4.0},{"damage":26.0,"enemies":"Exordium Wildlife","floor":4.0,"turns":5.0},{"damage":35,"enemies":"Gremlin Nob","floor":6,"turns":4}],"seed_played":"-7269695902932157063","potions_obtained":[{"floor":1.0,"key":"Energy Potion"},{"floor":2.0,"key":"LiquidBronze"}],"is_trial":false,"path_per_floor":["M","M","M","M","?","E"],"character_chosen":"THE_SILENT","items_purchased":[],"campfire_rested":0,"item_purchase_floors":[],"current_hp_per_floor":[59,52,52,26,26,0,0],"gold":165,"neow_bonus":"BOSS_RELIC","is_daily":false,"chose_seed":false,"campfire_upgraded":0,"win_rate":0.0,"timestamp":1614045742,"path_taken":["M","M","M","M","?","E"],"items_purchased_type":[],"build_version":"2020-12-22","purchased_purges":0,"victory":false,"max_hp_per_floor":[66,66,66,66,60,60,60],"relic_stats":{"counters":[5,24],"Golden Idol":0,"Cursed Key":0,"obtain_stats":[{"Golden Idol":5,"Cursed Key":0,"Ring of the Snake":0},{"Golden Idol":4,"Cursed Key":0,"Ring of the Snake":0},{"Golden Idol":20,"Cursed Key":0,"Ring of the Snake":0}]},"card_choices":[{"not_picked":["Slice","Finisher"],"picked":"Noxious Fumes","floor":1.0},{"not_picked":["Dagger Spray","PiercingWail"],"picked":"Deadly Poison","floor":2.0},{"not_picked":["Deadly Poison","Slice"],"picked":"Dash","floor":3.0},{"not_picked":["Expertise","Accuracy","Dodge and Roll"],"picked":"SKIP","floor":4.0}],"player_experience":76198,"relics_obtained":[],"event_choices":[{"damage_healed":0.0,"max_hp_gain":0.0,"max_hp_loss":6.0,"gold_gain":0.0,"event_name":"Golden Idol","player_choice":"Lose Max HP","floor":5.0,"gold_loss":0.0,"damage_taken":0.0,"relics_obtained":["Golden Idol"]}],"is_beta":false,"boss_relics":[],"items_purged_floors":[],"is_endless":false,"potions_floor_spawned":[1,2],"killed_by":"Gremlin Nob","ascension_level":20}}