{"host":"zxd2l8an9de7z7b9","time":1614093637,"event":{"mods":["100% Spire Juice","2.2 Compatiblity","AchievementEnabler","BaseMod","CapriCore","Colored Map","Colored Powertips","Marisa£¨Ùöéë¡¡Øª×âÞÞ£©","Minty Spire (QoL Compilation)","Rare Cards Sparkle","StSLib","SuperFastMode","Td1madao Mod","everything is the same but u backflip on backflip"],"gold_per_floor":[110,124,124,124,124,124,139,139,165,165,9,27,27,102,102,232,232,247,30,30,50,74,92,92,130,130,130,130,149,190,18,18,149,149,163,182,242,342,356,356,369,369,369,432,448,448,5,23,23,23],"floor_reached":51,"language":"KOR","playtime":2952,"items_purged":["Strike_G","Writhe","Corpse Explosion+1"],"score":730,"play_id":"19daa9ce-2830-446e-a362-4d15d71ca015","local_time":"20210224002037","is_ascension_mode":false,"campfire_choices":[{"floor":6.0,"key":"REST"},{"data":"Envenom","floor":8.0,"key":"SMITH"},{"floor":10.0,"key":"REST"},{"data":"Noxious Fumes","floor":13.0,"key":"SMITH"},{"data":"Neutralize","floor":15.0,"key":"SMITH"},{"floor":24,"key":"REST"},{"floor":27,"key":"REST"},{"data":"Envenom","floor":32,"key":"SMITH"},{"data":"Backflip","floor":40,"key":"SMITH"},{"floor":42,"key":"REST"},{"floor":49,"key":"REST"}],"circlet_count":0,"master_deck":["Survivor+1","Neutralize+1","Envenom+1","Backflip+1","Cloak And Dagger+1","Well Laid Plans","Noxious Fumes+1","Envenom+1","Noxious Fumes","Cloak And Dagger","Deflect","Backflip","Calculated Gamble","Flechettes","Concentrate+1","Prepared+1","Tactician+1","Venomology+1","Grand Finale","Backflip+1","Corpse Explosion+1","Sucker Punch","Bane","Die Die Die","Well Laid Plans","Catalyst+1","Backflip+1","PiercingWail+1","Calculated Gamble+1","Skewer+1","Blur+1","Venomology+1","Madness+1","Madness+1","Eviscerate","Well Laid Plans"],"relics":["Ring of the Snake","Golden Idol","Dream Catcher","Membership Card","Philosopher\u0027s Stone","Oddly Smooth Stone","Nunchaku","Enchiridion","Red Mask","Happy Flower","Paper Crane","Toxic Egg 2","Bag of Preparation","Pandora\u0027s Box","CatCart","Kunai","Girya","Tingsha","TheAbacus","Mango"],"acts_visited":["Exordium","TheCity","TheBeyond"],"potions_floor_usage":[16,21,22,25,25,33,35,36,37,39,41,44,44,45,45,48,50,50],"damage_taken":[{"damage":9.0,"enemies":"2 Louse","floor":1.0,"turns":4.0},{"damage":2.0,"enemies":"Small Slimes","floor":2.0,"turns":4.0},{"damage":0.0,"enemies":"Jaw Worm","floor":7.0,"turns":5.0},{"damage":5.0,"enemies":"2 Fungi Beasts","floor":12.0,"turns":4.0},{"damage":13,"enemies":"The Guardian","floor":16,"turns":11},{"damage":28,"enemies":"Spheric Guardian","floor":18,"turns":7},{"damage":11,"enemies":"2 Thieves","floor":21,"turns":5},{"damage":0,"enemies":"Snake Plant","floor":22,"turns":4},{"damage":0,"enemies":"Centurion and Healer","floor":23,"turns":7},{"damage":4,"enemies":"Masked Bandits","floor":25,"turns":4},{"damage":1,"enemies":"Chosen and Byrds","floor":29,"turns":5},{"damage":10,"enemies":"Slavers","floor":30,"turns":5},{"damage":22,"enemies":"Champ","floor":33,"turns":9},{"damage":1,"enemies":"Orb Walker","floor":35,"turns":3},{"damage":3,"enemies":"3 Darklings","floor":36,"turns":3},{"damage":0,"enemies":"Orin","floor":37,"turns":5},{"damage":24,"enemies":"Writhing Mass","floor":39,"turns":5},{"damage":6,"enemies":"4 Shapes","floor":41,"turns":3},{"damage":0,"enemies":"Mind Bloom Boss Battle","floor":44,"turns":4},{"damage":0,"enemies":"Maw","floor":45,"turns":5},{"damage":3,"enemies":"Writhing Mass","floor":48,"turns":4},{"damage":33,"enemies":"Time Eater","floor":50,"turns":11}],"seed_played":"-8944069366395534437","potions_obtained":[{"floor":2.0,"key":"Strength Potion"},{"floor":16,"key":"Fire Potion"},{"floor":18,"key":"Weak Potion"},{"floor":21,"key":"AttackPotion"},{"floor":22,"key":"Dexterity Potion"},{"floor":29,"key":"SpeedPotion"},{"floor":35,"key":"FairyPotion"},{"floor":36,"key":"FearPotion"},{"floor":44,"key":"Poison Potion"}],"is_trial":false,"path_per_floor":["M","M","?","?","?","R","M","R","T","R","$","M","R","?","R","B",null,"M","$","?","M","M","M","R","?","T","R","?","M","E","$","R","B",null,"M","M","?","?","M","R","M","R","T","?","M","?","$","M","R","B",null],"character_chosen":"THE_SILENT","items_purchased":["Membership Card","Oddly Smooth Stone","Nunchaku","Swift Potion","Tactician+1","Energy Potion","Bag of Preparation","Tingsha","TheAbacus","Mango"],"campfire_rested":6,"item_purchase_floors":[11,19,19,19,31,31,31,47,47,47],"current_hp_per_floor":[61,59,42,28,21,42,42,42,42,63,63,58,58,47,47,34,70,42,42,26,15,15,15,36,32,32,53,53,52,42,42,42,20,70,69,66,66,66,42,42,36,57,57,57,57,48,62,59,84,51],"gold":23,"neow_bonus":"ONE_RANDOM_RARE_CARD","is_daily":false,"chose_seed":false,"campfire_upgraded":5,"win_rate":0.0,"timestamp":1614093637,"path_taken":["M","M","?","?","?","R","M","R","T","R","$","?","R","?","R","BOSS","M","$","?","M","M","M","R","?","T","R","?","?","E","$","R","BOSS","M","M","?","?","?","R","M","R","T","?","M","?","$","?","R","BOSS"],"items_purchased_type":["Relic","Relic","Relic","Potion","Card","Potion","Relic","Relic","Relic","Relic"],"build_version":"2020-12-22","purchased_purges":3,"victory":true,"max_hp_per_floor":[70,70,70,70,70,70,70,70,70,70,70,70,70,70,70,70,70,70,70,70,70,70,70,70,70,70,70,70,70,70,70,70,70,70,70,70,70,70,70,70,70,70,70,70,70,70,84,84,84,84],"card_choices":[{"not_picked":["Deflect","Concentrate"],"picked":"Backflip","floor":1.0},{"not_picked":["Dodge and Roll","Acrobatics"],"picked":"Cloak And Dagger","floor":2.0},{"not_picked":["Acrobatics","Underhanded Strike","Finisher"],"picked":"SKIP","floor":7.0},{"not_picked":["Unload","Cloak And Dagger"],"picked":"Well Laid Plans","floor":10.0},{"not_picked":["Bouncing Flask","Bane"],"picked":"Noxious Fumes","floor":12.0},{"not_picked":["Malaise","Die Die Die"],"picked":"Envenom","floor":16},{"not_picked":["Deflect","Prepared"],"picked":"Noxious Fumes","floor":18},{"not_picked":["Crippling Poison","Die Die Die"],"picked":"Cloak And Dagger","floor":21},{"not_picked":["Slice","Dodge and Roll"],"picked":"Deflect","floor":22},{"not_picked":["Caltrops","Poisoned Stab"],"picked":"Backflip","floor":23},{"not_picked":["Phantasmal Killer","Caltrops+1"],"picked":"Calculated Gamble","floor":25},{"not_picked":["Leg Sweep","Concentrate"],"picked":"Flechettes","floor":27},{"not_picked":["Heel Hook","Blade Dance+1"],"picked":"Concentrate+1","floor":29},{"not_picked":["Dodge and Roll+1","Heel Hook"],"picked":"Prepared+1","floor":30},{"not_picked":["Glass Knife","Bullet Time+1"],"picked":"Venomology+1","floor":33},{"not_picked":["Cloak And Dagger+1","Backflip+1"],"picked":"Catalyst+1","floor":35},{"not_picked":["Poisoned Stab+1","Quick Slash"],"picked":"Backflip+1","floor":36},{"not_picked":["Dagger Throw+1","Outmaneuver+1"],"picked":"PiercingWail+1","floor":37},{"not_picked":["Slice+1","Prepared+1"],"picked":"Calculated Gamble+1","floor":39},{"not_picked":["Quick Slash","Blade Dance+1"],"picked":"Skewer+1","floor":41},{"not_picked":["Poisoned Stab+1","Setup+1"],"picked":"Blur+1","floor":42},{"not_picked":["Deflect+1","Dagger Spray"],"picked":"Venomology+1","floor":45},{"not_picked":["Poisoned Stab","Flying Knee"],"picked":"Eviscerate","floor":48},{"not_picked":["Dagger Spray","Blade Dance+1"],"picked":"Well Laid Plans","floor":49}],"player_experience":459833,"relics_obtained":[{"floor":9.0,"key":"Dream Catcher"},{"floor":20,"key":"Enchiridion"},{"floor":25,"key":"Red Mask"},{"floor":26,"key":"Happy Flower"},{"floor":30,"key":"Toxic Egg 2"},{"floor":37,"key":"CatCart"},{"floor":43,"key":"Kunai"},{"floor":44,"key":"Girya"}],"event_choices":[{"damage_healed":0.0,"max_hp_gain":0.0,"max_hp_loss":0.0,"gold_gain":0.0,"event_name":"Golden Idol","player_choice":"Take Damage","floor":3.0,"gold_loss":0.0,"damage_taken":17.0,"relics_obtained":["Golden Idol"]},{"damage_healed":0.0,"max_hp_gain":0.0,"max_hp_loss":0.0,"gold_gain":0.0,"event_name":"Shining Light","player_choice":"Entered Light","floor":4.0,"gold_loss":0.0,"damage_taken":14.0,"cards_upgraded":["Survivor","Cloak And Dagger"]},{"cards_removed":["Defend_G"],"damage_healed":0.0,"max_hp_gain":0.0,"max_hp_loss":0.0,"gold_gain":0.0,"event_name":"Golden Wing","player_choice":"Card Removal","floor":5.0,"gold_loss":0.0,"damage_taken":7.0},{"damage_healed":0.0,"max_hp_gain":0.0,"max_hp_loss":0.0,"gold_gain":75.0,"event_name":"World of Goop","player_choice":"Gather Gold","floor":14.0,"gold_loss":0.0,"damage_taken":11.0},{"damage_healed":0,"gold_gain":0,"player_choice":"Obtained Book","damage_taken":16,"max_hp_gain":0,"max_hp_loss":0,"event_name":"Cursed Tome","floor":20,"gold_loss":0},{"damage_healed":0,"gold_gain":0,"player_choice":"Fought Bandits","damage_taken":0,"max_hp_gain":0,"max_hp_loss":0,"event_name":"Masked Bandits","floor":25,"gold_loss":0},{"damage_healed":0,"gold_gain":0,"player_choice":"Opened","damage_taken":0,"relics_obtained":["Paper Crane"],"max_hp_gain":0,"max_hp_loss":0,"event_name":"The Mausoleum","floor":28,"gold_loss":0,"cards_obtained":["Writhe"]},{"damage_healed":0,"gold_gain":0,"player_choice":"Fight","damage_taken":0,"max_hp_gain":0,"max_hp_loss":0,"event_name":"OrinTheCat","floor":37,"gold_loss":0},{"damage_healed":0,"gold_gain":100,"player_choice":"Pray","damage_taken":0,"max_hp_gain":0,"max_hp_loss":0,"event_name":"Golden Shrine","floor":38,"gold_loss":0},{"damage_healed":0,"gold_gain":0,"player_choice":"Fight","damage_taken":0,"max_hp_gain":0,"max_hp_loss":0,"event_name":"MindBloom","floor":44,"gold_loss":0},{"damage_healed":0,"gold_gain":0,"player_choice":"Embrace Madness","damage_taken":9,"max_hp_gain":0,"max_hp_loss":0,"event_name":"Winding Halls","floor":46,"gold_loss":0,"cards_obtained":["Madness","Madness"]}],"is_beta":false,"boss_relics":[{"not_picked":["Runic Dome","Runic Pyramid"],"picked":"Philosopher\u0027s Stone"},{"not_picked":["Black Star","Fusion Hammer"],"picked":"Pandora\u0027s Box"}],"items_purged_floors":[19,31,47],"is_endless":false,"potions_floor_spawned":[2,16,18,21,22,23,29,35,36,44,48],"ascension_level":0}}