{"host":"xw7092rw7wabncmm","time":1614047363,"event":{"mods":["AchievementEnabler","BaseMod","Bestiary","Block Reminder","Minty Spire (QoL Compilation)","Quick Restart","Relic Stats","Slay-I","Weighted Paths"],"gold_per_floor":[111,130,140,105,121,121,148,148,217,230,291,324,324,334,334,334,334],"floor_reached":16,"language":"ENG","playtime":756,"items_purged":[],"score":179,"play_id":"d4df61fd-f00d-4821-8aa4-dd8d6a01be5c","local_time":"20210222212923","is_ascension_mode":true,"campfire_choices":[{"data":"Beam Cell","floor":6,"key":"SMITH"},{"floor":8,"key":"DIG"},{"floor":13,"key":"DIG"},{"floor":15,"key":"REST"}],"circlet_count":0,"master_deck":["AscendersBane","Strike_B","Strike_B","Strike_B","Strike_B","Defend_B","Defend_B","Defend_B","Defend_B","Zap","Dualcast","Melter","Capacitor","Coolheaded","Beam Cell+1","Cold Snap","Glacier","Capacitor","Genetic Algorithm"],"relics":["Cracked Core","TungstenRod","Shovel","Potion Belt","Molten Egg 2","Torii","Ornamental Fan"],"acts_visited":["Exordium"],"potions_floor_usage":[3,10,12],"damage_taken":[{"damage":7,"enemies":"Jaw Worm","floor":1,"turns":3},{"damage":0,"enemies":"2 Louse","floor":2,"turns":2},{"damage":0,"enemies":"Cultist","floor":3,"turns":3},{"damage":0,"enemies":"Large Slime","floor":5,"turns":5},{"damage":30,"enemies":"Gremlin Nob","floor":7,"turns":4},{"damage":0,"enemies":"Blue Slaver","floor":10,"turns":3},{"damage":26,"enemies":"Lagavulin","floor":12,"turns":6},{"damage":10,"enemies":"Lots of Slimes","floor":14,"turns":6},{"damage":26,"enemies":"Hexaghost","floor":16,"turns":16}],"seed_played":"-2974077063091651748","potions_obtained":[{"floor":2,"key":"SpeedPotion"},{"floor":3,"key":"Fruit Juice"},{"floor":10,"key":"AttackPotion"}],"is_trial":false,"path_per_floor":["M","M","M","?","M","R","E","R","T","M","?","E","R","M","R","B"],"character_chosen":"DEFECT","items_purchased":[],"campfire_rested":1,"item_purchase_floors":[],"current_hp_per_floor":[43,43,48,68,68,68,38,38,38,38,38,12,12,2,26,0,0],"gold":334,"neow_bonus":"ONE_RARE_RELIC","is_daily":false,"chose_seed":false,"campfire_upgraded":1,"win_rate":0.0,"timestamp":1614047363,"path_taken":["M","M","M","?","M","R","E","R","T","M","?","E","R","?","R","BOSS"],"items_purchased_type":[],"build_version":"2020-12-22","purchased_purges":0,"victory":false,"max_hp_per_floor":[75,75,80,80,80,80,80,80,80,80,80,80,80,80,80,80,80],"relic_stats":{"Shovel":2,"Torii":11,"counters":[9,48],"Ornamental Fan":[8],"obtain_stats":[{"Potion Belt":8,"Shovel":7,"Torii":12,"Ornamental Fan":13,"Molten Egg 2":9,"Cracked Core":0,"TungstenRod":0},{"Potion Belt":5,"Shovel":5,"Torii":7,"Ornamental Fan":7,"Molten Egg 2":5,"Cracked Core":0,"TungstenRod":0},{"Potion Belt":17,"Shovel":17,"Torii":26,"Ornamental Fan":26,"Molten Egg 2":17,"Cracked Core":0,"TungstenRod":0}],"TungstenRod":22},"card_choices":[{"not_picked":["Compile Driver","Double Energy"],"picked":"Melter","floor":1},{"not_picked":["Darkness","Turbo"],"picked":"Capacitor","floor":2},{"not_picked":["Rebound","Steam"],"picked":"Coolheaded","floor":3},{"not_picked":["Rebound","Stack"],"picked":"Beam Cell","floor":5},{"not_picked":["Blizzard","Skim"],"picked":"Cold Snap","floor":7},{"not_picked":["Hello World","FTL+1"],"picked":"Glacier","floor":10},{"not_picked":["Redo","Lockon+1"],"picked":"Capacitor","floor":12},{"not_picked":["Compile Driver+1","Storm"],"picked":"Genetic Algorithm","floor":14}],"player_experience":1672410,"relics_obtained":[{"floor":7,"key":"Shovel"},{"floor":8,"key":"Potion Belt"},{"floor":9,"key":"Molten Egg 2"},{"floor":12,"key":"Torii"},{"floor":13,"key":"Ornamental Fan"}],"event_choices":[{"damage_healed":20,"gold_gain":0,"player_choice":"Healed","damage_taken":0,"max_hp_gain":0,"max_hp_loss":0,"event_name":"The Cleric","floor":4,"gold_loss":35},{"damage_healed":0,"gold_gain":61,"player_choice":"Gained Gold","damage_taken":0,"max_hp_gain":0,"max_hp_loss":0,"event_name":"Golden Wing","floor":11,"gold_loss":0}],"is_beta":false,"boss_relics":[],"items_purged_floors":[],"is_endless":false,"potions_floor_spawned":[2,3,10],"killed_by":"Hexaghost","ascension_level":12}}