{"host":"9slw7l0ws16384qq","time":1614103041,"event":{"mods":["A Penny For Your Troubles","BaseMod","Colored Map","Downfall","Evolution","Hubris","Minty Spire (QoL Compilation)","Replay The Spire","StS++","StSLib"],"gold_per_floor":[99,99,99,99,99,115,115,25,25,10,45,45,65,97,112,112,112,112],"floor_reached":16,"language":"FRA","playtime":571,"items_purged":["Delirium"],"score":154,"play_id":"117a8165-854a-41f9-aaee-3898421597a0","local_time":"20210223185721","is_ascension_mode":true,"campfire_choices":[{"data":"bronze:Replicate","floor":1,"key":"SMITH"},{"data":"bronze:DarkDash","floor":9,"key":"SMITH"},{"data":"bronze:Defend","floor":9,"key":"SMITH"},{"floor":12,"key":"REST"}],"circlet_count":0,"master_deck":["bronze:Strike","bronze:Strike","bronze:Strike","bronze:Defend","bronze:Defend+1","bronze:Replicate+1","bronze:Goto","bronze:DarkDash+1"],"relics":["bronze:BronzeCore","EVO:Axolotl","downfall:HeartsMalice","Replay:Arrowhead","Toxic Egg 2","Unceasing Top"],"acts_visited":["Exordium"],"potions_floor_usage":[14,16],"damage_taken":[{"damage":0,"enemies":"2 Louse","floor":2,"turns":1},{"damage":0,"enemies":"Cultist","floor":3,"turns":1},{"damage":0,"enemies":"Small Slimes","floor":5,"turns":1},{"damage":13,"enemies":"downfall:LooterAlt","floor":6,"turns":5},{"damage":0,"enemies":"downfall:FleeingMerchant","floor":8,"turns":4},{"damage":0,"enemies":"downfall:FleeingMerchant","floor":10,"turns":4},{"damage":16,"enemies":"Gremlin Nob","floor":11,"turns":4},{"damage":0,"enemies":"2 Fungi Beasts","floor":13,"turns":2},{"damage":2,"enemies":"3 Sentries","floor":14,"turns":6},{"damage":0,"enemies":"Red Slaver","floor":15,"turns":2},{"damage":57,"enemies":"DF_ARCHETYPE_STREAMLINE","floor":16,"turns":10}],"seed_played":"2417581295039445961","potions_obtained":[{"floor":6,"key":"Reflective Coating"},{"floor":11,"key":"LiquidMemories"},{"floor":13,"key":"champ:CounterPotion"}],"is_trial":false,"path_per_floor":["R_BF","M","M","?","M","M","T","$","R","$","E","R","M","E","M","B"],"character_chosen":"THE_AUTOMATON","items_purchased":[],"campfire_rested":1,"item_purchase_floors":[],"current_hp_per_floor":[63,63,63,63,63,50,50,50,50,50,34,55,55,53,53,0,0,0],"gold":112,"neow_bonus":"THREE_ENEMY_KILL","is_daily":false,"chose_seed":false,"campfire_upgraded":3,"win_rate":0.0,"timestamp":1614103041,"path_taken":["R_BF","M","M","?","?","M","T","$","R","$","E","R","?","E","M","BOSS"],"items_purchased_type":[],"build_version":"2020-12-22","purchased_purges":1,"victory":false,"max_hp_per_floor":[70,70,70,70,70,70,70,70,70,70,70,70,70,70,70,70,70,70],"card_choices":[{"not_picked":["bronze:ForLoop","bronze:Turbo","bronze:Invalidate"],"picked":"SKIP","floor":2},{"not_picked":["bronze:WhirlingStrike","bronze:CutThrough","bronze:Boost"],"picked":"SKIP","floor":3},{"not_picked":["bronze:DigitalCarnage","bronze:GetLatest","bronze:BuggyMess"],"picked":"SKIP","floor":5},{"not_picked":["bronze:CloningBeam","bronze:BitShift"],"picked":"bronze:DarkDash","floor":6},{"not_picked":["bronze:Iterate","bronze:Separator","bronze:DelayedGuard"],"picked":"SKIP","floor":8},{"not_picked":["bronze:GetLatest","bronze:Turbo","bronze:Frontload"],"picked":"SKIP","floor":10},{"not_picked":["bronze:Virus","bronze:DelayedSlice","bronze:BronzeOrb"],"picked":"SKIP","floor":11},{"not_picked":["bronze:Boost+1","bronze:BugBarrage","bronze:Backtrace"],"picked":"SKIP","floor":13},{"not_picked":["bronze:WhirlingStrike","bronze:Constructor+1","bronze:Repulsor"],"picked":"SKIP","floor":14},{"not_picked":["bronze:Invalidate+1","bronze:Refactor+1","bronze:CutThrough"],"picked":"SKIP","floor":15}],"player_experience":1727896,"relics_obtained":[{"floor":7,"key":"Replay:Arrowhead"},{"floor":11,"key":"Toxic Egg 2"},{"floor":14,"key":"Unceasing Top"}],"event_choices":[],"is_beta":false,"boss_relics":[],"items_purged_floors":[8],"is_endless":false,"potions_floor_spawned":[6,11,13],"killed_by":"DF_ARCHETYPE_STREAMLINE","ascension_level":9}}