{"host":"ifvrsrzj00f2ebkn","time":1614061499,"event":{"mods":["BaseMod","Bestiary","BetterRewards","Block Reminder","Colored Map","Colored Powertips","Defuse TimeMaze Blight","Downfall","Minty Spire (QoL Compilation)","Permanent Neow","Quick Restart","Remove Card Discount Mod","Shop Mod","Spicy Shops","StSLib","Thieving Mod","????"],"gold_per_floor":[99,109,109,184,184,212,212,224,259,259,291,291,291,107,126,202,202,202,220,220,220,0,0,0,35,52,65,100,0,28,58,69,143,143,71,89,89,89,109,135,189,225,22,22,22,22],"floor_reached":44,"language":"ENG","playtime":5486,"items_purged":["downfall:Bewildered","Writhe","Slimebound:Darklings","Slimebound:LeechEnergy+1"],"score":1891,"play_id":"cf4f9ecd-e882-40ea-986c-79f6a270502c","local_time":"20210223142459","daily_mods":["SealedDeck","Vintage","Heirloom","Time Dilation","Flight","DeadlyEvents","Elite Swarm"],"is_ascension_mode":true,"campfire_choices":[{"data":"Slimebound:Schlurp","floor":1.0,"key":"SMITH"},{"data":"Slimebound:Schlurp","floor":10.0,"key":"SMITH"},{"data":"Slimebound:Schlurp","floor":12.0,"key":"SMITH"},{"data":"Slimebound:GoopSpray","floor":13.0,"key":"SMITH"},{"data":"Slimebound:MassRepurpose","floor":18.0,"key":"SMITH"},{"data":"Slimebound:LeechLife","floor":23.0,"key":"SMITH"},{"data":"Slimebound:LeechingTouch","floor":29.0,"key":"SMITH"}],"circlet_count":0,"master_deck":["AscendersBane","Slimebound:LeechingTouch+1","Slimebound:Schlurp+1","Slimebound:Schlurp+1","Slimebound:Schlurp+1","Slimebound:Schlurp+1","Slimebound:GoopSpray+1","Slimebound:SplitBruiser","Slimebound:SplitMire","Slimebound:SplitAcid","Slimebound:LeechLife+1","Slimebound:MassRepurpose+1","Slimebound:LeechLife+1","Slimebound:FirmFortitude","Slimebound:SlimeSlap+1","Slimebound:SlimeSlap+1","Slimebound:LivingWall","Slimebound:LeechingTouch+1"],"relics":["Slimebound:AbsorbEndCombat","Calipers","Vajra","Bag of Preparation","Unceasing Top","Slimebound:PotencyRelic","Frozen Egg 2","Molten Egg 2","sneckomod:BabySnecko","MerchantsRug","champ:DeflectingBracers","Question Card","Art of War","Bottled Flame","downfall:HeartBlessingBlue","Happy Flower","Matryoshka","Sundial","Gremlin Horn","Blood Vial","InkBottle","MealTicket","Slimebound:PreparedRelic","CeramicFish","The Courier","Strawberry","Pen Nib","bronze:BronzeIdol","Slimebound:SlimedSkullRelic"],"acts_visited":["Exordium","TheCity","TheBeyond"],"potions_floor_usage":[],"damage_taken":[{"damage":1.0,"enemies":"2 Louse","floor":2.0,"turns":2.0},{"damage":0.0,"enemies":"3 Sentries","floor":6.0,"turns":5.0},{"damage":0.0,"enemies":"Small Slimes","floor":8.0,"turns":2.0},{"damage":0.0,"enemies":"Lagavulin","floor":9.0,"turns":4.0},{"damage":0.0,"enemies":"Gremlin Nob","floor":11.0,"turns":3.0},{"damage":0.0,"enemies":"downfall:FleeingMerchant","floor":14.0,"turns":4.0},{"damage":0.0,"enemies":"Jaw Worm","floor":15.0,"turns":2.0},{"damage":7.0,"enemies":"DF_ARCHETYPE_STREAMLINE","floor":16.0,"turns":6.0},{"damage":12.0,"enemies":"Chosen","floor":19.0,"turns":3.0},{"damage":0.0,"enemies":"downfall:FleeingMerchant","floor":22.0,"turns":4.0},{"damage":40.0,"enemies":"Slavers","floor":25.0,"turns":5.0},{"damage":0.0,"enemies":"3 Byrds","floor":26.0,"turns":3.0},{"damage":6.0,"enemies":"Snake Plant","floor":27.0,"turns":3.0},{"damage":6.0,"enemies":"Book of Stabbing","floor":28.0,"turns":4.0},{"damage":32.0,"enemies":"Slavers","floor":30.0,"turns":4.0},{"damage":54.0,"enemies":"Gremlin Leader","floor":31.0,"turns":4.0},{"damage":0.0,"enemies":"3 Cultists","floor":32.0,"turns":3.0},{"damage":0.0,"enemies":"WA_ARCHETYPE_CALM","floor":33.0,"turns":5.0},{"damage":5.0,"enemies":"3 Shapes","floor":36.0,"turns":3.0},{"damage":3.0,"enemies":"Orb Walker","floor":39.0,"turns":3.0},{"damage":0.0,"enemies":"Nemesis","floor":40.0,"turns":3.0},{"damage":18.0,"enemies":"Reptomancer","floor":42.0,"turns":5.0},{"damage":0.0,"enemies":"downfall:FleeingMerchant","floor":43.0,"turns":1.0}],"seed_played":"1160970093053897927","potions_obtained":[{"floor":11.0,"key":"BlessingOfTheForge"},{"floor":15.0,"key":"Block Potion"},{"floor":25.0,"key":"Swift Potion"},{"floor":30.0,"key":"Dexterity Potion"},{"floor":39.0,"key":"bronze:BurnAndBuffPotion"},{"floor":42.0,"key":"Regen Potion"}],"is_trial":true,"path_per_floor":["R","M","?","?","?","E","T","M","E","R","E","R","R","$","M","B",null,"R","M","?","?","$","R","T","E","M","M","E","R","E","E","M","B",null,"R","M","?","?","M","E","T","E","$","R"],"character_chosen":"SLIMEBOUND","items_purchased":["Slimebound:MassRepurpose","MerchantsRug","Lee\u0027s Waffle","Gremlin Horn","Slimebound:LeechingTouch+1","Strawberry","Pen Nib","bronze:BronzeIdol","Slimebound:SlimedSkullRelic"],"campfire_rested":0,"item_purchase_floors":[14,22,22,35,43,43,43,43,43],"current_hp_per_floor":[53,54,54,54,36,40,40,42,44,44,59,59,59,59,59,59,59,59,47,47,47,66,66,66,28,40,66,66,76,56,24,34,76,76,76,76,76,76,73,76,76,74,83,83,83,83],"gold":22,"neow_bonus":"","is_daily":false,"chose_seed":false,"campfire_upgraded":7,"win_rate":0.0,"timestamp":1614061499,"path_taken":["R","M","?","?","?","E","T","M","E","R","E","R","R","$","M","BOSS","R","M","?","?","$","R","T","E","?","M","E","R","E","E","M","BOSS","R","M","?","?","M","E","T","E","$","R"],"items_purchased_type":["Card","Relic","Relic","Relic","Card","Relic","Relic","Relic","Relic"],"build_version":"2020-12-22","purchased_purges":4,"victory":false,"max_hp_per_floor":[59,59,59,59,59,59,59,59,59,59,59,59,59,59,59,59,59,59,59,59,59,66,66,66,66,66,66,66,76,76,76,76,76,76,76,76,76,76,76,76,76,76,83,83,83,83],"card_choices":[{"not_picked":["Slimebound:DuplicatedForm","Slimebound:TagTeam"],"picked":"Slimebound:LeechLife","floor":6.0},{"not_picked":["Slimebound:OneTwoCombo","Slimebound:Teamwork","Slimebound:RallyTheTroops"],"picked":"SKIP","floor":9.0},{"not_picked":["Slimebound:OozeBath","Slimebound:FirmFortitude"],"picked":"Slimebound:Darklings","floor":11.0},{"not_picked":["Slimebound:RollThrough","Slimebound:SplitBruiser","Slimebound:SamplingLick"],"picked":"SKIP","floor":14.0},{"not_picked":["Slimebound:SplitBruiser","Slimebound:RollThrough+1","Slimebound:SplitAcid+1"],"picked":"SKIP","floor":22.0},{"not_picked":["Slimebound:WasteNot","Slimebound:PrepareCrush","Slimebound:SelfFormingGoo+1"],"picked":"SKIP","floor":25.0},{"not_picked":["Slimebound:DuplicatedForm+1","Slimebound:FirmFortitude","Slimebound:DouseInSlime"],"picked":"Slimebound:LeechLife+1","floor":28.0},{"not_picked":["Slimebound:Teamwork","Slimebound:Darklings","Slimebound:MassFeed+1"],"picked":"Slimebound:FirmFortitude","floor":30.0},{"not_picked":["Slimebound:OozeBath","Slimebound:PrepareCrush","Slimebound:MassRepurpose","Slimebound:TagTeam+1"],"picked":"SKIP","floor":31.0},{"not_picked":["Slimebound:Overexert+1","Slimebound:FirmFortitude","Slimebound:WasteNot"],"picked":"Slimebound:SlimeSlap+1","floor":40.0},{"not_picked":["Slimebound:OneTwoCombo+1","Slimebound:Darklings","Slimebound:DuplicatedForm+1"],"picked":"Slimebound:SlimeSlap+1","floor":42.0},{"not_picked":["Slimebound:ComboTackle+1","Slimebound:HungryTackle+1","Slimebound:Nibble+1"],"picked":"Slimebound:LivingWall","floor":43.0}],"player_experience":73034,"relics_obtained":[{"floor":2.0,"key":"hexamod:Sixitude"},{"floor":6.0,"key":"Vajra"},{"floor":8.0,"key":"Bag of Preparation"},{"floor":9.0,"key":"Potion Belt"},{"floor":11.0,"key":"Unceasing Top"},{"floor":15.0,"key":"Slimebound:PotencyRelic"},{"floor":19.0,"key":"Frozen Egg 2"},{"floor":24.0,"key":"Bird Faced Urn"},{"floor":25.0,"key":"champ:DeflectingBracers"},{"floor":26.0,"key":"Question Card"},{"floor":27.0,"key":"Art of War"},{"floor":28.0,"key":"Bottled Flame"},{"floor":30.0,"key":"Happy Flower"},{"floor":31.0,"key":"Matryoshka"},{"floor":32.0,"key":"Sundial"},{"floor":36.0,"key":"Blood Vial"},{"floor":39.0,"key":"InkBottle"},{"floor":40.0,"key":"MealTicket"},{"floor":41.0,"key":"Slimebound:PreparedRelic"},{"floor":41.0,"key":"CeramicFish"},{"floor":42.0,"key":"The Courier"}],"event_choices":[{"damage_healed":0.0,"max_hp_gain":0.0,"max_hp_loss":0.0,"gold_gain":0.0,"event_name":"Golden Wing","player_choice":"Ignored","floor":3.0,"gold_loss":0.0,"damage_taken":0.0},{"damage_healed":0.0,"max_hp_gain":0.0,"max_hp_loss":0.0,"gold_gain":0.0,"event_name":"Shining Light","player_choice":"Entered Light","floor":5.0,"gold_loss":0.0,"damage_taken":18.0,"cards_upgraded":["Slimebound:LeechEnergy","Slimebound:Schlurp"]}],"is_beta":false,"boss_relics":[{"not_picked":["Slimebound:TarBlob","Runic Dome"],"picked":"Velvet Choker"},{"not_picked":["Snecko Eye","expansioncontent:StudyCardRelic"],"picked":"SacredBark"}],"items_purged_floors":[22,22,22,22],"is_endless":true,"potions_floor_spawned":[6,11,15,25,30,31,39,42],"ascension_level":20}}