{"host":"l6hozn7rm7h1cdqu","time":1614060602,"event":{"mods":["BaseMod","BetterRewards","Clockwork Mod","Colored Powertips","GifTheSpireLib","Minty Spire (QoL Compilation)","Shop Mod","StSLib","Stuff the Spire","The Cursed"],"gold_per_floor":[144,189,169,19,64,64,64,154,154,244,67,67,67,142,142,442,442,487,532,132,57,102,192,192,192,192,107,107,197,197,287,287,587,587,632,659,704,854,529,619,619,529,554,599,644,689,689,779,779,779],"floor_reached":51,"language":"ENG","playtime":2371,"items_purged":["Regret"],"score":917,"play_id":"4298604d-8ae9-4bab-8d77-9f4fbae56156","local_time":"20210223011002","daily_mods":["Draft","Flight","Midas"],"is_ascension_mode":false,"campfire_choices":[{"floor":6,"key":"REST"},{"floor":12,"key":"REST"},{"floor":15,"key":"REST"},{"floor":25,"key":"REST"},{"floor":30,"key":"REST"},{"floor":32,"key":"REST"},{"floor":41,"key":"REST"},{"floor":49,"key":"REST"}],"circlet_count":0,"master_deck":["Sword Boomerang","Anger+1","Clash","Bloodletting","Heavy Blade","Thunderclap","True Grit","Body Slam","Inflame","Flex","Clothesline","Armaments","Metallicize","Armaments+1","Clash","Anger","Battle Trance+1","Mayhem","Offering","StuffTheSpire:Innocence","Clash","Berserk","Fire Breathing","Demon Form","Armaments+1","Hemokinesis+1","Heavy Blade+1"],"relics":["Burning Blood","MerchantsRug","StuffTheSpire:RedRose","StuffTheSpire:Experiment12","StuffTheSpire:Gunfinga","Bottled Lightning","StuffTheSpire:CocoNut","SacredBark","Sling","Pantograph","Thread and Needle","HornCleat","War Paint","StuffTheSpire:NeowsTribute","Regal Pillow","SlaversCollar","StuffTheSpire:BottledHeartBeat","Pocketwatch","Paper Frog","Boot","Anchor","StuffTheSpire:Tea"],"acts_visited":["Exordium","TheCity","TheBeyond"],"potions_floor_usage":[19,23,29,33,37,46,46,50,50],"damage_taken":[{"damage":1,"enemies":"Jaw Worm","floor":1,"turns":2},{"damage":3,"enemies":"Cultist","floor":2,"turns":2},{"damage":0,"enemies":"2 Louse","floor":5,"turns":2},{"damage":12,"enemies":"Gremlin Nob","floor":8,"turns":3},{"damage":10,"enemies":"3 Sentries","floor":10,"turns":4},{"damage":51,"enemies":"Hexaghost","floor":16,"turns":6},{"damage":5,"enemies":"Chosen","floor":18,"turns":3},{"damage":6,"enemies":"Shell Parasite","floor":19,"turns":2},{"damage":21,"enemies":"Centurion and Healer","floor":22,"turns":4},{"damage":8,"enemies":"Gremlin Leader","floor":23,"turns":4},{"damage":6,"enemies":"Slavers","floor":29,"turns":2},{"damage":11,"enemies":"Book of Stabbing","floor":31,"turns":2},{"damage":56,"enemies":"Collector","floor":33,"turns":7},{"damage":19,"enemies":"Orb Walker","floor":35,"turns":3},{"damage":33,"enemies":"2 Orb Walkers","floor":36,"turns":4},{"damage":17,"enemies":"3 Darklings","floor":37,"turns":4},{"damage":15,"enemies":"Mind Bloom Boss Battle","floor":38,"turns":5},{"damage":21,"enemies":"Reptomancer","floor":40,"turns":4},{"damage":6,"enemies":"Writhing Mass","floor":44,"turns":3},{"damage":0,"enemies":"Sphere and 2 Shapes","floor":45,"turns":3},{"damage":29,"enemies":"4 Shapes","floor":46,"turns":4},{"damage":2,"enemies":"Nemesis","floor":48,"turns":3},{"damage":42,"enemies":"Awakened One","floor":50,"turns":7}],"seed_played":"-7386017133472573341","potions_obtained":[{"floor":1,"key":"DistilledChaos"},{"floor":2,"key":"Dexterity Potion"},{"floor":3,"key":"Dexterity Potion"},{"floor":10,"key":"Fruit Juice"},{"floor":19,"key":"Energy Potion"},{"floor":23,"key":"ColorlessPotion"},{"floor":37,"key":"BloodPotion"},{"floor":40,"key":"Strength Potion"},{"floor":45,"key":"SneckoOil"},{"floor":48,"key":"BloodPotion"}],"is_trial":false,"path_per_floor":["M","M","?","$","M","R","?","E","T","E","$","R","?","?","R","B",null,"M","M","$","?","M","E","?","R","T","?","?","E","R","E","R","B",null,"M","?","M","?","$","E","R","?","T","M","M","M","$","E","R","B",null],"character_chosen":"IRONCLAD","items_purchased":["MerchantsRug","Mayhem","Sling","Pantograph","Paper Frog"],"campfire_rested":8,"item_purchase_floors":[4,11,20,20,39],"current_hp_per_floor":[80,80,80,80,80,80,80,74,74,70,70,80,87,76,87,42,87,87,87,87,87,72,80,61,91,91,91,96,96,102,97,102,52,102,89,62,91,93,93,78,102,102,102,102,102,79,79,83,102,101],"gold":779,"neow_bonus":"","is_daily":true,"chose_seed":false,"campfire_upgraded":0,"win_rate":0.0,"timestamp":1614060602,"path_taken":["M","M","?","$","?","R","?","E","T","E","$","R","?","?","R","BOSS","M","M","$","?","M","E","?","R","T","?","?","E","R","E","R","BOSS","M","?","M","?","$","E","R","?","T","M","M","M","$","E","R","BOSS"],"items_purchased_type":["Relic","Card","Relic","Relic","Relic"],"build_version":"2020-12-22","purchased_purges":1,"victory":true,"max_hp_per_floor":[80,80,80,80,80,80,80,80,80,80,80,80,87,87,87,87,87,87,87,87,87,87,97,102,102,102,102,102,102,102,102,102,102,102,102,102,102,102,102,102,102,102,102,102,102,102,102,102,102,102],"card_choices":[{"not_picked":["Ghostly Armor","Shockwave"],"picked":"Sword Boomerang","floor":0},{"not_picked":["Dark Embrace","StuffTheSpire:BloodClot"],"picked":"Anger","floor":0},{"not_picked":["True Grit","Thunderclap"],"picked":"Clash","floor":0},{"not_picked":["Iron Wave","Dark Embrace"],"picked":"Bloodletting","floor":0},{"not_picked":["Shrug It Off","Searing Blow"],"picked":"Heavy Blade","floor":0},{"not_picked":["StuffTheSpire:RockThrow","Twin Strike"],"picked":"Thunderclap","floor":0},{"not_picked":["Pummel","StuffTheSpire:Slingshot"],"picked":"True Grit","floor":0},{"not_picked":["Havoc","True Grit"],"picked":"Body Slam","floor":0},{"not_picked":["Pommel Strike","Flame Barrier"],"picked":"Inflame","floor":0},{"not_picked":["Dropkick","Sword Boomerang"],"picked":"Flex","floor":0},{"not_picked":["Body Slam","Shrug It Off"],"picked":"Clothesline","floor":0},{"not_picked":["StuffTheSpire:Slingshot","StuffTheSpire:Incineration"],"picked":"Havoc","floor":0},{"not_picked":["Thunderclap","Fire Breathing"],"picked":"Armaments","floor":0},{"not_picked":["Twin Strike","Sword Boomerang"],"picked":"Metallicize","floor":0},{"not_picked":["Thunderclap","StuffTheSpire:RockThrow"],"picked":"Armaments","floor":0},{"not_picked":["Carnage","Perfected Strike"],"picked":"Clash","floor":1},{"not_picked":["Sever Soul","Wild Strike"],"picked":"Anger","floor":2},{"not_picked":["Shrug It Off","Combust","Blood for Blood"],"picked":"SKIP","floor":5},{"not_picked":["Shockwave","Flex","Hemokinesis"],"picked":"SKIP","floor":8},{"not_picked":["Burning Pact","Disarm"],"picked":"Battle Trance","floor":10},{"not_picked":["Brutality","Double Tap"],"picked":"Offering","floor":16},{"not_picked":["StuffTheSpire:RockThrow","Anger","Entrench"],"picked":"SKIP","floor":18},{"not_picked":["StuffTheSpire:BloodClot+1","Perfected Strike","True Grit"],"picked":"SKIP","floor":19},{"not_picked":["Combust","Rampage"],"picked":"Clash","floor":22},{"not_picked":["Dropkick+1","Cleave"],"picked":"Berserk","floor":23},{"not_picked":["Body Slam","Sever Soul","Anger"],"picked":"SKIP","floor":29},{"not_picked":["Havoc","Intimidate"],"picked":"Fire Breathing","floor":31},{"not_picked":["Immolate","Offering"],"picked":"Demon Form","floor":33},{"not_picked":["Fire Breathing","Heavy Blade+1"],"picked":"Armaments+1","floor":35},{"not_picked":["Cleave+1","Blood for Blood+1","Brutality"],"picked":"SKIP","floor":37},{"not_picked":["Power Through+1","Searing Blow"],"picked":"Hemokinesis+1","floor":38},{"not_picked":["Anger","Havoc+1","Intimidate+1"],"picked":"SKIP","floor":40},{"not_picked":["Iron Wave+1","Body Slam","Bloodletting+1"],"picked":"SKIP","floor":44},{"not_picked":["Evolve+1","StuffTheSpire:Incineration","Perfected Strike+1"],"picked":"SKIP","floor":45},{"not_picked":["Feed","Havoc","Armaments+1"],"picked":"SKIP","floor":46},{"not_picked":["Cleave","Iron Wave+1"],"picked":"Heavy Blade+1","floor":48}],"player_experience":452825,"relics_obtained":[{"floor":8,"key":"StuffTheSpire:Experiment12"},{"floor":9,"key":"StuffTheSpire:Gunfinga"},{"floor":10,"key":"Bottled Lightning"},{"floor":23,"key":"Thread and Needle"},{"floor":26,"key":"HornCleat"},{"floor":29,"key":"StuffTheSpire:NeowsTribute"},{"floor":31,"key":"Regal Pillow"},{"floor":36,"key":"StuffTheSpire:BottledHeartBeat"},{"floor":38,"key":"Pocketwatch"},{"floor":40,"key":"Boot"},{"floor":43,"key":"Anchor"},{"floor":48,"key":"StuffTheSpire:Tea"}],"event_choices":[{"damage_healed":0,"gold_gain":0,"player_choice":"Bought 1 Potion","damage_taken":0,"max_hp_gain":0,"max_hp_loss":0,"event_name":"The Woman in Blue","floor":3,"gold_loss":0},{"damage_healed":0,"gold_gain":0,"player_choice":"Box","damage_taken":0,"relics_obtained":["StuffTheSpire:CocoNut"],"max_hp_gain":0,"max_hp_loss":0,"event_name":"Big Fish","floor":13,"gold_loss":0,"cards_obtained":["Regret"]},{"damage_healed":0,"gold_gain":75,"player_choice":"Gather Gold","damage_taken":11,"max_hp_gain":0,"max_hp_loss":0,"event_name":"World of Goop","floor":14,"gold_loss":0},{"damage_healed":0,"gold_gain":0,"player_choice":"Shed Blood","damage_taken":24,"max_hp_gain":5,"max_hp_loss":0,"event_name":"Forgotten Altar","floor":24,"gold_loss":0},{"damage_healed":0,"gold_gain":0,"player_choice":"Obtained Relic","damage_taken":0,"relics_obtained":["War Paint"],"max_hp_gain":0,"max_hp_loss":0,"event_name":"Addict","floor":27,"gold_loss":85},{"cards_removed":["Havoc"],"damage_healed":5,"gold_gain":0,"player_choice":"Offered Common","damage_taken":0,"max_hp_gain":0,"max_hp_loss":0,"event_name":"Bonfire Elementals","floor":28,"gold_loss":0},{"cards_removed":["Havoc"],"damage_healed":5,"gold_gain":0,"player_choice":"Offered Special","damage_taken":0,"max_hp_gain":0,"max_hp_loss":0,"event_name":"Bonfire Elementals","floor":28,"gold_loss":0},{"damage_healed":0,"gold_gain":0,"player_choice":"Fight","damage_taken":0,"max_hp_gain":0,"max_hp_loss":0,"event_name":"Mysterious Sphere","floor":36,"gold_loss":0},{"damage_healed":0,"gold_gain":0,"player_choice":"Fight","damage_taken":0,"max_hp_gain":0,"max_hp_loss":0,"event_name":"MindBloom","floor":38,"gold_loss":0},{"cards_removed":["Regret"],"damage_healed":0,"gold_gain":0,"player_choice":"Upgrade and Remove","damage_taken":0,"max_hp_gain":0,"max_hp_loss":0,"event_name":"Designer","floor":42,"gold_loss":90,"cards_upgraded":["Anger"]}],"is_beta":false,"boss_relics":[{"not_picked":["Ectoplasm","Snecko Eye"],"picked":"SacredBark"},{"not_picked":["Velvet Choker","Coffee Dripper"],"picked":"SlaversCollar"}],"items_purged_floors":[39],"is_endless":false,"potions_floor_spawned":[1,2,10,19,22,23,37,40,45,48],"ascension_level":0}}