{"host":"9ndbo4kgsfoemf7y","time":1614077151,"event":{"mods":["AchievementEnabler","BaseMod","Colored Map","DeckTracker","Keyboard Shortcuts","Minty Spire (QoL Compilation)","Permanent Neow","Quick Restart","Relic Stats","StSLib","SuperFastMode"],"gold_per_floor":[114,189,206,218,218,232,263,263,263,263,280,230,242,13,13,108,108,122,322,338,358,58,58,58,58,84,94,104,104,203,203,203],"floor_reached":31,"language":"KOR","playtime":834,"items_purged":["Strike_B"],"score":367,"play_id":"f895e562-5559-409f-b353-ec5da60247cf","local_time":"20210223194551","is_ascension_mode":true,"campfire_choices":[{"data":"Zap","floor":8.0,"key":"SMITH"},{"data":"Dualcast","floor":10.0,"key":"SMITH"},{"floor":15.0,"key":"REST"},{"data":"Creative AI","floor":23,"key":"SMITH"},{"data":"Hologram","floor":25,"key":"SMITH"}],"circlet_count":0,"master_deck":["AscendersBane","Strike_B","Strike_B","Defend_B","Defend_B","Zap+1","Dualcast+1","Self Repair","Sweeping Beam","Scrape","BootSequence","Beam Cell","Auto Shields","Electrodynamics","Go for the Eyes","Hologram+1","Creative AI+1","Loop","Turbo"],"relics":["Cracked Core","Shuriken","Torii","Potion Belt","Medical Kit","Busted Crown","Emotion Chip","Smiling Mask","Prayer Wheel"],"acts_visited":["Exordium","TheCity"],"potions_floor_usage":[28],"damage_taken":[{"damage":4.0,"enemies":"Jaw Worm","floor":1.0,"turns":4.0},{"damage":10.0,"enemies":"Small Slimes","floor":3.0,"turns":4.0},{"damage":1.0,"enemies":"Cultist","floor":4.0,"turns":3.0},{"damage":9.0,"enemies":"Red Slaver","floor":6.0,"turns":3.0},{"damage":15.0,"enemies":"3 Sentries","floor":7.0,"turns":6.0},{"damage":20.0,"enemies":"Exordium Thugs","floor":11.0,"turns":3.0},{"damage":0.0,"enemies":"Exordium Wildlife","floor":13.0,"turns":2.0},{"damage":18.0,"enemies":"Hexaghost","floor":16.0,"turns":10.0},{"damage":12.0,"enemies":"2 Thieves","floor":18.0,"turns":3.0},{"damage":19.0,"enemies":"Spheric Guardian","floor":20.0,"turns":4.0},{"damage":16,"enemies":"Snake Plant","floor":21,"turns":4},{"damage":16,"enemies":"Snecko","floor":27,"turns":4},{"damage":9,"enemies":"Shelled Parasite and Fungi","floor":28,"turns":4},{"damage":18,"enemies":"Snake Plant","floor":31,"turns":2}],"seed_played":"-6479973638895242280","potions_obtained":[{"floor":3.0,"key":"Strength Potion"},{"floor":7.0,"key":"Fire Potion"},{"floor":11.0,"key":"Explosive Potion"},{"floor":16.0,"key":"BlessingOfTheForge"},{"floor":21,"key":"AttackPotion"},{"floor":28,"key":"DistilledChaos"}],"is_trial":false,"path_per_floor":["M","?","M","M","T","M","E","R","T","R","M","?","M","$","R","B",null,"M","?","M","M","$","R","$","R","T","M","M","T","?","M"],"character_chosen":"DEFECT","items_purchased":["Medical Kit","Emotion Chip"],"campfire_rested":1,"item_purchase_floors":[14,22],"current_hp_per_floor":[68,57,54,60,60,58,50,50,50,50,30,30,30,30,50,39,61,56,56,44,35,35,35,35,35,35,19,17,17,17,0,0],"gold":203,"neow_bonus":"TRANSFORM_TWO_CARDS","is_daily":false,"chose_seed":false,"campfire_upgraded":4,"win_rate":0.0,"timestamp":1614077151,"path_taken":["M","?","M","M","?","M","E","R","T","R","M","?","M","$","R","BOSS","M","?","?","M","?","R","$","R","T","?","M","?","?","M"],"items_purchased_type":["Relic","Relic"],"build_version":"2020-12-22","purchased_purges":1,"victory":false,"max_hp_per_floor":[68,68,68,68,68,68,68,68,68,68,68,68,68,68,68,68,68,68,68,68,68,68,68,68,68,68,68,68,68,68,68,68],"relic_stats":{"Emotion Chip":[16,16,0,0,0],"Busted Crown":10,"Torii":51,"counters":[14,56],"Shuriken":[11],"Prayer Wheel":0,"Medical Kit":[3],"Smiling Mask":0,"obtain_stats":[{"Potion Belt":9,"Emotion Chip":22,"Busted Crown":17,"Torii":7,"Shuriken":5,"Prayer Wheel":29,"Cracked Core":0,"Medical Kit":14,"Smiling Mask":26},{"Potion Belt":5,"Emotion Chip":11,"Busted Crown":8,"Torii":5,"Shuriken":3,"Prayer Wheel":13,"Cracked Core":0,"Medical Kit":7,"Smiling Mask":11},{"Potion Belt":20,"Emotion Chip":46,"Busted Crown":35,"Torii":20,"Shuriken":11,"Prayer Wheel":54,"Cracked Core":0,"Medical Kit":25,"Smiling Mask":46}]},"card_choices":[{"not_picked":["Stack","Compile Driver"],"picked":"Scrape","floor":1.0},{"not_picked":["Doom and Gloom","Rebound"],"picked":"BootSequence","floor":3.0},{"not_picked":["Darkness","Stack"],"picked":"Beam Cell","floor":4.0},{"not_picked":["Leap","Stack"],"picked":"Auto Shields","floor":6.0},{"not_picked":["Beam Cell","Redo"],"picked":"Electrodynamics","floor":7.0},{"not_picked":["Gash","Leap"],"picked":"Go for the Eyes","floor":11.0},{"not_picked":["Static Discharge","Ball Lightning"],"picked":"Hologram","floor":13.0},{"not_picked":["Amplify","Electrodynamics"],"picked":"Creative AI","floor":16.0},{"not_picked":["Streamline"],"picked":"SKIP","floor":18.0},{"not_picked":[],"picked":"Loop","floor":20.0},{"not_picked":["Blizzard"],"picked":"SKIP","floor":21},{"not_picked":[],"picked":"Turbo","floor":27},{"not_picked":["Ball Lightning"],"picked":"SKIP","floor":28}],"player_experience":881105,"relics_obtained":[{"floor":5.0,"key":"Shuriken"},{"floor":7.0,"key":"Torii"},{"floor":9.0,"key":"Potion Belt"},{"floor":26,"key":"Smiling Mask"},{"floor":29,"key":"Prayer Wheel"}],"event_choices":[{"damage_healed":0.0,"max_hp_gain":0.0,"max_hp_loss":0.0,"gold_gain":75.0,"event_name":"World of Goop","player_choice":"Gather Gold","floor":2.0,"gold_loss":0.0,"damage_taken":11.0},{"cards_removed":["Defend_B"],"damage_healed":0.0,"max_hp_gain":0.0,"max_hp_loss":0.0,"gold_gain":0.0,"event_name":"The Cleric","player_choice":"Card Removal","floor":12.0,"gold_loss":50.0,"damage_taken":0.0},{"damage_healed":0.0,"max_hp_gain":0.0,"max_hp_loss":0.0,"gold_gain":200.0,"event_name":"Wheel of Change","player_choice":"Gold","floor":19.0,"gold_loss":0.0,"damage_taken":0.0},{"damage_healed":0,"gold_gain":99,"player_choice":"Stole From Cult","damage_taken":0,"max_hp_gain":0,"max_hp_loss":0,"event_name":"Nest","floor":30,"gold_loss":0}],"is_beta":false,"boss_relics":[{"not_picked":["Black Star","Velvet Choker"],"picked":"Busted Crown"}],"items_purged_floors":[14],"is_endless":false,"potions_floor_spawned":[3,7,11,16,21,28],"killed_by":"Snake Plant","ascension_level":11}}