{"host":"4yf2n7l3ni368tvf","time":1614058790,"event":{"mods":["AchievementEnabler","BaseMod","Colored Map","DeckTracker","Keyboard Shortcuts","Minty Spire (QoL Compilation)","SuperFastMode"],"gold_per_floor":[112,123,123,99,117,117,143,163,187,187,207,207,236,254,254,354,354,319,338,263,4,14,40,40,40,40,40,40,71,84,84,84,188,188,205,205,223,223,273,273,273],"floor_reached":40,"language":"KOR","playtime":2261,"items_purged":[],"score":459,"play_id":"c5e8b4dd-d943-4f13-ac1a-a682cfbc4101","local_time":"20210223143950","is_ascension_mode":false,"campfire_choices":[{"data":"Body Slam","floor":6.0,"key":"SMITH"},{"floor":12.0,"key":"REST"},{"floor":15,"key":"REST"},{"data":"Armaments","floor":25,"key":"SMITH"},{"data":"Armaments","floor":28,"key":"SMITH"},{"floor":32,"key":"REST"}],"circlet_count":0,"master_deck":["Strike_R","Strike_R","Defend_R","Defend_R","Defend_R","Defend_R","Bash","Flame Barrier+1","Pummel","Flex","Body Slam+1","Armaments+1","Armaments+1","Thunderclap","Impervious","Body Slam+1","Shrug It Off+1","Second Wind","Madness","Madness","Entrench"],"relics":["Burning Blood","NeowsBlessing","Bag of Preparation","Juzu Bracelet","PreservedInsect","Sozu","HornCleat","Orichalcum","Frozen Egg 2","Singing Bowl","Black Star","Prayer Wheel"],"acts_visited":["Exordium","TheCity","TheBeyond"],"potions_floor_usage":[33,33],"damage_taken":[{"damage":0.0,"enemies":"Cultist","floor":1.0,"turns":1.0},{"damage":0.0,"enemies":"2 Louse","floor":2.0,"turns":1.0},{"damage":0.0,"enemies":"Small Slimes","floor":5.0,"turns":1.0},{"damage":44.0,"enemies":"Lagavulin","floor":7.0,"turns":8.0},{"damage":0.0,"enemies":"Red Slaver","floor":8.0,"turns":4.0},{"damage":13.0,"enemies":"Exordium Thugs","floor":11.0,"turns":5.0},{"damage":18,"enemies":"3 Sentries","floor":13,"turns":8},{"damage":9,"enemies":"Large Slime","floor":14,"turns":8},{"damage":33,"enemies":"The Guardian","floor":16,"turns":14},{"damage":17,"enemies":"2 Thieves","floor":18,"turns":5},{"damage":0,"enemies":"3 Byrds","floor":19,"turns":5},{"damage":7,"enemies":"Centurion and Healer","floor":22,"turns":7},{"damage":21,"enemies":"Gremlin Leader","floor":23,"turns":5},{"damage":0,"enemies":"Book of Stabbing","floor":29,"turns":3},{"damage":24,"enemies":"Sentry and Sphere","floor":30,"turns":10},{"damage":110,"enemies":"Champ","floor":33,"turns":20},{"damage":7,"enemies":"3 Shapes","floor":35,"turns":9},{"damage":0,"enemies":"Orb Walker","floor":37,"turns":2},{"damage":42,"enemies":"Mind Bloom Boss Battle","floor":39,"turns":13},{"damage":68,"enemies":"Giant Head","floor":40,"turns":8}],"seed_played":"232178412113518968","potions_obtained":[{"floor":1.0,"key":"FairyPotion"},{"floor":8.0,"key":"HeartOfIron"},{"floor":13,"key":"AttackPotion"},{"floor":16,"key":"DuplicationPotion"}],"is_trial":false,"path_per_floor":["M","M","$","$","M","R","E","M","T","?","M","R","E","M","R","B",null,"M","M","?","$","M","E","$","R","T","?","R","E","M","?","R","B",null,"M","?","M","$","?","E"],"character_chosen":"IRONCLAD","items_purchased":["Flex","HornCleat"],"campfire_rested":3,"item_purchase_floors":[4,21],"current_hp_per_floor":[80,80,80,80,80,80,42,48,48,41,34,58,46,43,67,40,80,69,75,75,75,74,59,59,59,59,59,59,67,51,51,76,18,86,87,76,82,82,48,0,0],"gold":273,"neow_bonus":"THREE_ENEMY_KILL","is_daily":false,"chose_seed":false,"campfire_upgraded":3,"win_rate":0.0,"timestamp":1614058790,"path_taken":["M","?","?","$","M","R","E","?","T","?","M","R","E","M","R","BOSS","M","M","?","$","M","E","$","R","T","?","R","E","M","?","R","BOSS","M","?","M","$","?","E"],"items_purchased_type":["Card","Relic"],"build_version":"2020-12-22","purchased_purges":0,"victory":false,"max_hp_per_floor":[80,80,80,80,80,80,80,80,80,80,80,80,80,80,80,80,80,80,80,80,80,80,80,80,80,80,80,80,82,84,84,84,86,86,88,88,88,88,90,90,90],"card_choices":[{"not_picked":["Bloodletting","Ghostly Armor"],"picked":"Flame Barrier","floor":1.0},{"not_picked":["Wild Strike","Clothesline"],"picked":"Pummel","floor":2.0},{"not_picked":["Dual Wield","Reckless Charge"],"picked":"Body Slam","floor":5.0},{"not_picked":["True Grit","Anger"],"picked":"Armaments","floor":7.0},{"not_picked":["Clothesline","Bloodletting"],"picked":"Armaments","floor":8.0},{"not_picked":["Searing Blow","Sever Soul","Sword Boomerang"],"picked":"SKIP","floor":11.0},{"not_picked":["Wild Strike","Fiend Fire","Clash"],"picked":"SKIP","floor":13},{"not_picked":["Sentinel","Armaments"],"picked":"Thunderclap","floor":14},{"not_picked":["Limit Break","Exhume"],"picked":"Impervious","floor":16},{"not_picked":["Wild Strike","Iron Wave"],"picked":"Body Slam+1","floor":18},{"not_picked":["Hemokinesis+1","Sword Boomerang","Dark Embrace"],"picked":"SKIP","floor":19},{"not_picked":["Feel No Pain","Flex+1"],"picked":"Shrug It Off+1","floor":22},{"not_picked":["Clash","Clothesline","Inflame"],"picked":"SKIP","floor":23},{"not_picked":["Sword Boomerang","Thunderclap+1","Twin Strike"],"picked":"Singing Bowl","floor":29},{"not_picked":["Pommel Strike","Second Wind","Searing Blow+1"],"picked":"Singing Bowl","floor":30},{"not_picked":["Corruption+1","Brutality+1","Offering"],"picked":"Singing Bowl","floor":33},{"not_picked":["Armaments+1","Iron Wave","Cleave+1"],"picked":"Singing Bowl","floor":35},{"not_picked":["Shockwave","Cleave"],"picked":"Entrench","floor":37},{"not_picked":["Havoc+1","Iron Wave+1","Wild Strike"],"picked":"Singing Bowl","floor":39}],"player_experience":270708,"relics_obtained":[{"floor":7.0,"key":"Bag of Preparation"},{"floor":9.0,"key":"Juzu Bracelet"},{"floor":13,"key":"PreservedInsect"},{"floor":23,"key":"Orichalcum"},{"floor":26,"key":"Frozen Egg 2"},{"floor":29,"key":"Singing Bowl"},{"floor":39,"key":"Prayer Wheel"}],"event_choices":[{"cards_removed":["Strike_R"],"damage_healed":0.0,"max_hp_gain":0.0,"max_hp_loss":0.0,"gold_gain":0.0,"event_name":"Golden Wing","player_choice":"Card Removal","floor":10.0,"gold_loss":0.0,"damage_taken":7.0},{"cards_removed":["Strike_R"],"damage_healed":0,"gold_gain":0,"player_choice":"Gave Gold","damage_taken":0,"max_hp_gain":0,"max_hp_loss":0,"event_name":"Beggar","floor":20,"gold_loss":75},{"damage_healed":0,"gold_gain":0,"cards_transformed":["Strike_R"],"player_choice":"Transformed","damage_taken":0,"max_hp_gain":0,"max_hp_loss":0,"event_name":"Transmorgrifier","floor":27,"gold_loss":0,"cards_obtained":["Second Wind"]},{"damage_healed":0,"gold_gain":0,"player_choice":"Upgraded","damage_taken":0,"max_hp_gain":0,"max_hp_loss":0,"event_name":"Upgrade Shrine","floor":31,"gold_loss":0,"cards_upgraded":["Flame Barrier"]},{"damage_healed":0,"gold_gain":0,"player_choice":"Embrace Madness","damage_taken":11,"max_hp_gain":0,"max_hp_loss":0,"event_name":"Winding Halls","floor":36,"gold_loss":0,"cards_obtained":["Madness","Madness"]},{"damage_healed":0,"gold_gain":0,"player_choice":"Fight","damage_taken":0,"max_hp_gain":0,"max_hp_loss":0,"event_name":"MindBloom","floor":39,"gold_loss":0}],"is_beta":false,"boss_relics":[{"not_picked":["Runic Cube","Astrolabe"],"picked":"Sozu"},{"not_picked":["Snecko Eye","Philosopher\u0027s Stone"],"picked":"Black Star"}],"items_purged_floors":[],"is_endless":false,"potions_floor_spawned":[1,8,13,16,18,19,33],"killed_by":"Giant Head","ascension_level":0}}