{"host":"rn3kwqbcoeui7au7","time":1614066882,"event":{"mods":["BaseMod","Colored Powertips","Downfall","Minty Spire (QoL Compilation)","Relic Stats","Spicy Shops","StSLib"],"gold_per_floor":[99,117,135,154,154,182,182,42,68,97,97,125,234,254,276,386,386,386,414,435,26,36,59,59,59,59,59],"floor_reached":25,"language":"ZHS","playtime":1839,"items_purged":["Headbutt"],"score":207,"play_id":"58fc17b0-6672-4388-8b15-e9e493138655","local_time":"20210223155442","is_ascension_mode":false,"campfire_choices":[{"data":"sneckomod:CheapStock","floor":11,"key":"SMITH"},{"data":"sneckomod:UnlimitedRolls","floor":18,"key":"SMITH"}],"circlet_count":0,"master_deck":["sneckomod:Strike","sneckomod:Strike","sneckomod:Strike","sneckomod:Defend","sneckomod:Defend","sneckomod:Defend","sneckomod:TailWhip","sneckomod:SnekBite","sneckomod:Unknown","sneckomod:UnknownBlock","sneckomod:CheapStock+1","sneckomod:ImprovisedGuard","sneckomod:WideSting","sneckomod:UnknownUncommonAttack","sneckomod:UnknownUncommonPower","sneckomod:UnknownWeak","sneckomod:Nope","sneckomod:ImprovisedAttack","sneckomod:SlitherStrike","sneckomod:SerpentIdol","sneckomod:UnlimitedRolls+1","sneckomod:SoulCleanse+1","sneckomod:UnknownCommonSkill","sneckomod:SoulRoll","sneckomod:UnknownUncommonPower","expansioncontent:StudyTheSpire","sneckomod:QuickMove+1"],"relics":["sneckomod:SneckoSoul","Shuriken","Happy Flower","CeramicFish","Odd Mushroom","Potion Belt","Busted Crown","OrangePellets"],"acts_visited":["Exordium","TheCity"],"potions_floor_usage":[9,13,13,16,16,16,23,23],"damage_taken":[{"damage":1,"enemies":"Cultist","floor":2,"turns":3},{"damage":0,"enemies":"Jaw Worm","floor":3,"turns":3},{"damage":0,"enemies":"Small Slimes","floor":4,"turns":3},{"damage":34,"enemies":"Lagavulin","floor":6,"turns":8},{"damage":10,"enemies":"downfall:FleeingMerchant","floor":8,"turns":4},{"damage":19,"enemies":"downfall:LooterAlt","floor":9,"turns":4},{"damage":22,"enemies":"The Mushroom Lair","floor":10,"turns":4},{"damage":14,"enemies":"Gremlin Gang","floor":12,"turns":5},{"damage":13,"enemies":"downfall:LadyInBlue","floor":13,"turns":5},{"damage":18,"enemies":"Exordium Thugs","floor":14,"turns":5},{"damage":14,"enemies":"Blue Slaver","floor":15,"turns":3},{"damage":12,"enemies":"SI_SHIV_ARCHETYPE","floor":16,"turns":5},{"damage":17,"enemies":"Shell Parasite","floor":19,"turns":5},{"damage":22,"enemies":"Chosen","floor":20,"turns":4},{"damage":0,"enemies":"downfall:FleeingMerchant","floor":21,"turns":4},{"damage":18,"enemies":"Centurion and Healer","floor":22,"turns":3},{"damage":38,"enemies":"Sentry and Sphere","floor":23,"turns":5},{"damage":19,"enemies":"Book of Stabbing","floor":25,"turns":2}],"seed_played":"8186124748535836570","potions_obtained":[{"floor":3,"key":"Regen Potion"},{"floor":9,"key":"FairyPotion"},{"floor":9,"key":"Fire Potion"},{"floor":10,"key":"Weak Potion"},{"floor":12,"key":"FairyPotion"},{"floor":13,"key":"ColorlessPotion"},{"floor":13,"key":"Fruit Juice"},{"floor":13,"key":"sneckomod:DiceRollPotion"},{"floor":13,"key":"AttackPotion"},{"floor":16,"key":"DuplicationPotion"},{"floor":19,"key":"Fire Potion"},{"floor":23,"key":"SteroidPotion"}],"is_trial":false,"path_per_floor":["R","M","M","M","?","E","T","$","M","?","R","M","?","M","M","B",null,"R","M","M","$","M","M","T","E"],"character_chosen":"THE_SNECKO","items_purchased":["sneckomod:UnknownUncommonPower","sneckomod:UnknownUncommonPower","expansioncontent:StudyTheSpire","OrangePellets"],"campfire_rested":0,"item_purchase_floors":[8,21,21,21],"current_hp_per_floor":[99,98,98,98,91,57,57,47,37,15,15,1,24,6,24,12,104,104,87,65,65,47,9,9,0,0,0],"gold":59,"neow_bonus":"TEN_PERCENT_HP_BONUS","is_daily":false,"chose_seed":false,"campfire_upgraded":2,"win_rate":0.0,"timestamp":1614066882,"path_taken":["R","M","?","M","?","E","T","?","M","?","R","M","?","M","M","BOSS","R","M","M","$","M","M","T","E"],"items_purchased_type":["Card","Card","Card","Relic"],"build_version":"2020-12-22","purchased_purges":1,"victory":false,"max_hp_per_floor":[99,99,99,99,99,99,99,99,99,99,99,99,104,104,104,104,104,104,104,104,104,104,104,104,104,104,104],"relic_stats":{"OrangePellets":[3],"Busted Crown":12,"Happy Flower":[19],"counters":[18,75],"Shuriken":[19],"CeramicFish":126,"obtain_stats":[{"Potion Belt":13,"OrangePellets":21,"Busted Crown":17,"Happy Flower":6,"Shuriken":5,"CeramicFish":7,"Odd Mushroom":10,"sneckomod:SneckoSoul":0},{"Potion Belt":9,"OrangePellets":15,"Busted Crown":12,"Happy Flower":4,"Shuriken":3,"CeramicFish":4,"Odd Mushroom":7,"sneckomod:SneckoSoul":0},{"Potion Belt":39,"OrangePellets":65,"Busted Crown":52,"Happy Flower":17,"Shuriken":9,"CeramicFish":17,"Odd Mushroom":29,"sneckomod:SneckoSoul":0}]},"card_choices":[{"not_picked":["sneckomod:RainOfDice","sneckomod:Unknown1Cost"],"picked":"sneckomod:UnknownBlock","floor":2},{"not_picked":["sneckomod:Nope","sneckomod:RainOfDice"],"picked":"sneckomod:CheapStock","floor":3},{"not_picked":["sneckomod:Unknown2Cost","sneckomod:UnknownExhaust"],"picked":"sneckomod:ImprovisedGuard","floor":4},{"not_picked":["sneckomod:UnknownWeak","sneckomod:IronFang"],"picked":"sneckomod:WideSting","floor":6},{"not_picked":["sneckomod:UnendingSupply","sneckomod:TrashToTreasure"],"picked":"sneckomod:UnknownUncommonAttack","floor":8},{"not_picked":["sneckomod:WideSting","sneckomod:UnknownStrike"],"picked":"sneckomod:UnknownWeak","floor":9},{"not_picked":["sneckomod:SnekBeam","sneckomod:UnknownCommonAttack"],"picked":"sneckomod:Nope","floor":10},{"not_picked":["sneckomod:WideSting","sneckomod:UnknownDraw"],"picked":"sneckomod:ImprovisedAttack","floor":12},{"not_picked":["sneckomod:Unknown2Cost","sneckomod:IronFang"],"picked":"sneckomod:SlitherStrike","floor":13},{"not_picked":["sneckomod:DangerNoodle","sneckomod:UnknownX","sneckomod:UnknownCommonAttack"],"picked":"SKIP","floor":14},{"not_picked":["sneckomod:UnknownCommonAttack","sneckomod:DiceCrush"],"picked":"sneckomod:SerpentIdol","floor":15},{"not_picked":["sneckomod:UnknownRareAttack","sneckomod:DangerNoodle"],"picked":"sneckomod:UnlimitedRolls","floor":16},{"not_picked":[],"picked":"sneckomod:SoulCleanse+1","floor":19},{"not_picked":[],"picked":"sneckomod:UnknownCommonSkill","floor":20},{"not_picked":[],"picked":"sneckomod:SoulRoll","floor":21},{"not_picked":["sneckomod:TrashToTreasure"],"picked":"SKIP","floor":21},{"not_picked":["sneckomod:UnknownCommonSkill"],"picked":"SKIP","floor":22},{"not_picked":[],"picked":"sneckomod:QuickMove+1","floor":23}],"player_experience":189263,"relics_obtained":[{"floor":6,"key":"Happy Flower"},{"floor":7,"key":"CeramicFish"},{"floor":10,"key":"Odd Mushroom"},{"floor":13,"key":"Potion Belt"}],"event_choices":[{"damage_healed":0,"gold_gain":0,"player_choice":"Success","damage_taken":7,"relics_obtained":["Shuriken"],"max_hp_gain":0,"max_hp_loss":0,"event_name":"Scrap Ooze","floor":5,"gold_loss":0},{"damage_healed":0,"gold_gain":0,"player_choice":"Fought Mushrooms","damage_taken":0,"max_hp_gain":0,"max_hp_loss":0,"event_name":"Mushrooms","floor":10,"gold_loss":0}],"is_beta":false,"boss_relics":[{"not_picked":["Calling Bell","Velvet Choker"],"picked":"Busted Crown"}],"items_purged_floors":[8],"is_endless":false,"potions_floor_spawned":[3,9,10,12,13,16,19,23],"killed_by":"Book of Stabbing","ascension_level":0}}