{"host":"qmdmcz5nn4dzus5k","time":1614114631,"event":{"mods":["AchievementEnabler","BaseMod","Bestiary","BetterRewards","Card Filter","Displayed Cursed Tome","Minty Spire (QoL Compilation)","Quick Restart","Relic Filter","Remove Card Discount Mod","Replay The Spire","Spicy Shops","StSLib","The Marked","TheHero","Uncapped"],"gold_per_floor":[119,136,136,153,153,153,164,164,164,5,40,40,58,71,71,170,170,188,188,204,214,62,62,62,62,62,62,79,79,137,156,156,253,253,271,281,301,301,301],"floor_reached":38,"language":"ENG","playtime":4190,"items_purged":["ReplayTheSpireMod:Doomed","theMarked:Strike","theMarked:Strike","theMarked:Defend","Pain"],"score":582,"play_id":"a5b18b68-53f7-464b-9851-8a976577d102","local_time":"20210223161031","is_ascension_mode":false,"campfire_choices":[{"data":"theMarked:ParalyzingBlade","floor":6,"key":"SMITH"},{"floor":8,"key":"REST"},{"data":"theMarked:SoldierOfQuellstein","floor":15,"key":"SMITH"},{"floor":27,"key":"REST"},{"floor":32,"key":"REST"}],"circlet_count":1,"master_deck":["theMarked:Strike+1","theMarked:Strike+1","theMarked:Defend","theMarked:Defend+1","theMarked:Defend","theMarked:SoldierOfQuellstein+1","theMarked:SwordAndMagic","theMarked:Heritage","theMarked:ParalyzingBlade+1","theMarked:BanishingStrike","theMarked:EternalStudent","theMarked:EmpowerWeapon","theMarked:ChainLightning","theMarked:Toughness","theMarked:Aftermath","theMarked:ComboAttacks","theMarked:BindingBlade","Voices","Shame","theMarked:BanishingStrike","theMarked:WardOff","theMarked:WardOff+1","theMarked:BiggerThanFate","CurseOfTheBell","theMarked:BanishingStrike"],"relics":["theMarked:BronzeBlade","ReplayTheSpireMod:CursedCoin","Guide Book","Ice Cream","WarpedTongs","Onion Ring","Strange Spoon","Ginger","Ring of Fangs","ReplayTheSpireMod:Ring of Challenge","Replay:Rubber Ducky","Lantern","White Beast Statue","Replay:Grab Bag","Velvet Choker","Circlet","Calling Bell","War Paint","Pantograph","theMarked:KettuFlask"],"acts_visited":["Exordium","TheCity","TheBeyond"],"potions_floor_usage":[12,18,18,30,33,33,33,33,33,33,36,37,38],"damage_taken":[{"damage":6,"enemies":"Jaw Worm","floor":1,"turns":2},{"damage":0,"enemies":"Cultist","floor":2,"turns":3},{"damage":7,"enemies":"2 Louse","floor":4,"turns":2},{"damage":19,"enemies":"Exordium Thugs","floor":7,"turns":4},{"damage":0,"enemies":"Lagavulin","floor":11,"turns":4},{"damage":0,"enemies":"Blue Slaver","floor":12,"turns":1},{"damage":0,"enemies":"Large Slime","floor":13,"turns":3},{"damage":0,"enemies":"2 Fungi Beasts","floor":14,"turns":2},{"damage":34,"enemies":"Fading Forest","floor":16,"turns":11},{"damage":0,"enemies":"Spheric Guardian","floor":18,"turns":3},{"damage":5,"enemies":"Chosen","floor":20,"turns":3},{"damage":13,"enemies":"Snake Plant","floor":21,"turns":2},{"damage":20,"enemies":"3 Cultists","floor":28,"turns":5},{"damage":38,"enemies":"Centurion and Healer","floor":30,"turns":4},{"damage":10,"enemies":"Sentry and Sphere","floor":31,"turns":5},{"damage":25,"enemies":"Automaton","floor":33,"turns":8},{"damage":5,"enemies":"3 Shapes","floor":35,"turns":5},{"damage":13,"enemies":"3 Darklings","floor":36,"turns":7},{"damage":38,"enemies":"Spire Growth","floor":37,"turns":5},{"damage":19,"enemies":"Maw","floor":38,"turns":4}],"seed_played":"-898654869796636380","potions_obtained":[{"floor":1,"key":"SmokeBomb"},{"floor":4,"key":"Venom Potion"},{"floor":13,"key":"Elixir"},{"floor":16,"key":"Fire Potion"},{"floor":18,"key":"Fruit Juice"},{"floor":21,"key":"EntropicBrew"},{"floor":30,"key":"Languid Potion"},{"floor":33,"key":"ColorlessPotion"},{"floor":35,"key":"PowerPotion"},{"floor":36,"key":"Languid Potion"},{"floor":37,"key":"Cursed Concoction"}],"is_trial":false,"path_per_floor":["M","M","?","M","?","R","M","R","T","$","E","M","M","M","R","B",null,"M","?","M","M","$","?","T","?","T","R","M","?","M","M","R","B",null,"M","M","M","M"],"character_chosen":"THE_DEFAULT","items_purchased":["ReplayTheSpireMod:CursedCoin","Guide Book","theMarked:SwordAndMagic","theMarked:Heritage","Strange Spoon","theMarked:BindingBlade"],"campfire_rested":3,"item_purchase_floors":[0,0,0,0,10,22],"current_hp_per_floor":[64,64,64,57,57,57,38,59,59,59,59,59,59,59,59,35,70,75,75,70,57,57,57,57,57,57,75,55,55,17,7,29,19,75,70,57,19,0,0],"gold":301,"neow_bonus":"","is_daily":false,"chose_seed":false,"campfire_upgraded":2,"win_rate":0.0,"timestamp":1614114631,"path_taken":["M","M","?","M","?","R","M","R","T","$","E","?","M","M","R","BOSS","M","?","M","M","?","?","?","?","T","R","M","?","?","M","R","BOSS","M","M","M","M"],"items_purchased_type":["Relic","Relic","Card","Card","Relic","Card"],"build_version":"2020-12-22","purchased_purges":5,"victory":false,"max_hp_per_floor":[70,70,70,70,70,70,70,70,70,70,70,70,70,70,70,70,70,75,75,75,75,75,75,75,75,75,75,75,75,75,75,75,75,75,75,75,75,75,75],"card_choices":[{"not_picked":["theMarked:Electrocute","theMarked:TwofoldDefense","theMarked:Memento"],"picked":"SKIP","floor":1},{"not_picked":["theMarked:Parkour","theMarked:LightningStrikesTwice"],"picked":"theMarked:ParalyzingBlade","floor":2},{"not_picked":["theMarked:ResourceFulStrike","theMarked:AttractMetal"],"picked":"theMarked:BanishingStrike","floor":4},{"not_picked":["theMarked:Parry","theMarked:Memento"],"picked":"theMarked:EternalStudent","floor":7},{"not_picked":["theMarked:HeightenedSenses","theMarked:Determination"],"picked":"theMarked:EmpowerWeapon","floor":11},{"not_picked":["theMarked:Aftermath","theMarked:EmpowerWeapon"],"picked":"theMarked:ChainLightning","floor":13},{"not_picked":["theMarked:TunnelVision","theMarked:Parkour","theMarked:HeightenedSenses"],"picked":"SKIP","floor":14},{"not_picked":["theMarked:ThrowWeapon","theMarked:UnarmedFury"],"picked":"theMarked:Toughness","floor":16},{"not_picked":["theMarked:TwofoldDefense","theMarked:Determination"],"picked":"theMarked:Aftermath","floor":18},{"not_picked":["theMarked:ChainLightning","theMarked:Parkour"],"picked":"theMarked:ComboAttacks","floor":20},{"not_picked":["theMarked:RepellingDischarge","theMarked:Aftermath+1","theMarked:KeepCalmAndFight+1"],"picked":"SKIP","floor":21},{"not_picked":["theMarked:RepellingDischarge","theMarked:DispelDoubt"],"picked":"theMarked:BanishingStrike","floor":28},{"not_picked":["theMarked:Generate","theMarked:ResourceFulStrike"],"picked":"theMarked:WardOff","floor":30},{"not_picked":["theMarked:TakeCover+1","theMarked:Electrocute+1"],"picked":"theMarked:WardOff","floor":31},{"not_picked":["theMarked:BindingBlade","theMarked:MagusForm"],"picked":"theMarked:BiggerThanFate","floor":33},{"not_picked":["theMarked:Pokerface+1","theMarked:ChainLightning"],"picked":"theMarked:BanishingStrike","floor":35},{"not_picked":["theMarked:ElectricStrings","theMarked:KeepCalmAndFight","theMarked:UnarmedFury"],"picked":"SKIP","floor":36},{"not_picked":["theMarked:ChannelForce","theMarked:HeightenedSenses+1","theMarked:EmpowerWeapon"],"picked":"SKIP","floor":37}],"player_experience":89789,"relics_obtained":[{"floor":9,"key":"Onion Ring"},{"floor":11,"key":"Ginger"},{"floor":23,"key":"Ring of Fangs"},{"floor":23,"key":"ReplayTheSpireMod:Ring of Challenge"},{"floor":24,"key":"Replay:Rubber Ducky"},{"floor":26,"key":"White Beast Statue"},{"floor":34,"key":"War Paint"},{"floor":34,"key":"Pantograph"},{"floor":34,"key":"theMarked:KettuFlask"}],"event_choices":[{"damage_healed":0,"gold_gain":0,"player_choice":"Rummage","damage_taken":0,"relics_obtained":["WarpedTongs"],"max_hp_gain":0,"max_hp_loss":0,"event_name":"Accursed Blacksmith","floor":5,"gold_loss":0,"cards_obtained":["Pain"]},{"damage_healed":0,"gold_gain":0,"player_choice":"Ignored","damage_taken":0,"max_hp_gain":0,"max_hp_loss":0,"event_name":"Purifier","floor":19,"gold_loss":0},{"damage_healed":0,"gold_gain":0,"player_choice":"Stole Relic","damage_taken":0,"relics_obtained":["Lantern"],"max_hp_gain":0,"max_hp_loss":0,"event_name":"Addict","floor":25,"gold_loss":0,"cards_obtained":["Shame"]},{"damage_healed":0,"gold_gain":0,"player_choice":"Ignored","damage_taken":0,"max_hp_gain":0,"max_hp_loss":0,"event_name":"Ghosts","floor":29,"gold_loss":0}],"is_beta":false,"boss_relics":[{"not_picked":["Replay:Ancient Bell","Fusion Hammer"],"picked":"theMarked:BronzeBlade"},{"not_picked":["Ring of Chaos","Honey Jar"],"picked":"Replay:Grab Bag"},{"not_picked":["Sozu","Busted Crown"],"picked":"Velvet Choker"},{"not_picked":["Philosopher\u0027s Stone","Replay:Bronze Core"],"picked":"Circlet"},{"not_picked":["SacredBark","theMarked:Eyepatch"],"picked":"Calling Bell"}],"items_purged_floors":[0,0,0,0,10],"is_endless":false,"potions_floor_spawned":[1,4,13,16,18,21,28,30,31,33,35,36,37],"killed_by":"Maw","ascension_level":0}}