{"host":"l15sdf2mmi0nobpi","time":1614090166,"event":{"mods":["BaseMod","Highlight Path","Minty Spire (QoL Compilation)","Quick Restart","StSLib","TestMod","【功能Mod】Neow奖励"],"gold_per_floor":[22,38,38,438,485,485,166,166,192,229,246,278,299,49,49,137,137,159,159,159,181,219,260,260,313,336,374,249,249,249,285,285,382,382,402,424,424,445,479,512,512,533,579,613,613,637,637,682,682,698,714,714],"floor_reached":51,"language":"ZHS","playtime":2859,"items_purged":["Strike_G","Strike_G","Strike_G+1"],"score":1809,"play_id":"f978369e-77d5-4453-8f9d-a32dd4d9511c","local_time":"20210223222246","is_ascension_mode":true,"campfire_choices":[{"data":"Dagger Spray","floor":6.0,"key":"SMITH"},{"data":"Neutralize","floor":8.0,"key":"SMITH"},{"data":"Riddle With Holes","floor":15.0,"key":"SMITH"},{"floor":24.0,"key":"RECALL"},{"floor":29.0,"key":"REST"},{"floor":32.0,"key":"REST"},{"floor":45,"key":"REST"},{"floor":49,"key":"REST"}],"circlet_count":0,"master_deck":["AscendersBane","Defend_G","Defend_G","Defend_G","Defend_G","Survivor","Neutralize+1","Backflip","Dagger Spray+1","Infinite Blades","Acrobatics+1","Riddle With Holes+1","After Image","Die Die Die","Blade Dance","Blade Dance","Accuracy","Acrobatics+1","Grand Finale"],"relics":["Ring of the Snake","testmod-TheFather","Ancient Tea Set","testmod-AssaultLearning","Bronze Scales","Whetstone","Blood Vial","Fusion Hammer","Red Mask","testmod-TurbochargingSystem","Regal Pillow","Happy Flower","Pen Nib","Akabeko","SlaversCollar","testmod-ObsoleteBoomerang","Anchor","Molten Egg 2","Omamori"],"acts_visited":["Exordium","TheCity","TheBeyond"],"potions_floor_usage":[],"damage_taken":[{"damage":1.0,"enemies":"Small Slimes","floor":1.0,"turns":3.0},{"damage":0.0,"enemies":"2 Louse","floor":2.0,"turns":2.0},{"damage":0.0,"enemies":"Gremlin Nob","floor":10.0,"turns":3.0},{"damage":0.0,"enemies":"Jaw Worm","floor":11.0,"turns":4.0},{"damage":7.0,"enemies":"Lagavulin","floor":12.0,"turns":6.0},{"damage":0.0,"enemies":"Exordium Wildlife","floor":13.0,"turns":2.0},{"damage":5.0,"enemies":"Slime Boss","floor":16.0,"turns":6.0},{"damage":6.0,"enemies":"2 Thieves","floor":18.0,"turns":2.0},{"damage":0.0,"enemies":"3 Byrds","floor":21.0,"turns":2.0},{"damage":7.0,"enemies":"Masked Bandits","floor":22.0,"turns":2.0},{"damage":12.0,"enemies":"Slavers","floor":23.0,"turns":2.0},{"damage":10.0,"enemies":"Gremlin Leader","floor":25.0,"turns":4.0},{"damage":1.0,"enemies":"Slavers","floor":27.0,"turns":2.0},{"damage":0.0,"enemies":"Gremlin Leader","floor":31.0,"turns":2.0},{"damage":10.0,"enemies":"Automaton","floor":33.0,"turns":6.0},{"damage":0,"enemies":"Orb Walker","floor":35,"turns":1},{"damage":0,"enemies":"3 Darklings","floor":36,"turns":1},{"damage":25,"enemies":"Spire Growth","floor":38,"turns":4},{"damage":0,"enemies":"Mind Bloom Boss Battle","floor":39,"turns":3},{"damage":0,"enemies":"Giant Head","floor":40,"turns":3},{"damage":0,"enemies":"Maw","floor":42,"turns":3},{"damage":0,"enemies":"Nemesis","floor":44,"turns":3},{"damage":0,"enemies":"3 Darklings","floor":46,"turns":1},{"damage":0,"enemies":"Giant Head","floor":48,"turns":4},{"damage":6,"enemies":"Donu and Deca","floor":50,"turns":4},{"damage":64,"enemies":"Time Eater","floor":51,"turns":7}],"seed_played":"3174542588938609567","potions_obtained":[{"floor":10.0,"key":"Energy Potion"},{"floor":12.0,"key":"Dexterity Potion"},{"floor":27.0,"key":"Weak Potion"},{"floor":31.0,"key":"ColorlessPotion"},{"floor":48,"key":"testmod-TestPotion"}],"is_trial":false,"path_per_floor":["M","M","?","?","T","R","$","R","T","E","M","E","M","$","R","B",null,"M","?","$","M","?","E","R","E","T","E","$","R","?","E","R","B",null,"M","M","?","M","?","E","?","M","T","E","R","M","T","E","R","B","B"],"character_chosen":"THE_SILENT","items_purchased":["testmod-AssaultLearning","Infinite Blades","After Image"],"campfire_rested":4,"item_purchase_floors":[7,7,14],"current_hp_per_floor":[58,58,58,58,58,58,58,58,58,58,58,51,53,53,53,50,62,58,58,58,60,55,45,45,37,37,38,38,66,66,66,66,56,64,66,66,57,34,36,38,38,40,40,42,63,63,63,63,63,57,0,0],"gold":714,"neow_bonus":"REMOVE_TWO","is_daily":false,"chose_seed":false,"campfire_upgraded":3,"win_rate":0.0,"timestamp":1614090166,"path_taken":["M","M","?","?","?","R","$","R","T","E","M","E","?","$","R","BOSS","M","?","?","?","?","E","R","E","T","E","$","R","?","E","R","BOSS","M","M","?","?","?","E","?","M","T","E","R","M","?","E","R","BOSS","BOSS"],"items_purchased_type":["Relic","Card","Card"],"build_version":"2020-12-22","purchased_purges":3,"victory":false,"max_hp_per_floor":[66,66,66,66,66,66,66,66,66,66,66,66,66,66,66,66,66,66,66,66,66,66,66,66,66,66,66,66,66,66,66,66,66,66,66,66,66,66,66,66,63,63,63,63,63,63,63,63,63,63,63,63],"card_choices":[{"not_picked":["Deadly Poison","Dodge and Roll"],"picked":"Backflip","floor":1.0},{"not_picked":["Skewer","Caltrops"],"picked":"Dagger Spray","floor":2.0},{"not_picked":["Quick Slash","Dodge and Roll"],"picked":"Acrobatics","floor":10.0},{"not_picked":["Calculated Gamble","Endless Agony"],"picked":"Riddle With Holes","floor":11.0},{"not_picked":["Cloak And Dagger","Quick Slash","Prepared"],"picked":"SKIP","floor":12.0},{"not_picked":["Outmaneuver","Deadly Poison","Bane"],"picked":"SKIP","floor":13.0},{"not_picked":["Doppelganger","Night Terror"],"picked":"Die Die Die","floor":16.0},{"not_picked":["Dodge and Roll","Expertise","Catalyst"],"picked":"SKIP","floor":18.0},{"not_picked":["Setup","Leg Sweep","Deflect"],"picked":"SKIP","floor":21.0},{"not_picked":["Bane","Caltrops"],"picked":"Blade Dance","floor":23.0},{"not_picked":["Backflip","Acrobatics","Predator"],"picked":"SKIP","floor":25.0},{"not_picked":["Underhanded Strike","Leg Sweep"],"picked":"Blade Dance","floor":27.0},{"not_picked":["Dagger Throw","Backflip"],"picked":"Accuracy","floor":31.0},{"not_picked":["Outmaneuver","Poisoned Stab","Dagger Throw"],"picked":"SKIP","floor":35},{"not_picked":["Poisoned Stab+1","Dagger Spray+1","Predator"],"picked":"SKIP","floor":36},{"not_picked":["Cloak And Dagger","Setup","Skewer"],"picked":"SKIP","floor":38},{"not_picked":["Sucker Punch+1","Cloak And Dagger"],"picked":"Acrobatics+1","floor":40},{"not_picked":["Escape Plan","Deadly Poison+1"],"picked":"Grand Finale","floor":42},{"not_picked":["Deflect","Deadly Poison","Blur"],"picked":"SKIP","floor":44},{"not_picked":["Accuracy","Poisoned Stab+1","Concentrate+1"],"picked":"SKIP","floor":46},{"not_picked":["Catalyst+1","PiercingWail","Flechettes+1"],"picked":"SKIP","floor":48}],"player_experience":596514,"relics_obtained":[{"floor":5.0,"key":"Ancient Tea Set"},{"floor":9.0,"key":"Bronze Scales"},{"floor":10.0,"key":"Whetstone"},{"floor":12.0,"key":"Blood Vial"},{"floor":22.0,"key":"Red Mask"},{"floor":23.0,"key":"testmod-TurbochargingSystem"},{"floor":25.0,"key":"Regal Pillow"},{"floor":26.0,"key":"Happy Flower"},{"floor":27.0,"key":"Pen Nib"},{"floor":31.0,"key":"Akabeko"},{"floor":39,"key":"testmod-ObsoleteBoomerang"},{"floor":40,"key":"Anchor"},{"floor":47,"key":"Molten Egg 2"},{"floor":48,"key":"Omamori"}],"event_choices":[{"damage_healed":0.0,"max_hp_gain":0.0,"max_hp_loss":0.0,"gold_gain":0.0,"event_name":"给自己的盒子","player_choice":"Swap Relic","floor":3.0,"relics_lost":["testmod-TestBox"],"gold_loss":0.0,"damage_taken":0.0,"relics_obtained":["testmod-TestBox"]},{"damage_healed":0.0,"max_hp_gain":0.0,"max_hp_loss":0.0,"gold_gain":400.0,"event_name":"恩洛斯的盘子","player_choice":"Sell","floor":4.0,"relics_lost":["testmod-TestBox"],"gold_loss":0.0,"damage_taken":0.0},{"damage_healed":0.0,"max_hp_gain":0.0,"max_hp_loss":0.0,"gold_gain":0.0,"event_name":"Upgrade Shrine","player_choice":"Upgraded","floor":19.0,"gold_loss":0.0,"damage_taken":0.0,"cards_upgraded":["Acrobatics"]},{"damage_healed":0.0,"max_hp_gain":0.0,"max_hp_loss":0.0,"gold_gain":0.0,"event_name":"Masked Bandits","player_choice":"Fought Bandits","floor":22.0,"gold_loss":0.0,"damage_taken":0.0},{"cards_removed":["Strike_G"],"damage_healed":0.0,"max_hp_gain":0.0,"max_hp_loss":0.0,"gold_gain":0.0,"event_name":"Back to Basics","player_choice":"Elegance","floor":30.0,"gold_loss":0.0,"damage_taken":0.0},{"damage_healed":0,"gold_gain":0,"player_choice":"Damaged","damage_taken":9,"max_hp_gain":0,"max_hp_loss":0,"event_name":"Wheel of Change","floor":37,"gold_loss":0},{"damage_healed":0,"gold_gain":0,"player_choice":"Fight","damage_taken":0,"max_hp_gain":0,"max_hp_loss":0,"event_name":"MindBloom","floor":39,"gold_loss":0},{"damage_healed":0,"gold_gain":0,"player_choice":"Max HP","damage_taken":0,"max_hp_gain":0,"max_hp_loss":3,"event_name":"Winding Halls","floor":41,"gold_loss":0}],"is_beta":false,"boss_relics":[{"not_picked":["testmod-BloodSacrificeSpiritualization","Ectoplasm"],"picked":"Fusion Hammer"},{"not_picked":["Snecko Eye","Pandora\u0027s Box"],"picked":"SlaversCollar"}],"items_purged_floors":[7,14,28],"is_endless":false,"potions_floor_spawned":[10,12,13,21,27,31,33,35,40,44,48],"killed_by":"Time Eater","ascension_level":20}}