{"host":"8is2j71l4wmybkoi","time":1614087869,"event":{"mods":["AchievementEnabler","BaseMod","Colored Map","DeckTracker","Minty Spire (QoL Compilation)","Rare Cards Sparkle","Relic Stats","StSLib","SuperFastMode"],"gold_per_floor":[369,387,387,312,327,327,53,53,76,107,32,73,73,92,92,188,188,201,201,219,219,243,243,279,31,31,31,45,60,60,94,94,188,188,204,270,603,603,620,620,645,625,625,641,660,693,706,720,720,720,720,720,118,147,147],"floor_reached":56,"language":"KOR","playtime":2950,"items_purged":["Strike_R","Strike_R","Strike_R"],"score":2103,"play_id":"8a10c9d2-1321-4de3-bd24-09f22154125f","local_time":"20210223224429","is_ascension_mode":true,"campfire_choices":[{"data":"Armaments","floor":6.0,"key":"SMITH"},{"data":"Evolve","floor":13.0,"key":"SMITH"},{"data":"Bash","floor":15.0,"key":"SMITH"},{"floor":23.0,"key":"REST"},{"data":"Body Slam","floor":27.0,"key":"SMITH"},{"data":"Feel No Pain","floor":30.0,"key":"SMITH"},{"floor":32.0,"key":"REST"},{"floor":40,"key":"RECALL"},{"floor":49,"key":"REST"},{"data":"1","floor":52,"key":"LIFT"}],"circlet_count":0,"master_deck":["AscendersBane","Defend_R","Defend_R","Defend_R","Defend_R","Bash+1","Armaments+1","Evolve+1","Heavy Blade","Offering+1","Power Through+1","Burning Pact+1","Immolate","Inflame","Pommel Strike+1","Shrug It Off+1","Shrug It Off+1","Inflame","Second Wind+1","Body Slam+1","Feel No Pain+1","Disarm+1","Offering+1","Secret Technique+1","Entrench+1","Burning Pact+1","Clothesline+1","Disarm+1"],"relics":["Burning Blood","Gremlin Horn","Medical Kit","Toy Ornithopter","Toxic Egg 2","Ancient Tea Set","Mark of Pain","Mango","Orrery","Akabeko","Runic Pyramid","Girya","Lantern","Prayer Wheel","Ice Cream","Sundial","Art of War","Centennial Puzzle"],"acts_visited":["Exordium","TheCity","TheBeyond","TheEnding"],"potions_floor_usage":[45,55,55],"damage_taken":[{"damage":0.0,"enemies":"Small Slimes","floor":1.0,"turns":3.0},{"damage":11.0,"enemies":"Jaw Worm","floor":2.0,"turns":5.0},{"damage":1.0,"enemies":"2 Louse","floor":5.0,"turns":3.0},{"damage":14.0,"enemies":"3 Sentries","floor":10.0,"turns":10.0},{"damage":24.0,"enemies":"Gremlin Nob","floor":12.0,"turns":3.0},{"damage":7.0,"enemies":"Red Slaver","floor":14.0,"turns":3.0},{"damage":14.0,"enemies":"The Guardian","floor":16.0,"turns":20.0},{"damage":16.0,"enemies":"Spheric Guardian","floor":18.0,"turns":7.0},{"damage":14.0,"enemies":"2 Thieves","floor":20.0,"turns":4.0},{"damage":26.0,"enemies":"Shelled Parasite and Fungi","floor":22.0,"turns":6.0},{"damage":6.0,"enemies":"Slavers","floor":24.0,"turns":3.0},{"damage":0.0,"enemies":"Snecko","floor":28.0,"turns":3.0},{"damage":20.0,"enemies":"Snake Plant","floor":29.0,"turns":4.0},{"damage":12.0,"enemies":"Book of Stabbing","floor":31.0,"turns":4.0},{"damage":42.0,"enemies":"Automaton","floor":33.0,"turns":12.0},{"damage":10.0,"enemies":"3 Darklings","floor":35.0,"turns":3.0},{"damage":27.0,"enemies":"2 Orb Walkers","floor":36.0,"turns":5.0},{"damage":6.0,"enemies":"3 Shapes","floor":39.0,"turns":2.0},{"damage":0,"enemies":"Giant Head","floor":41,"turns":9},{"damage":32,"enemies":"Maw","floor":44,"turns":6},{"damage":21,"enemies":"Transient","floor":45,"turns":5},{"damage":6,"enemies":"Nemesis","floor":46,"turns":5},{"damage":13,"enemies":"4 Shapes","floor":47,"turns":3},{"damage":0,"enemies":"Maw","floor":48,"turns":7},{"damage":7,"enemies":"Donu and Deca","floor":50,"turns":9},{"damage":17,"enemies":"Shield and Spear","floor":54,"turns":4},{"damage":19,"enemies":"The Heart","floor":55,"turns":7}],"seed_played":"-8769388808110801487","potions_obtained":[{"floor":2.0,"key":"PowerPotion"},{"floor":14.0,"key":"Dexterity Potion"},{"floor":18.0,"key":"Ancient Potion"},{"floor":24.0,"key":"Fire Potion"},{"floor":29.0,"key":"PowerPotion"},{"floor":31.0,"key":"LiquidMemories"},{"floor":36.0,"key":"Regen Potion"},{"floor":42,"key":"CultistPotion"},{"floor":46,"key":"SpeedPotion"}],"is_trial":false,"path_per_floor":["M","M","?","?","M","R","$","?","T","E","$","E","R","M","R","B",null,"M","?","M","?","M","R","E","$","T","R","M","M","R","E","R","B",null,"M","?","?","?","M","R","E","?","T","M","M","E","M","M","R","B",null,"R","$","E","B",null],"character_chosen":"IRONCLAD","items_purchased":["Medical Kit","Block Potion","Power Through+1","Orrery","Sundial","Art of War","DuplicationPotion"],"campfire_rested":3,"item_purchase_floors":[7,7,11,25,53,53,53],"current_hp_per_floor":[56,51,40,40,45,45,45,45,45,42,42,29,29,28,28,20,56,46,46,38,38,23,43,57,57,57,57,63,49,49,48,72,36,71,67,51,51,51,61,61,67,67,67,41,31,31,24,30,54,53,75,75,75,64,61],"gold":147,"neow_bonus":"TWO_FIFTY_GOLD","is_daily":false,"chose_seed":false,"campfire_upgraded":5,"win_rate":0.0,"timestamp":1614087869,"path_taken":["M","M","?","?","M","R","$","?","T","E","$","E","R","M","R","BOSS","M","?","M","?","M","R","E","$","T","R","M","M","R","E","R","BOSS","M","?","?","?","M","R","E","?","T","M","?","E","M","M","R","BOSS","R","$","E","BOSS"],"items_purchased_type":["Relic","Potion","Card","Relic","Relic","Relic","Potion"],"build_version":"2020-12-22","purchased_purges":3,"victory":true,"max_hp_per_floor":[75,75,75,75,75,75,75,68,68,68,68,68,68,68,68,68,68,68,68,68,68,68,68,82,82,82,82,82,82,82,82,82,82,82,82,82,82,82,82,82,82,82,82,82,82,82,82,82,82,82,82,82,82,82,82],"relic_stats":{"Centennial Puzzle":[3],"Gremlin Horn":[19,19],"counters":[27,155],"Sundial":[18],"Prayer Wheel":4,"Art of War":[1],"Medical Kit":[190],"obtain_stats":[{"Ice Cream":46,"Girya":36,"Lantern":41,"Gremlin Horn":3,"Golden Idol":8,"Mango":24,"Medical Kit":7,"Ancient Tea Set":12,"Burning Blood":0,"Akabeko":31,"Centennial Puzzle":54,"Sundial":53,"Orrery":25,"Prayer Wheel":43,"Mark of Pain":17,"Art of War":53,"Toxic Egg 2":10,"Toy Ornithopter":9,"Runic Pyramid":34},{"Ice Cream":22,"Girya":17,"Lantern":19,"Gremlin Horn":2,"Golden Idol":3,"Mango":11,"Medical Kit":3,"Ancient Tea Set":5,"Burning Blood":0,"Akabeko":14,"Centennial Puzzle":26,"Sundial":25,"Orrery":11,"Prayer Wheel":19,"Mark of Pain":7,"Art of War":25,"Toxic Egg 2":4,"Toy Ornithopter":3,"Runic Pyramid":15},{"Ice Cream":125,"Girya":98,"Lantern":109,"Gremlin Horn":8,"Golden Idol":11,"Mango":67,"Medical Kit":11,"Ancient Tea Set":24,"Burning Blood":0,"Akabeko":78,"Centennial Puzzle":148,"Sundial":144,"Orrery":67,"Prayer Wheel":109,"Mark of Pain":47,"Art of War":144,"Toxic Egg 2":21,"Toy Ornithopter":11,"Runic Pyramid":90}],"Burning Blood":162,"Toy Ornithopter":45},"card_choices":[{"not_picked":["Body Slam","Rage"],"picked":"Armaments","floor":1.0},{"not_picked":["Clash","Pummel"],"picked":"Evolve","floor":2.0},{"not_picked":["True Grit","Perfected Strike"],"picked":"Heavy Blade","floor":5.0},{"not_picked":["Power Through+1","Clothesline"],"picked":"Offering+1","floor":10.0},{"not_picked":["Demon Form","Heavy Blade","Pommel Strike"],"picked":"SKIP","floor":12.0},{"not_picked":["Demon Form","Heavy Blade","Pommel Strike"],"picked":"SKIP","floor":12.0},{"not_picked":["Demon Form","Heavy Blade","Pommel Strike"],"picked":"SKIP","floor":12.0},{"not_picked":["Hemokinesis","Clothesline"],"picked":"Burning Pact+1","floor":14.0},{"not_picked":["Fiend Fire","Reaper"],"picked":"Immolate","floor":16.0},{"not_picked":["Havoc+1","Sword Boomerang+1"],"picked":"Inflame","floor":18.0},{"not_picked":["Armaments+1","True Grit+1"],"picked":"Pommel Strike+1","floor":20.0},{"not_picked":["Perfected Strike","Metallicize"],"picked":"Shrug It Off+1","floor":22.0},{"not_picked":["Headbutt","Rupture"],"picked":"Inflame","floor":24.0},{"not_picked":["Heavy Blade+1","Cleave"],"picked":"Second Wind+1","floor":25.0},{"not_picked":["Wild Strike","Shrug It Off+1"],"picked":"Body Slam","floor":25.0},{"not_picked":["Sever Soul","Clothesline"],"picked":"Feel No Pain","floor":28.0},{"not_picked":["Perfected Strike","Headbutt"],"picked":"Disarm+1","floor":29.0},{"not_picked":["Inflame","Combust","Cleave"],"picked":"SKIP","floor":31.0},{"not_picked":["Berserk","Demon Form"],"picked":"Offering+1","floor":33.0},{"not_picked":["Pommel Strike","Blood for Blood","Ghostly Armor+1"],"picked":"SKIP","floor":35.0},{"not_picked":["Trip+1","HandOfGreed"],"picked":"Secret Technique+1","floor":38.0},{"not_picked":["Dropkick+1","Thunderclap","Anger"],"picked":"SKIP","floor":39.0},{"not_picked":["True Grit+1","Shrug It Off+1"],"picked":"Entrench+1","floor":41},{"not_picked":["Searing Blow+1","Perfected Strike","Heavy Blade+1"],"picked":"SKIP","floor":44},{"not_picked":["Pommel Strike","Dual Wield+1","Body Slam"],"picked":"SKIP","floor":44},{"not_picked":["Berserk","Hemokinesis"],"picked":"Burning Pact+1","floor":45},{"not_picked":["Clash+1","Metallicize","Anger"],"picked":"SKIP","floor":45},{"not_picked":["Inflame","Cleave","Havoc+1"],"picked":"SKIP","floor":46},{"not_picked":["Sword Boomerang","Wild Strike+1"],"picked":"Clothesline+1","floor":47},{"not_picked":["Clash","True Grit+1","Body Slam"],"picked":"SKIP","floor":47},{"not_picked":["Battle Trance+1","Anger"],"picked":"Disarm+1","floor":48},{"not_picked":["Iron Wave+1","Metallicize","Sword Boomerang"],"picked":"SKIP","floor":48},{"not_picked":["Blood for Blood","Dual Wield+1","Rupture"],"picked":"SKIP","floor":54}],"player_experience":1325218,"relics_obtained":[{"floor":9.0,"key":"Toy Ornithopter"},{"floor":10.0,"key":"Toxic Egg 2"},{"floor":12.0,"key":"Ancient Tea Set"},{"floor":24.0,"key":"Mango"},{"floor":31.0,"key":"Akabeko"},{"floor":36.0,"key":"Girya"},{"floor":41,"key":"Lantern"},{"floor":43,"key":"Prayer Wheel"},{"floor":46,"key":"Ice Cream"},{"floor":54,"key":"Centennial Puzzle"}],"event_choices":[{"damage_healed":0.0,"max_hp_gain":0.0,"max_hp_loss":0.0,"gold_gain":0.0,"event_name":"Scrap Ooze","player_choice":"Success","floor":3.0,"gold_loss":0.0,"damage_taken":11.0,"relics_obtained":["Gremlin Horn"]},{"cards_removed":["Strike_R"],"damage_healed":0.0,"max_hp_gain":0.0,"max_hp_loss":0.0,"gold_gain":0.0,"event_name":"The Cleric","player_choice":"Card Removal","floor":4.0,"gold_loss":75.0,"damage_taken":0.0},{"damage_healed":0.0,"max_hp_gain":0.0,"max_hp_loss":7.0,"gold_gain":0.0,"event_name":"Golden Idol","player_choice":"Lose Max HP","floor":8.0,"gold_loss":0.0,"damage_taken":0.0,"relics_obtained":["Golden Idol"]},{"damage_healed":0.0,"max_hp_gain":0.0,"max_hp_loss":0.0,"gold_gain":0.0,"event_name":"The Mausoleum","player_choice":"Ignored","floor":19.0,"gold_loss":0.0,"damage_taken":0.0},{"damage_healed":0.0,"max_hp_gain":0.0,"max_hp_loss":0.0,"gold_gain":0.0,"cards_transformed":["Strike_R"],"event_name":"Transmorgrifier","player_choice":"Transformed","floor":21.0,"gold_loss":0.0,"damage_taken":0.0,"cards_obtained":["Shrug It Off"]},{"damage_healed":0.0,"max_hp_gain":0.0,"max_hp_loss":0.0,"gold_gain":0.0,"event_name":"Mysterious Sphere","player_choice":"Fight","floor":36.0,"gold_loss":0.0,"damage_taken":0.0},{"damage_healed":0.0,"max_hp_gain":0.0,"max_hp_loss":0.0,"gold_gain":333.0,"event_name":"The Moai Head","player_choice":"Gave Idol","floor":37.0,"relics_lost":["Golden Idol"],"gold_loss":0.0,"damage_taken":0.0},{"damage_healed":0.0,"max_hp_gain":0.0,"max_hp_loss":0.0,"gold_gain":0.0,"event_name":"SensoryStone","player_choice":"Memory 1","floor":38.0,"gold_loss":0.0,"damage_taken":0.0},{"damage_healed":0,"gold_gain":0,"player_choice":"Bought 1 Potion","damage_taken":0,"max_hp_gain":0,"max_hp_loss":0,"event_name":"The Woman in Blue","floor":42,"gold_loss":0}],"is_beta":false,"boss_relics":[{"not_picked":["Black Blood","Coffee Dripper"],"picked":"Mark of Pain"},{"not_picked":["Velvet Choker","SlaversCollar"],"picked":"Runic Pyramid"}],"items_purged_floors":[7,25,53],"is_endless":false,"potions_floor_spawned":[2,14,18,24,29,31,35,36,44,46,47],"ascension_level":15}}