{"host":"bpr07pynnqpe5ded","time":1614107903,"event":{"mods":["2.2 Compatiblity","Aspiration","BaseMod","Better Note","Better Third Choice","BetterRewards","Downfall","Jorbs\u0027s Wanderer Trilogy","Minty Spire (QoL Compilation)","Replay The Spire","Shop Mod","StSLib","The Marked","??????REMEMod"],"gold_per_floor":[109,121,162,180,196,196,214,241,241,241,292,304,337,337,337,347,347,347,347],"floor_reached":18,"language":"ENG","playtime":1192,"items_purged":[],"score":126,"play_id":"dd045074-06e2-42b1-b3f6-4470a63b32ed","local_time":"20210223191823","is_ascension_mode":false,"campfire_choices":[{"data":"Replay:Many Hands","floor":6,"key":"SMITH"},{"data":"Adrenaline","floor":14,"key":"SMITH"},{"data":"Twin Strike","floor":17,"key":"SMITH"}],"circlet_count":0,"master_deck":["Strike_R","Strike_R","Strike_R","Strike_R","Strike_R","Defend_R","Defend_R","Defend_R","Defend_R","Bash","Adrenaline+1","Replay:Many Hands+1","Defy Death+1","Offering","Twin Strike+1"],"relics":["Burning Blood","REME_ComplimentaryCards","Orichalcum","Pen Nib","champ:DuelingGlove"],"acts_visited":["Exordium"],"potions_floor_usage":[3,5,8,18],"damage_taken":[{"damage":3,"enemies":"Small Slimes","floor":1,"turns":3},{"damage":13,"enemies":"Jaw Worm","floor":2,"turns":3},{"damage":6,"enemies":"Cultist","floor":3,"turns":3},{"damage":6,"enemies":"3 Louse","floor":4,"turns":4},{"damage":0,"enemies":"Looter","floor":5,"turns":3},{"damage":16,"enemies":"2 Fungi Beasts","floor":7,"turns":4},{"damage":6,"enemies":"Gremlin Nob","floor":8,"turns":4},{"damage":17,"enemies":"Large Slime","floor":12,"turns":7},{"damage":18,"enemies":"3 Sentries","floor":13,"turns":8},{"damage":6,"enemies":"3 Louse","floor":16,"turns":2},{"damage":46,"enemies":"The Guardian","floor":18,"turns":11}],"seed_played":"-8268001336593485179","potions_obtained":[{"floor":1,"key":"hexamod:SoulburnPotion"},{"floor":2,"key":"REME_GoldPotion"},{"floor":7,"key":"Block Potion"},{"floor":16,"key":"Swift Potion"}],"is_trial":false,"path_per_floor":["M","M","M","M","M","R","M","E","PTL","PTL","T","M","E","R","?","M","R","B"],"character_chosen":"IRONCLAD","items_purchased":[],"campfire_rested":0,"item_purchase_floors":[],"current_hp_per_floor":[80,73,73,73,79,79,69,69,69,69,69,58,46,46,46,46,46,0,0],"gold":347,"neow_bonus":"ONE_RANDOM_RARE_CARD","is_daily":false,"chose_seed":false,"campfire_upgraded":3,"win_rate":0.0,"timestamp":1614107903,"path_taken":["M","M","M","M","M","R","M","E","PTL","PTL","T","M","E","R","?","M","R","BOSS"],"items_purchased_type":[],"build_version":"2020-12-22","purchased_purges":0,"victory":false,"max_hp_per_floor":[80,80,80,80,80,80,80,80,80,80,80,80,80,80,80,80,80,80,80],"card_choices":[{"not_picked":["Battle Trance","Perfected Strike","Entrench"],"picked":"SKIP","floor":1},{"not_picked":["Ghostly Armor","Metallicize","ReplayTheSpireMod:Strike From Hell"],"picked":"SKIP","floor":2},{"not_picked":["Run Through","Battle Trance"],"picked":"Defy Death","floor":3},{"not_picked":["Pommel Strike","Anger","Havoc"],"picked":"SKIP","floor":4},{"not_picked":["Shrug It Off","Evolve","Perfected Strike"],"picked":"SKIP","floor":5},{"not_picked":["Fire Breathing","Thunderclap","Cleave"],"picked":"SKIP","floor":7},{"not_picked":["Anger","Wild Strike"],"picked":"Offering","floor":8},{"not_picked":["Havoc","Pommel Strike"],"picked":"Twin Strike","floor":12},{"not_picked":["Clothesline","Warcry","Havoc"],"picked":"SKIP","floor":13},{"not_picked":["Iron Wave","Perfected Strike","Clash"],"picked":"SKIP","floor":16}],"player_experience":1231167,"relics_obtained":[{"floor":8,"key":"Orichalcum"},{"floor":11,"key":"Pen Nib"},{"floor":13,"key":"champ:DuelingGlove"}],"event_choices":[],"is_beta":false,"boss_relics":[],"items_purged_floors":[],"is_endless":false,"potions_floor_spawned":[1,2,7,16],"killed_by":"The Guardian","ascension_level":0}}