{"host":"6vv0uythevi5qk1w","time":1614060930,"event":{"mods":["Act Like it!","BaseMod","Downfall","Gensokyo","Marisa£®ÏF”Í°°ƒß¿Ì…≥£©","Minty Spire (QoL Compilation)","Replay The Spire","StSLib"],"gold_per_floor":[109,109,109,128,146,146,178,197,197,0,0,0,0,18,18,114,114,428,308,325,9,223,223,223,223,223,223,40,71,385,411,411,711,711,725,665,665,680,218,218,294,294,294,305,622,855,855,867,867,867,867,867,257,289,289],"floor_reached":56,"language":"ZHS","playtime":6908,"items_purged":["WitchLeyline","MasterSpark"],"score":1985,"play_id":"06435368-5d78-4ce8-84c2-6faf3c69bf03","local_time":"20210223141530","is_ascension_mode":true,"campfire_choices":[{"data":"AbsoluteMagnitude","floor":6.0,"key":"SMITH"},{"floor":11.0,"key":"REST"},{"floor":13.0,"key":"REST"},{"data":"Acceleration","floor":15.0,"key":"SMITH"},{"data":"UltimateShortwave","floor":23.0,"key":"SMITH"},{"data":"OortCloud","floor":27.0,"key":"SMITH"},{"data":"Acceleration","floor":32.0,"key":"SMITH"},{"floor":40.0,"key":"RECALL"},{"data":"Gensokyo:MenInBlack","floor":42.0,"key":"SMITH"},{"data":"GasGiant","floor":47,"key":"SMITH"}],"circlet_count":0,"master_deck":["Defend_MRS","Defend_MRS","Defend_MRS","Defend_MRS","UpSweep","AbsoluteMagnitude+1","DarkMatter","MillisecondPulsars","GasGiant+1","Acceleration+1","UltimateShortwave+1","Acceleration+1","OortCloud+1","Gensokyo:AllTheWorldsEvil","Acceleration+1","CurseOfTheBell","Gensokyo:CustomPotion","MagicAbsorber+1","Gensokyo:MenInBlack+1","Parasite","AsteroidBelt+1","Madness+1"],"relics":["MiniHakkero","Gensokyo:CelestialsFlawlessClothing","Blue Candle","Replay:WaspNest","Iron Hammer","TheAbacus","expansioncontent:StudyCardRelic","Gensokyo:FoxMask","Singing Bowl","Pear","Medical Kit","Bottled Tornado","Pantograph","Replay:Grab Bag","Coffee Dripper","Cursed Key","Calling Bell","Blue Doll","Chameleon Ring","Replay:Towering Pillar of Hats","bronze:DonusWashers","Juzu Bracelet","Gambling Chip","Bag of Preparation","Nunchaku","Cauldron","Gremlin Food"],"acts_visited":["Exordium","Gensokyo:Gensokyo","Gensokyo:Gensokyoer","TheEnding"],"potions_floor_usage":[55,55,55],"damage_taken":[{"damage":6.0,"enemies":"Gensokyo:Gryphon","floor":1.0,"turns":3.0},{"damage":2.0,"enemies":"Gensokyo:Python","floor":4.0,"turns":3.0},{"damage":1.0,"enemies":"Gensokyo:2_Kodama","floor":5.0,"turns":3.0},{"damage":23.0,"enemies":"Gensokyo:Cirno","floor":7.0,"turns":8.0},{"damage":11.0,"enemies":"Gensokyo:Gryphon_and_Rabbit","floor":8.0,"turns":4.0},{"damage":10.0,"enemies":"Gensokyo:LivingMonolith","floor":14.0,"turns":4.0},{"damage":14.0,"enemies":"Gensokyo:Yukari","floor":16.0,"turns":6.0},{"damage":6.0,"enemies":"Gensokyo:Chomper","floor":18.0,"turns":4.0},{"damage":6.0,"enemies":"Gensokyo:3_Dogs","floor":20.0,"turns":4.0},{"damage":2.0,"enemies":"Gensokyo:Slime_Group","floor":22.0,"turns":5.0},{"damage":5.0,"enemies":"Gensokyo:Tenshi","floor":29.0,"turns":4.0},{"damage":3.0,"enemies":"Gensokyo:3_Gloops","floor":30.0,"turns":4.0},{"damage":1.0,"enemies":"Gensokyo:Reisen","floor":31.0,"turns":3.0},{"damage":163.0,"enemies":"Gensokyo:Eternal_Rivals","floor":33.0,"turns":4.0},{"damage":0.0,"enemies":"Gensokyo:AncientGuardian","floor":35.0,"turns":4.0},{"damage":1.0,"enemies":"Gensokyo:3_Boulders","floor":38.0,"turns":3.0},{"damage":3.0,"enemies":"Gensokyo:4_Bats","floor":44.0,"turns":5.0},{"damage":0.0,"enemies":"Gensokyo:SeedOfUnknown","floor":45.0,"turns":4.0},{"damage":1,"enemies":"Gensokyo:Marisa","floor":46,"turns":3},{"damage":10,"enemies":"Gensokyo:Rafflesia","floor":48,"turns":4},{"damage":5,"enemies":"Gensokyo:Shinki","floor":50,"turns":5},{"damage":0,"enemies":"Shield and Spear","floor":54,"turns":3},{"damage":3,"enemies":"The Heart","floor":55,"turns":4}],"seed_played":"1289137999791329580","potions_obtained":[{"floor":1.0,"key":"SpeedPotion"},{"floor":8.0,"key":"FearPotion"},{"floor":14.0,"key":"Energy Potion"},{"floor":16.0,"key":"Fruit Juice"},{"floor":22.0,"key":"Fire Potion"},{"floor":30.0,"key":"PowerPotion"},{"floor":31.0,"key":"ColorlessPotion"},{"floor":35.0,"key":"Adrenaline Potion"},{"floor":52,"key":"Doom Potion"},{"floor":53,"key":"Languid Potion"}],"is_trial":false,"path_per_floor":["M","?","?","M","M","R","E","M","T","COS","R","?","R","M","R","B",null,"M","?","M","$","M","R","?","?","T","R","COS","E","M","E","R","B",null,"M","?","?","M","COS","R","T","R","T","M","M","E","R","M","R","B",null,"R","$","E","B",null],"character_chosen":"MARISA","items_purchased":["Singing Bowl","Bag of Preparation","Nunchaku","Cauldron","Madness+1"],"campfire_rested":2,"item_purchase_floors":[21,53,53,53,53],"current_hp_per_floor":[62,45,40,38,37,37,14,3,3,3,23,10,30,20,20,6,53,47,47,41,41,39,39,39,39,49,49,49,46,50,49,49,89,89,91,91,91,90,90,90,90,90,90,89,89,90,90,82,82,92,96,96,96,98,96],"gold":289,"neow_bonus":"TRANSFORM_TWO_CARDS","is_daily":false,"chose_seed":false,"campfire_upgraded":7,"win_rate":0.0,"timestamp":1614060930,"path_taken":["M","?","?","M","M","R","E","M","T","COS","R","?","R","M","R","BOSS","M","?","M","$","M","R","?","?","T","R","COS","E","M","E","R","BOSS","M","?","?","M","COS","R","?","R","T","M","M","E","R","M","R","BOSS","R","$","E","BOSS"],"items_purchased_type":["Relic","Relic","Relic","Relic","Card"],"build_version":"2020-12-22","purchased_purges":2,"victory":true,"max_hp_per_floor":[68,68,68,68,68,68,68,68,68,68,68,68,68,68,68,68,68,68,68,68,68,68,68,68,68,78,78,78,80,87,87,87,89,89,91,91,91,91,91,91,91,91,91,93,93,95,95,97,97,97,97,97,97,99,99],"card_choices":[{"not_picked":["BlazeAway","LuminesStrike","DC"],"picked":"SKIP","floor":1.0},{"not_picked":["ShootingEcho","StarlightTyphoon"],"picked":"DarkMatter","floor":4.0},{"not_picked":["6A","FairyDestructionRay","MachineGunSpark"],"picked":"SKIP","floor":5.0},{"not_picked":["6A","PropBag"],"picked":"MillisecondPulsars","floor":7.0},{"not_picked":["PowerUp","OpenUniverse"],"picked":"GasGiant","floor":8.0},{"not_picked":["DarkSpark","EarthLightRay"],"picked":"Acceleration","floor":14.0},{"not_picked":["MillisecondPulsars","ManaRampage"],"picked":"UltimateShortwave","floor":16.0},{"not_picked":["PowerUp+1","DoubleSpark","UnstableBomb"],"picked":"SKIP","floor":18.0},{"not_picked":["WitchLeyline+1","6A","DC"],"picked":"SKIP","floor":20.0},{"not_picked":["AlicesGift","MilkyWay"],"picked":"Acceleration","floor":22.0},{"not_picked":["SporeBomb+1","BigCrunch","LuminesStrike"],"picked":"Singing Bowl","floor":29.0},{"not_picked":["GalacticHalo","ChargeUpSpray","AsteroidBelt"],"picked":"Singing Bowl","floor":30.0},{"not_picked":["MachineGunSpark","MilkyWay+1"],"picked":"Acceleration+1","floor":31.0},{"not_picked":["CollectingQuirk","EscapeVelocity","JA"],"picked":"Singing Bowl","floor":33.0},{"not_picked":["AsteroidBelt","OpenUniverse+1","GrandCross"],"picked":"Singing Bowl","floor":35.0},{"not_picked":["IllusionStar","Singularity"],"picked":"MagicAbsorber+1","floor":38.0},{"not_picked":["PowerUp+1","MysteriousBeam","DoubleSpark"],"picked":"Singing Bowl","floor":44.0},{"not_picked":["ChargingUp","WitchOfGreed+1"],"picked":"AsteroidBelt+1","floor":45},{"not_picked":["GravityBeat+1","GalacticHalo+1","AlicesGift"],"picked":"Singing Bowl","floor":46},{"not_picked":["StarlightTyphoon","NonDirectionalLaser","DarkMatter+1"],"picked":"Singing Bowl","floor":48},{"not_picked":["Acceleration","Robbery+1","SprinkleStarSeal"],"picked":"Singing Bowl","floor":54}],"player_experience":557291,"relics_obtained":[{"floor":7.0,"key":"Replay:WaspNest"},{"floor":9.0,"key":"Iron Hammer"},{"floor":26.0,"key":"Pear"},{"floor":29.0,"key":"Bottled Tornado"},{"floor":31.0,"key":"Pantograph"},{"floor":34.0,"key":"Blue Doll"},{"floor":34.0,"key":"Chameleon Ring"},{"floor":34.0,"key":"Replay:Towering Pillar of Hats"},{"floor":46,"key":"Juzu Bracelet"},{"floor":54,"key":"Gremlin Food"}],"event_choices":[],"is_beta":false,"boss_relics":[{"not_picked":["Kintsugi","bronze:MakeshiftBattery"],"picked":"expansioncontent:StudyCardRelic"},{"not_picked":["Black Star","SacredBark"],"picked":"Replay:Grab Bag"},{"not_picked":["SlaversCollar","ChewingGum"],"picked":"Coffee Dripper"},{"not_picked":["Runic Dome","Busted Crown"],"picked":"Cursed Key"},{"not_picked":["ExperimentalFamiliar","Honey Jar"],"picked":"Calling Bell"}],"items_purged_floors":[21,53],"is_endless":false,"potions_floor_spawned":[1,8,14,16,22,30,31,33,35,44,48,54],"ascension_level":7}}