{"host":"40e4adzyl212zebh","time":1614078044,"event":{"mods":["Act Like it!","BaseMod","Colored Map","Colored Powertips","DeckTracker","Hallownest","Minty Spire (QoL Compilation)","Quick Restart","Random Character Button","Relic Stats","StSLib","The Bug Knight"],"gold_per_floor":[116,41,41,55,68,93,18,18,18,38,338,363,363,377,377,479,479,496,510,510,522,522,551,551,566,566,566,566,579,579,636,636,731,731,749,767,373,428,428,428,448,348,348,348,348,348,50,79,79,79,79,79,21,47,47],"floor_reached":56,"language":"ENG","playtime":7768,"items_purged":["HollowMod:NailStrikeStart","HollowMod:NailStrikeStart","Shame","Injury"],"score":1128,"play_id":"96bbb85b-3578-4e97-be35-b80c6c3133e3","local_time":"20210223200044","is_ascension_mode":false,"campfire_choices":[{"data":"HollowMod:InfectedCysts","floor":8.0,"key":"SMITH"},{"data":"HollowMod:MawleksShell","floor":15.0,"key":"SMITH"},{"data":"HollowMod:NewJinnsSoul","floor":24.0,"key":"SMITH"},{"floor":28.0,"key":"RECALL"},{"data":"HollowMod:Hiveblood","floor":30.0,"key":"SMITH"},{"data":"HollowMod:DashSlash","floor":32,"key":"SMITH"},{"data":"HollowMod:SiblingsSouls","floor":40,"key":"SMITH"},{"data":"HollowMod:SiblingsSouls","floor":44,"key":"SMITH"},{"data":"Sadistic Nature","floor":46,"key":"SMITH"},{"data":"HollowMod:Weaversong","floor":49,"key":"SMITH"},{"data":"HollowMod:PerfectDash","floor":52,"key":"SMITH"}],"circlet_count":0,"master_deck":["HollowMod:QuickDashStart","HollowMod:QuickDashStart","HollowMod:QuickDashStart","HollowMod:QuickDashStart","HollowMod:FocusHealStart","HollowMod:PogoStrike","Sadistic Nature+1","HollowMod:InfectedCysts+1","HollowMod:NewJinnsSoul+1","HollowMod:SiblingsSouls+1","HollowMod:MawleksShell+1","HollowMod:DashSlash+1","HollowMod:Hiveblood+1","HollowMod:RecoilStrike+1","HollowMod:NewLittleFool","HollowMod:PerfectDash+1","HollowMod:Weaversong+1","HollowMod:SiblingsSouls+1","HollowMod:InfectedAttack+1","HollowMod:theNailsmith","HollowMod:MothsMistake+1","HollowMod:PerfectDash","HollowMod:Hiveblood"],"relics":["HollowMod:VesselMask","Bottled Lightning","Nunchaku","Letter Opener","Old Coin","MealTicket","Lantern","Runic Pyramid","The Courier","HollowMod:KingsBrand","Pantograph","Cursed Key","OrangePellets","HollowMod:MantisClawRelic","Lizard Tail","Strange Spoon","Dream Catcher","Happy Flower"],"acts_visited":["Exordium","Hallownest:Greenpath","Hallownest:CityofTears","TheEnding"],"potions_floor_usage":[38,41,55],"damage_taken":[{"damage":5.0,"enemies":"Hallownest:monsterHuskGuard","floor":1.0,"turns":7.0},{"damage":3.0,"enemies":"Hallownest:2_MossCreeps","floor":4.0,"turns":4.0},{"damage":7.0,"enemies":"2_ Uuma","floor":5.0,"turns":5.0},{"damage":27.0,"enemies":"Hallownest:eliteVengeflyKing","floor":6.0,"turns":11.0},{"damage":7.0,"enemies":"Hallownest:1_Baldur_1_Crawlid_1_Warrior","floor":10.0,"turns":3.0},{"damage":16.0,"enemies":"Hallownest:eliteMossKnight","floor":12.0,"turns":15.0},{"damage":0.0,"enemies":"Hallownest:monsterAspidMother","floor":14.0,"turns":6.0},{"damage":50.0,"enemies":"Hallownest:BossFalseKnight","floor":16.0,"turns":18.0},{"damage":41.0,"enemies":"Hallownest:Flukemon_and_Top","floor":18.0,"turns":7.0},{"damage":17.0,"enemies":"Hallownest:2_Mistakes","floor":19.0,"turns":11.0},{"damage":9.0,"enemies":"Hallownest:Warrior_and_Youth","floor":21.0,"turns":3.0},{"damage":35.0,"enemies":"Hallownest:Nosk","floor":23.0,"turns":8.0},{"damage":25.0,"enemies":"Hallownest:3_Mistakes","floor":25.0,"turns":7.0},{"damage":33.0,"enemies":"Hallownest:2_Husk_Sentries","floor":29.0,"turns":5.0},{"damage":56.0,"enemies":"Hallownest:Glutton_and_Coward","floor":31.0,"turns":5.0},{"damage":54,"enemies":"Hallownest:BossMantisLord","floor":33,"turns":9},{"damage":31,"enemies":"Hallownest:Shield_Heavy","floor":35,"turns":5},{"damage":55,"enemies":"Hallownest:2_Littles","floor":36,"turns":8},{"damage":72,"enemies":"Hallownest:2_Primals","floor":38,"turns":5},{"damage":35,"enemies":"Hallownest:Xero_Hu_Marmu","floor":41,"turns":8},{"damage":101,"enemies":"Hallownest:eliteHiveKnight","floor":48,"turns":7},{"damage":163,"enemies":"Hallownest:BossGreyPrinceZote","floor":50,"turns":9},{"damage":49,"enemies":"Shield and Spear","floor":54,"turns":8},{"damage":190,"enemies":"The Heart","floor":55,"turns":12}],"seed_played":"-8632301357203170967","potions_obtained":[{"floor":1.0,"key":"Energy Potion"},{"floor":4.0,"key":"Swift Potion"},{"floor":6.0,"key":"Dexterity Potion"},{"floor":16.0,"key":"CultistPotion"},{"floor":23.0,"key":"BlessingOfTheForge"},{"floor":25.0,"key":"LiquidMemories"},{"floor":33,"key":"PowerPotion"},{"floor":36,"key":"Regen Potion"},{"floor":38,"key":"SkillPotion"},{"floor":54,"key":"SteroidPotion"}],"is_trial":false,"path_per_floor":["M","?","?","M","M","E","$","R","T","M","?","E","T","M","R","B",null,"M","M","?","M","?","E","R","M","T","?","R","M","R","M","R","B",null,"M","M","$","?","?","R","M","$","T","R","?","R","$","E","R","B",null,"R","$","E","B",null],"character_chosen":"THE_BUGKNIGHT","items_purchased":["OrangePellets","HollowMod:MantisClawRelic","Strange Spoon","LiquidMemories","HollowMod:PerfectDash"],"campfire_rested":0,"item_purchase_floors":[37,37,47,47,53],"current_hp_per_floor":[59,64,55,58,57,40,40,40,40,39,35,31,31,43,43,5,80,76,80,76,67,67,72,72,71,71,71,71,58,58,48,48,53,80,68,80,80,27,27,27,73,80,80,80,75,75,75,75,75,64,75,75,75,75,75],"gold":47,"neow_bonus":"RANDOM_COLORLESS_2","is_daily":false,"chose_seed":false,"campfire_upgraded":10,"win_rate":0.0,"timestamp":1614078044,"path_taken":["M","?","?","M","?","E","$","R","T","M","?","E","?","M","R","BOSS","M","M","?","M","?","E","R","M","T","?","R","M","R","?","R","BOSS","M","M","$","?","?","R","M","$","T","R","?","R","$","E","R","BOSS","R","$","E","BOSS"],"items_purchased_type":["Relic","Relic","Relic","Potion","Card"],"build_version":"2020-12-22","purchased_purges":4,"victory":true,"max_hp_per_floor":[75,80,80,80,80,80,80,80,80,80,80,80,80,80,80,80,80,80,80,80,80,80,80,80,80,80,80,80,80,80,80,80,80,80,80,80,80,80,80,80,80,80,80,80,75,75,75,75,75,75,75,75,75,75,75],"relic_stats":{"OrangePellets":[7],"Strange Spoon":[20],"Nunchaku":[33],"Lizard Tail":0,"Dream Catcher":0,"Happy Flower":[4],"counters":[24,186],"Pantograph":25,"MealTicket":7,"Letter Opener":[326],"Cursed Key":1,"obtain_stats":[{"Lantern":13,"Happy Flower":54,"HollowMod:VesselMask":0,"The Courier":23,"Letter Opener":11,"HollowMod:KingsBrand":26,"Cursed Key":34,"Old Coin":11,"OrangePellets":37,"Strange Spoon":47,"Nunchaku":9,"Lizard Tail":38,"Dream Catcher":48,"Pantograph":27,"MealTicket":12,"Bottled Lightning":6,"HollowMod:MantisClawRelic":37,"Runic Pyramid":17},{"Lantern":6,"Happy Flower":23,"HollowMod:VesselMask":0,"The Courier":12,"Letter Opener":5,"HollowMod:KingsBrand":13,"Cursed Key":16,"Old Coin":5,"OrangePellets":18,"Strange Spoon":20,"Nunchaku":4,"Lizard Tail":19,"Dream Catcher":21,"Pantograph":13,"MealTicket":6,"Bottled Lightning":4,"HollowMod:MantisClawRelic":18,"Runic Pyramid":8},{"Lantern":45,"Happy Flower":174,"HollowMod:VesselMask":0,"The Courier":98,"Letter Opener":30,"HollowMod:KingsBrand":105,"Cursed Key":124,"Old Coin":30,"OrangePellets":137,"Strange Spoon":150,"Nunchaku":27,"Lizard Tail":142,"Dream Catcher":157,"Pantograph":105,"MealTicket":45,"Bottled Lightning":27,"HollowMod:MantisClawRelic":137,"Runic Pyramid":69}]},"card_choices":[{"not_picked":["Transmutation","Secret Weapon"],"picked":"Sadistic Nature","floor":0.0},{"not_picked":["HollowMod:NewLittleFool","HollowMod:HeavyBlow"],"picked":"HollowMod:InfectedCysts","floor":1.0},{"not_picked":["HollowMod:NewLittleFool","HollowMod:HeavyBlow"],"picked":"HollowMod:NewJinnsSoul","floor":4.0},{"not_picked":["HollowMod:LifebloodCocoon","HollowMod:SharpenedNail"],"picked":"HollowMod:SiblingsSouls","floor":5.0},{"not_picked":["HollowMod:SoulShaman","HollowMod:ChannelNail","HollowMod:WraithStrike"],"picked":"SKIP","floor":6.0},{"not_picked":["HollowMod:SoulShaman","HollowMod:ChannelNail","HollowMod:WraithStrike"],"picked":"SKIP","floor":6.0},{"not_picked":["HollowMod:SoulShaman","HollowMod:ChannelNail","HollowMod:WraithStrike"],"picked":"SKIP","floor":6.0},{"not_picked":["HollowMod:RecoilStrike","HollowMod:CornifersMapStart"],"picked":"HollowMod:MawleksShell","floor":10.0},{"not_picked":["HollowMod:LordofShades","HollowMod:GrimmsGift"],"picked":"HollowMod:DashSlash","floor":12.0},{"not_picked":["HollowMod:CornifersMapStart","HollowMod:ShadowDash","HollowMod:VengefulVoid"],"picked":"SKIP","floor":14.0},{"not_picked":["HollowMod:HornetsHelp","HollowMod:VoidDash"],"picked":"HollowMod:Hiveblood","floor":16.0},{"not_picked":["HollowMod:CornifersMapStart","HollowMod:NewJinnsSoul","HollowMod:RecoilStrike"],"picked":"SKIP","floor":18.0},{"not_picked":["HollowMod:MonarchWings","HollowMod:WraithStrike"],"picked":"HollowMod:RecoilStrike+1","floor":19.0},{"not_picked":["HollowMod:ShadowDash","HollowMod:ChannelNail","HollowMod:GreatSlash"],"picked":"SKIP","floor":21.0},{"not_picked":["HollowMod:FallenFury","HollowMod:GoodIntentions+1","HollowMod:VengefulSpirit"],"picked":"SKIP","floor":23.0},{"not_picked":["HollowMod:FallenFury","HollowMod:GoodIntentions+1","HollowMod:VengefulSpirit"],"picked":"SKIP","floor":23.0},{"not_picked":["HollowMod:DescendingDark","HollowMod:NewGlowingWomb"],"picked":"HollowMod:NewLittleFool","floor":25.0},{"not_picked":["HollowMod:HuntersJournal","HollowMod:MonarchWings"],"picked":"HollowMod:PerfectDash","floor":29.0},{"not_picked":["HollowMod:SharpenedShadows+1","HollowMod:DashSlash","HollowMod:NewJinnsSoul+1"],"picked":"SKIP","floor":31.0},{"not_picked":["HollowMod:SoulMaster","HollowMod:theNailsmith"],"picked":"HollowMod:Weaversong","floor":33},{"not_picked":["HollowMod:DoubleDash+1","HollowMod:PureNailStrike+1"],"picked":"HollowMod:SiblingsSouls","floor":35},{"not_picked":["HollowMod:DoubleDash+1","HollowMod:PureNailStrike+1"],"picked":"HollowMod:InfectedAttack+1","floor":36},{"not_picked":["HollowMod:CrystalDash+1","HollowMod:MonarchWings"],"picked":"HollowMod:theNailsmith","floor":41},{"not_picked":["HollowMod:TaintedHusks+1","HollowMod:VengefulVoid+1"],"picked":"HollowMod:MothsMistake+1","floor":48},{"not_picked":["HollowMod:HuntersJournal+1","HollowMod:SoulEater"],"picked":"HollowMod:Hiveblood","floor":54}],"player_experience":615235,"relics_obtained":[{"floor":6.0,"key":"Bottled Lightning"},{"floor":9.0,"key":"Nunchaku"},{"floor":12.0,"key":"MealTicket"},{"floor":13.0,"key":"Lantern"},{"floor":23.0,"key":"The Courier"},{"floor":26.0,"key":"HollowMod:KingsBrand"},{"floor":38,"key":"Lizard Tail"},{"floor":48,"key":"Dream Catcher"},{"floor":54,"key":"Happy Flower"}],"event_choices":[],"is_beta":false,"boss_relics":[{"not_picked":["Fusion Hammer","Empty Cage"],"picked":"Runic Pyramid"},{"not_picked":["Philosopher\u0027s Stone","Tiny House"],"picked":"Cursed Key"}],"items_purged_floors":[7,37,42,47],"is_endless":false,"potions_floor_spawned":[1,4,6,16,23,25,31,33,36,38,54],"ascension_level":0}}