{"host":"s0nrlal5fls38heo","time":1614115646,"event":{"mods":["AchievementEnabler","BaseMod","Colored Powertips","Dark Map","Displayed Cursed Tome","Downfall","Faster Ascension Climbing","GifTheSpireLib","Minty Spire (QoL Compilation)","Permanent Neow","Rare Cards Sparkle","Relic Filter Mod","Relic Stats","StSLib"],"gold_per_floor":[99,109,109,19,19,46,46,60,60,60,60],"floor_reached":9,"language":"ENG","playtime":344,"items_purged":["hexamod:Strike"],"score":97,"play_id":"a79346e9-4767-452d-87cc-7409b0d61c0a","local_time":"20210223222726","is_ascension_mode":true,"campfire_choices":[{"data":"hexamod:Float","floor":1.0,"key":"SMITH"}],"circlet_count":0,"master_deck":["AscendersBane","hexamod:Strike","hexamod:Strike","hexamod:Strike","hexamod:Defend","hexamod:Defend","hexamod:Defend","hexamod:Defend","hexamod:Sear","hexamod:Float+1","hexamod:EtherealExpedition","hexamod:HeatCrush","hexamod:ApocalypseNow","hexamod:ExtraCrispy"],"relics":["Runic Pyramid","downfall:ShatteredFragment","Slimebound:StickyStick","Happy Flower"],"acts_visited":["Exordium"],"potions_floor_usage":[],"damage_taken":[{"damage":7.0,"enemies":"Jaw Worm","floor":2.0,"turns":3.0},{"damage":0.0,"enemies":"downfall:FleeingMerchant","floor":4.0,"turns":4.0},{"damage":15,"enemies":"Lagavulin","floor":6,"turns":7},{"damage":1,"enemies":"2 Louse","floor":8,"turns":2},{"damage":6,"enemies":"3 Sentries","floor":9,"turns":5}],"seed_played":"7993496214226898952","potions_obtained":[{"floor":2.0,"key":"SteroidPotion"}],"is_trial":false,"path_per_floor":["R","M","?","$","?","E","T","M","E"],"character_chosen":"THE_SPIRIT","items_purchased":[],"campfire_rested":0,"item_purchase_floors":[],"current_hp_per_floor":[63,56,35,35,35,20,20,19,13,13,13],"gold":60,"neow_bonus":"BOSS_RELIC","is_daily":false,"chose_seed":false,"campfire_upgraded":1,"win_rate":0.0,"timestamp":1614115646,"path_taken":["R","M","?","$","?","E","T","?","E"],"items_purchased_type":[],"build_version":"2020-12-22","purchased_purges":1,"victory":false,"max_hp_per_floor":[70,70,70,70,70,70,70,70,70,70,70],"relic_stats":{"Happy Flower":[2],"counters":[5,21],"obtain_stats":[{"downfall:ShatteredFragment":3,"Happy Flower":7,"Slimebound:StickyStick":6,"hexamod:SpiritBrand":0,"Runic Pyramid":0},{"downfall:ShatteredFragment":1,"Happy Flower":3,"Slimebound:StickyStick":3,"hexamod:SpiritBrand":0,"Runic Pyramid":0},{"downfall:ShatteredFragment":3,"Happy Flower":14,"Slimebound:StickyStick":14,"hexamod:SpiritBrand":0,"Runic Pyramid":0}]},"card_choices":[{"not_picked":["hexamod:NecessarySacrifice","hexamod:SuperheatedStrike"],"picked":"hexamod:EtherealExpedition","floor":2.0},{"not_picked":["hexamod:InspiringFlames","hexamod:StepThrough"],"picked":"hexamod:HeatCrush","floor":4.0},{"not_picked":["hexamod:Hexaguard","hexamod:NecessarySacrifice"],"picked":"hexamod:ApocalypseNow","floor":6},{"not_picked":["hexamod:SuperheatedStrike","hexamod:SkipABeat"],"picked":"hexamod:ExtraCrispy","floor":8}],"player_experience":77925,"relics_obtained":[{"floor":6,"key":"Slimebound:StickyStick"},{"floor":7,"key":"Happy Flower"}],"event_choices":[],"is_beta":false,"boss_relics":[],"items_purged_floors":[4],"is_endless":false,"potions_floor_spawned":[2],"killed_by":"3 Sentries","ascension_level":13}}