{"host":"sav7uxregyirlf69","time":1614043305,"event":{"mods":["AchievementEnabler","BaseMod","Colored Map","DeckTracker","Keyboard Shortcuts","Minty Spire (QoL Compilation)","READ ME - Guardian Mod","StSLib","SuperFastMode"],"gold_per_floor":[112,112,132,148,148,148,178,178,201,201,221,233,233,80,80,80,80],"floor_reached":16,"language":"KOR","playtime":189,"items_purged":["Strike_R"],"score":200,"play_id":"8a9532e2-0494-45f4-9c51-c942eacb81ac","local_time":"20210223102145","is_ascension_mode":true,"campfire_choices":[{"data":"Immolate","floor":6,"key":"SMITH"},{"data":"True Grit","floor":10,"key":"SMITH"},{"data":"Bloodletting","floor":13,"key":"SMITH"},{"data":"Bash","floor":15,"key":"SMITH"}],"circlet_count":0,"master_deck":["AscendersBane","Strike_R","Strike_R+1","Strike_R","Strike_R","Defend_R","Defend_R+1","Defend_R","Defend_R","Bash+1","Clumsy","Immolate+1","Anger","True Grit+1","Bloodletting+1","Sentinel"],"relics":["Burning Blood","Tiny Chest","Blue Candle","Centennial Puzzle"],"acts_visited":["Exordium"],"potions_floor_usage":[16,16,16],"damage_taken":[{"damage":1,"enemies":"2 Louse","floor":1,"turns":3},{"damage":11,"enemies":"Jaw Worm","floor":3,"turns":4},{"damage":7,"enemies":"Small Slimes","floor":4,"turns":2},{"damage":15,"enemies":"3 Sentries","floor":7,"turns":5},{"damage":1,"enemies":"3 Louse","floor":11,"turns":2},{"damage":12,"enemies":"Red Slaver","floor":12,"turns":2},{"damage":26,"enemies":"Slime Boss","floor":16,"turns":6}],"seed_played":"3242723191161389374","potions_obtained":[{"floor":7,"key":"Fire Potion"},{"floor":11,"key":"EntropicBrew"}],"is_trial":false,"path_per_floor":["M","?","M","M","?","R","E","?","T","R","M","M","R","$","R","B"],"character_chosen":"IRONCLAD","items_purchased":["Sentinel"],"campfire_rested":0,"item_purchase_floors":[14],"current_hp_per_floor":[73,73,68,67,62,62,53,30,30,30,35,29,29,29,29,3,3],"gold":80,"neow_bonus":"THREE_RARE_CARDS","is_daily":false,"chose_seed":false,"campfire_upgraded":4,"win_rate":0.0,"timestamp":1614043305,"path_taken":["M","?","M","M","?","R","E","?","T","R","M","?","R","$","R","BOSS"],"items_purchased_type":["Card"],"build_version":"2020-12-22","purchased_purges":1,"victory":false,"max_hp_per_floor":[75,75,75,75,75,75,75,75,75,75,75,75,75,75,75,75,75],"card_choices":[{"not_picked":["Demon Form","Impervious"],"picked":"Immolate","floor":0},{"not_picked":["Perfected Strike","Searing Blow","Rampage"],"picked":"SKIP","floor":1},{"not_picked":["Dual Wield","Headbutt"],"picked":"Anger","floor":3},{"not_picked":["Body Slam","Cleave","Pommel Strike"],"picked":"SKIP","floor":4},{"not_picked":["Pommel Strike","Hemokinesis"],"picked":"True Grit","floor":7},{"not_picked":["Reaper","Flex"],"picked":"Bloodletting","floor":11},{"not_picked":["Headbutt","Dual Wield","Carnage"],"picked":"SKIP","floor":12}],"player_experience":1662388,"relics_obtained":[{"floor":7,"key":"Blue Candle"},{"floor":9,"key":"Centennial Puzzle"}],"event_choices":[{"damage_healed":0,"gold_gain":0,"player_choice":"Ignored","damage_taken":0,"max_hp_gain":0,"max_hp_loss":0,"event_name":"Liars Game","floor":2,"gold_loss":0},{"damage_healed":0,"gold_gain":0,"player_choice":"Success","damage_taken":5,"relics_obtained":["Tiny Chest"],"max_hp_gain":0,"max_hp_loss":0,"event_name":"Scrap Ooze","floor":5,"gold_loss":0},{"damage_healed":0,"gold_gain":0,"player_choice":"Entered Light","damage_taken":23,"max_hp_gain":0,"max_hp_loss":0,"event_name":"Shining Light","floor":8,"gold_loss":0,"cards_upgraded":["Strike_R","Defend_R"]}],"is_beta":false,"boss_relics":[],"items_purged_floors":[14],"is_endless":false,"potions_floor_spawned":[7,11],"killed_by":"Slime Boss","ascension_level":20}}