{"host":"xwl7b08i4vco8s3a","time":1614105719,"event":{"mods":["BaseMod","Colored Powertips","Downfall","Hermit","Minty Spire (QoL Compilation)","Replay The Spire","StSLib","Wandering Minibosses"],"gold_per_floor":[99,114,114,131,142,172,224,235,135,150,161,146,146,174,189,284,284,184,194,194,194,204,204,229,244,255,20,65,87,87,142,174,194,194,194],"floor_reached":33,"language":"ENG","playtime":1810,"items_purged":["downfall:Malfunctioning"],"score":281,"play_id":"df0dae52-7959-484a-ac2a-8458409afee8","local_time":"20210223194159","is_ascension_mode":false,"campfire_choices":[{"floor":1,"key":"RECALL"},{"floor":9,"key":"REST"},{"data":"Guardian:RevengeProtocol","floor":18,"key":"SMITH"},{"floor":23,"key":"REST"},{"floor":30,"key":"REST"}],"circlet_count":0,"master_deck":["Guardian:Strike_Guardian","Guardian:Strike_Guardian","Guardian:Strike_Guardian","Guardian:Strike_Guardian+1","Guardian:Defend_Guardian","Guardian:Defend_Guardian+1","Guardian:Defend_Guardian","Guardian:Defend_Guardian","Guardian:CurlUp+1","Guardian:TwinSlam+1","Guardian:PrismaticBeam","Guardian:WalkerClaw","Guardian:PiercingHide","Guardian:VentSteam","Guardian:PrismaticBarrier","Guardian:RevengeProtocol+1","Guardian:CrystalBeam","Guardian:ChargeUp","Guardian:Gem_Lightblue"],"relics":["Guardian:ModeShifter","Blue Doll","Pen Nib","downfall:HeartBlessingRed","Centennial Puzzle","SlaversCollar","downfall:HeartBlessingGreen","wanderingMiniBosses:AbyssPearl","Replay:Bandana","Ginger","Lantern"],"acts_visited":["Exordium","TheCity"],"potions_floor_usage":[10,12,14,16,16,16,19,25,28,29,32],"damage_taken":[{"damage":6,"enemies":"Jaw Worm","floor":2,"turns":4},{"damage":2,"enemies":"2 Louse","floor":4,"turns":5},{"damage":7,"enemies":"Small Slimes","floor":5,"turns":4},{"damage":25,"enemies":"3 Sentries","floor":6,"turns":13},{"damage":7,"enemies":"Blue Slaver","floor":8,"turns":4},{"damage":0,"enemies":"Large Slime","floor":10,"turns":5},{"damage":13,"enemies":"2 Fungi Beasts","floor":11,"turns":3},{"damage":8,"enemies":"downfall:FleeingMerchant","floor":12,"turns":5},{"damage":14,"enemies":"Lagavulin","floor":14,"turns":7},{"damage":13,"enemies":"Lots of Slimes","floor":15,"turns":6},{"damage":34,"enemies":"WA_ARCHETYPE_RETAIN","floor":16,"turns":10},{"damage":20,"enemies":"3 Byrds","floor":19,"turns":5},{"damage":28,"enemies":"Spheric Guardian","floor":22,"turns":10},{"damage":8,"enemies":"Cultist and Chosen","floor":25,"turns":8},{"damage":22,"enemies":"Centurion and Healer","floor":26,"turns":8},{"damage":0,"enemies":"downfall:FleeingMerchant","floor":27,"turns":4},{"damage":3,"enemies":"Book of Stabbing","floor":28,"turns":6},{"damage":9,"enemies":"Snecko","floor":29,"turns":5},{"damage":5,"enemies":"Chosen and Byrds","floor":32,"turns":5},{"damage":3,"enemies":"DF_ARCHETYPE_CLAW","floor":33,"turns":3}],"seed_played":"7477333150656207946","potions_obtained":[{"floor":4,"key":"sneckomod:MuddlingPotion"},{"floor":8,"key":"Explosive Potion"},{"floor":10,"key":"Weak Potion"},{"floor":11,"key":"Venom Potion"},{"floor":14,"key":"Guardian:BlockOnCardUsePotion"},{"floor":15,"key":"EssenceOfSteel"},{"floor":16,"key":"ColorlessPotion"},{"floor":22,"key":"Block Potion"},{"floor":25,"key":"PowerPotion"},{"floor":26,"key":"Energy Potion"},{"floor":31,"key":"Block Potion"}],"is_trial":false,"path_per_floor":["R","M","?","M","M","E","T","M","R","M","M","$","?","E","M","B",null,"R","M","?","?","M","R","T","M","M","$","E","M","R","?","M","B"],"character_chosen":"GUARDIAN","items_purchased":["Replay:Bandana"],"campfire_rested":3,"item_purchase_floors":[27],"current_hp_per_floor":[80,74,74,72,65,40,40,33,57,57,44,36,62,48,35,1,80,80,60,60,60,32,56,56,48,26,26,23,14,38,6,1,0,0,0],"gold":194,"neow_bonus":"UPGRADE_CARD","is_daily":false,"chose_seed":false,"campfire_upgraded":1,"win_rate":0.0,"timestamp":1614105719,"path_taken":["R","M","?","M","M","E","T","M","R","M","M","$","?","E","M","BOSS","R","M","?","?","M","R","T","M","?","$","E","M","R","?","M","BOSS"],"items_purchased_type":["Relic"],"build_version":"2020-12-22","purchased_purges":1,"victory":false,"max_hp_per_floor":[80,80,80,80,80,80,80,80,80,80,80,80,80,80,80,80,80,80,80,80,80,80,80,80,80,80,80,80,80,80,80,80,80,80,80],"card_choices":[{"not_picked":["Guardian:TemporalShield","Guardian:TemporalStrike","Guardian:WalkerClaw"],"picked":"SKIP","floor":2},{"not_picked":["Guardian:Gem_Cyan","Guardian:CrystalBeam","Guardian:StasisEngine"],"picked":"SKIP","floor":4},{"not_picked":["Guardian:PrimingBeam","Guardian:TemporalStrike"],"picked":"Guardian:Gem_Yellow","floor":5},{"not_picked":["Guardian:Clone","Guardian:RollAttack"],"picked":"Guardian:PrismaticBeam","floor":6},{"not_picked":["Guardian:Reroute","Guardian:Suspension","Guardian:TemporalStrike"],"picked":"SKIP","floor":8},{"not_picked":["Guardian:WalkerClaw","Guardian:PiercingHide"],"picked":"Guardian:Gem_Blue","floor":10},{"not_picked":["Guardian:Reroute","Guardian:DecasProtection"],"picked":"Guardian:WalkerClaw","floor":11},{"not_picked":["Guardian:DonusPower","Guardian:Gem_Yellow"],"picked":"Guardian:PiercingHide","floor":12},{"not_picked":["Guardian:Incinerate","Guardian:Gem_Lightblue"],"picked":"Guardian:VentSteam","floor":14},{"not_picked":["Guardian:Recover","Guardian:Orbwalk"],"picked":"Guardian:PrismaticBarrier","floor":15},{"not_picked":["Guardian:StasisStrike","Guardian:SphericShield"],"picked":"Guardian:RevengeProtocol","floor":16},{"not_picked":["Guardian:ShieldCharger","Guardian:Emergency"],"picked":"Guardian:Gem_Purple","floor":19},{"not_picked":["Guardian:BronzeArmor","Guardian:Planning"],"picked":"Guardian:Gem_Green","floor":22},{"not_picked":["Guardian:Recover+1","Guardian:RollAttack"],"picked":"Guardian:Gem_Fragmented","floor":25},{"not_picked":["Guardian:PrismaticBeam+1","Guardian:Planning+1"],"picked":"Guardian:Gem_Yellow","floor":26},{"not_picked":["Guardian:PolyBeam","Guardian:WalkerClaw"],"picked":"Guardian:CrystalBeam","floor":27},{"not_picked":["Guardian:DecasProtection+1","Guardian:CrystalBeam"],"picked":"Guardian:Gem_Green","floor":28},{"not_picked":["Guardian:PrimingBeam+1","Guardian:GuardianWhirl"],"picked":"Guardian:Gem_Red","floor":29},{"not_picked":["Guardian:ShieldCharger+1","Guardian:FastForward"],"picked":"Guardian:ChargeUp","floor":31},{"not_picked":["Guardian:TemporalStrike","Guardian:MultiBeam"],"picked":"Guardian:Gem_Lightblue","floor":32}],"player_experience":463025,"relics_obtained":[{"floor":6,"key":"Blue Doll"},{"floor":7,"key":"Pen Nib"},{"floor":14,"key":"Centennial Puzzle"},{"floor":22,"key":"wanderingMiniBosses:AbyssPearl"},{"floor":28,"key":"Ginger"},{"floor":31,"key":"Lantern"}],"event_choices":[{"damage_healed":26,"gold_gain":0,"player_choice":"Banana","damage_taken":0,"max_hp_gain":0,"max_hp_loss":0,"event_name":"Big Fish","floor":13,"gold_loss":0},{"damage_healed":0,"gold_gain":0,"player_choice":"Ignored","damage_taken":0,"max_hp_gain":0,"max_hp_loss":0,"event_name":"Ghosts","floor":20,"gold_loss":0}],"is_beta":false,"boss_relics":[{"not_picked":["Coffee Dripper","ReplayTheSpireMod:DimensionalGlitch"],"picked":"SlaversCollar"}],"items_purged_floors":[27],"is_endless":false,"potions_floor_spawned":[4,8,10,11,14,15,16,22,25,26],"killed_by":"DF_ARCHETYPE_CLAW","ascension_level":0}}