{"host":"1vy6j31128f61x2z","time":1614105608,"event":{"mods":["AchievementEnabler","BaseMod","Colored Powertips","Minty Spire (QoL Compilation)","Permanent Neow"],"gold_per_floor":[368,379,389,464,474,507,507,17,17,17,17,17],"floor_reached":11,"language":"ENG","playtime":343,"items_purged":["Strike_G"],"score":99,"play_id":"7eca40d9-fe69-4ef1-b685-b1d34abefe6a","local_time":"20210223134008","is_ascension_mode":true,"campfire_choices":[{"data":"Leg Sweep","floor":7,"key":"SMITH"}],"circlet_count":0,"master_deck":["Strike_G","Strike_G","Strike_G","Strike_G","Defend_G","Defend_G","Defend_G","Defend_G","Defend_G","Survivor","Neutralize","Leg Sweep+1","PiercingWail","Poisoned Stab","Poisoned Stab","All Out Attack","Blade Dance","Noxious Fumes"],"relics":["Ring of the Snake","Ginger","Vajra","ClockworkSouvenir","Ice Cream","Calipers"],"acts_visited":["Exordium"],"potions_floor_usage":[6],"damage_taken":[{"damage":9,"enemies":"Cultist","floor":1,"turns":6},{"damage":1,"enemies":"Jaw Worm","floor":2,"turns":8},{"damage":0,"enemies":"2 Louse","floor":3,"turns":4},{"damage":0,"enemies":"Exordium Wildlife","floor":5,"turns":4},{"damage":13,"enemies":"Gremlin Nob","floor":6,"turns":5},{"damage":22,"enemies":"3 Sentries","floor":11,"turns":5}],"seed_played":"2099054532378735806","potions_obtained":[{"floor":1,"key":"FearPotion"}],"is_trial":false,"path_per_floor":["M","M","M","?","M","E","R","$","T","?","E"],"character_chosen":"THE_SILENT","items_purchased":["Blade Dance","Vajra","Noxious Fumes","ClockworkSouvenir"],"campfire_rested":0,"item_purchase_floors":[8,8,8,8],"current_hp_per_floor":[54,53,53,42,42,29,29,29,29,22,0,0],"gold":17,"neow_bonus":"TWO_FIFTY_GOLD","is_daily":false,"chose_seed":false,"campfire_upgraded":1,"win_rate":0.0,"timestamp":1614105608,"path_taken":["M","M","?","?","M","E","R","$","T","?","E"],"items_purchased_type":["Card","Relic","Card","Relic"],"build_version":"2020-12-22","purchased_purges":1,"victory":false,"max_hp_per_floor":[63,63,63,63,63,63,63,63,63,63,63,63],"card_choices":[{"not_picked":["Sucker Punch","Bane"],"picked":"Leg Sweep","floor":1},{"not_picked":["Outmaneuver","Concentrate"],"picked":"PiercingWail","floor":2},{"not_picked":["Tactician","Outmaneuver"],"picked":"Poisoned Stab","floor":3},{"not_picked":["Backflip","Prepared"],"picked":"Poisoned Stab","floor":5},{"not_picked":["Eviscerate","Dodge and Roll"],"picked":"All Out Attack","floor":6}],"player_experience":130373,"relics_obtained":[{"floor":6,"key":"Ginger"},{"floor":9,"key":"Ice Cream"}],"event_choices":[{"damage_healed":0,"gold_gain":75,"player_choice":"Gather Gold","damage_taken":11,"max_hp_gain":0,"max_hp_loss":0,"event_name":"World of Goop","floor":4,"gold_loss":0},{"damage_healed":0,"gold_gain":0,"player_choice":"Success","damage_taken":7,"relics_obtained":["Calipers"],"max_hp_gain":0,"max_hp_loss":0,"event_name":"Scrap Ooze","floor":10,"gold_loss":0}],"is_beta":false,"boss_relics":[],"items_purged_floors":[8],"is_endless":false,"potions_floor_spawned":[1],"killed_by":"3 Sentries","ascension_level":7}}