{"host":"yaxsefyig1et0yi2","time":1614066789,"event":{"mods":["Aspiration","BaseMod","BetterRewards","Colored Powertips","Conspire","Displayed Cursed Tome","Downfall","GungeonMod","Halation","Hubris","Infinite Spire","Minty Spire (QoL Compilation)","Quick Restart","RatMod","Replay The Spire","Reworked Bosses","Spikes Relics","StSLib","The Jungle","The Necromancer"],"gold_per_floor":[115,126,141,156,173,173,199,199,245,245,255,269,65,82,82,82,82],"floor_reached":16,"language":"ENG","playtime":770,"items_purged":[],"score":106,"play_id":"4e026df6-ed4e-4576-80db-ceb7dbac363e","local_time":"20210223025309","is_ascension_mode":false,"campfire_choices":[{"data":"DemoMod:PotionOfGunFriendShip","floor":6,"key":"SMITH"},{"data":"DemoMod:AWP","floor":8,"key":"SMITH"},{"data":"DemoMod:CrossBow","floor":15,"key":"SMITH"}],"circlet_count":0,"master_deck":["DemoMod:Strike_Huntress","DemoMod:Strike_Huntress","DemoMod:Strike_Huntress","DemoMod:Defend_Huntress","DemoMod:Defend_Huntress","DemoMod:Defend_Huntress","DemoMod:Defend_Huntress","DemoMod:Roll","DemoMod:ManualReload","DemoMod:CrossBow+1","DemoMod:HungryBullets","DemoMod:StickyCrossBow","DemoMod:GunstockTap","DemoMod:GunstockTap","DemoMod:PotionOfGunFriendShip+1","DemoMod:AWP+1","DemoMod:StickyCrossBow","DemoMod:DoubleSwitch","Sharp Hide","DemoMod:StickyCrossBow"],"relics":["DemoMod:Dog","NeowsBlessing","halation:KoshaPiece","aspiration:HiddenCompartment","DemoMod:GnawedKey"],"acts_visited":["Exordium"],"potions_floor_usage":[],"damage_taken":[{"damage":0,"enemies":"Cultist","floor":1,"turns":1},{"damage":0,"enemies":"Small Slimes","floor":2,"turns":1},{"damage":0,"enemies":"infinitespire:Voidling","floor":3,"turns":1},{"damage":14,"enemies":"Exordium Thugs","floor":4,"turns":4},{"damage":0,"enemies":"Exordium Wildlife","floor":5,"turns":3},{"damage":9,"enemies":"Replay:BlueRogue","floor":7,"turns":3},{"damage":14,"enemies":"Lots of Slimes","floor":11,"turns":4},{"damage":18,"enemies":"conspire:2 RoseBushes","floor":12,"turns":4},{"damage":2,"enemies":"2 Fungi Beasts","floor":14,"turns":2},{"damage":14,"enemies":"Hexaghost","floor":16,"turns":4}],"seed_played":"-5920043050725599157","potions_obtained":[{"floor":2,"key":"ColorlessPotion"},{"floor":5,"key":"Dexterity Potion"},{"floor":7,"key":"DemoMod:LeadSkinPotion"}],"is_trial":false,"path_per_floor":["M","M","M","M","M","R","E","R","T","?","M","M","$","M","R","B"],"character_chosen":"HUNTRESS","items_purchased":["DemoMod:GnawedKey","Sharp Hide"],"campfire_rested":0,"item_purchase_floors":[13,13],"current_hp_per_floor":[70,70,70,56,56,56,47,47,47,47,33,15,15,13,13,0,0],"gold":82,"neow_bonus":"THREE_ENEMY_KILL","is_daily":false,"chose_seed":false,"campfire_upgraded":3,"win_rate":0.0,"timestamp":1614066789,"path_taken":["M","M","M","M","?","R","E","R","T","?","?","?","?","?","R","BOSS"],"items_purchased_type":["Relic","Card"],"build_version":"2020-12-22","purchased_purges":0,"victory":false,"max_hp_per_floor":[70,70,70,70,70,70,70,70,70,70,70,70,70,70,70,70,70],"card_choices":[{"not_picked":["DemoMod:HuntsMan","DemoMod:FastSwitch"],"picked":"DemoMod:HungryBullets","floor":1},{"not_picked":["DemoMod:BattleInHaste","DemoMod:AC15"],"picked":"DemoMod:StickyCrossBow","floor":2},{"not_picked":["DemoMod:StickyCrossBow","DemoMod:Slinger"],"picked":"DemoMod:GunstockTap","floor":3},{"not_picked":["DemoMod:Purify","DemoMod:DirectionalPad"],"picked":"DemoMod:GunstockTap","floor":4},{"not_picked":["DemoMod:MachoBrace","DemoMod:DoubleSwitch"],"picked":"DemoMod:PotionOfGunFriendShip","floor":5},{"not_picked":["DemoMod:BattleInHaste","DemoMod:HardPowerCard"],"picked":"DemoMod:AWP","floor":7},{"not_picked":["DemoMod:CombinedRifle","DemoMod:DarkMarker"],"picked":"DemoMod:StickyCrossBow","floor":11},{"not_picked":["DemoMod:Unmoved","DemoMod:DirectionalPad"],"picked":"DemoMod:DoubleSwitch","floor":12},{"not_picked":["DemoMod:ConditionalReflex","DemoMod:FortunesFavor"],"picked":"DemoMod:StickyCrossBow","floor":14}],"player_experience":268705,"relics_obtained":[{"floor":7,"key":"halation:KoshaPiece"},{"floor":9,"key":"aspiration:HiddenCompartment"}],"event_choices":[{"cards_removed":["DemoMod:RustySidearm"],"damage_healed":0,"gold_gain":0,"player_choice":"Purged","damage_taken":0,"max_hp_gain":0,"max_hp_loss":0,"event_name":"Purifier","floor":10,"gold_loss":0}],"is_beta":false,"boss_relics":[],"items_purged_floors":[],"is_endless":false,"potions_floor_spawned":[2,5,7,12],"killed_by":"Hexaghost","ascension_level":0}}