{"host":"0y1696yaafq19vki","time":1614108891,"event":{"mods":["BaseMod","Colored Map","Conspire","Minty Spire (QoL Compilation)","Replay The Spire","StSLib"],"gold_per_floor":[114,114,124,124,17,47,65,83,83,83,109,109,109,124,124,219,219,232,232,147,35,35,35,66,66,93,93,22,90,103,103,103,123,123,227,227,237,274,290,340,340,340,352,352,352,371,371,371,70,100,100,100],"floor_reached":53,"language":"ENG","playtime":5039,"items_purged":[],"score":759,"play_id":"ebf6bda1-a244-4950-a61b-b1caee1ac0fc","local_time":"20210223193451","is_ascension_mode":false,"campfire_choices":[{"floor":13,"key":"REST"},{"floor":15,"key":"DIG"},{"data":"Burst","floor":23,"key":"SMITH"},{"floor":25,"key":"REST"},{"floor":27,"key":"REST"},{"floor":34,"key":"REST"},{"floor":42,"key":"REST"},{"data":"Blade Dance","floor":44,"key":"SMITH"},{"data":"Terror","floor":48,"key":"SMITH"},{"floor":51,"key":"REST"}],"circlet_count":0,"master_deck":["Strike_G","Strike_G","Strike_G","Strike_G","Strike_G","Defend_G","Defend_G","Defend_G","Defend_G","Defend_G","Survivor","Neutralize","Finisher","ReplayTheSpireMod:Scrap Shanks+1","Endless Agony","Bane","Acrobatics","Terror+1","Blade Dance+1","A Thousand Cuts","Backflip","Burst+1","Dash","Dodge and Roll+1","Hidden Blade+1","ReplayTheSpireMod:Shiv Toss+1","Sucker Punch+1","Expertise+1","Phantasmal Killer+1","Cloak And Dagger+1","Deadly Poison+1","ReplayTheSpireMod:Shiv Toss+1","Cloak And Dagger+1","Sneak Up+1","Acrobatics+1","Enlightenment+1","Noxious Fumes","Underhanded Strike","Underhanded Strike","Deflect+1","Dagger Spray","Acrobatics+1"],"relics":["Ring of the Snake","NeowsBlessing","Ornamental Fan","Omamori","Kunai","Boot","Mirror","Honey Jar","TungstenRod","ReplayTheSpireMod:CursedCoin","Toxic Egg 2","Oddly Smooth Stone","Replay:Mystery Machine","Bottled Tornado","HoveringKite","Bronze Scales","Basket Of Snakes","Mummified Hand","PreservedInsect"],"acts_visited":["Exordium","TheCity","TheBeyond"],"potions_floor_usage":[18],"damage_taken":[{"damage":0,"enemies":"Small Slimes","floor":1,"turns":1},{"damage":0,"enemies":"Cultist","floor":3,"turns":1},{"damage":0,"enemies":"Lagavulin","floor":6,"turns":1},{"damage":0,"enemies":"2 Louse","floor":7,"turns":2},{"damage":7,"enemies":"Large Slime","floor":8,"turns":6},{"damage":22,"enemies":"Gremlin Nob","floor":11,"turns":4},{"damage":2,"enemies":"Blue Slaver","floor":14,"turns":3},{"damage":25,"enemies":"Hexaghost","floor":16,"turns":12},{"damage":9,"enemies":"2 Thieves","floor":18,"turns":3},{"damage":53,"enemies":"Book of Stabbing","floor":24,"turns":10},{"damage":1,"enemies":"Chosen","floor":30,"turns":4},{"damage":0,"enemies":"Snecko","floor":33,"turns":4},{"damage":59,"enemies":"Automaton","floor":35,"turns":12},{"damage":8,"enemies":"3 Darklings","floor":37,"turns":5},{"damage":3,"enemies":"conspire:MimicChest","floor":38,"turns":7},{"damage":0,"enemies":"3 Shapes","floor":39,"turns":6},{"damage":3,"enemies":"Mind Bloom Boss Battle","floor":40,"turns":8},{"damage":0,"enemies":"Transient","floor":43,"turns":5},{"damage":11,"enemies":"Spire Growth","floor":46,"turns":5},{"damage":0,"enemies":"Giant Head","floor":50,"turns":6},{"damage":45,"enemies":"Awakened One","floor":52,"turns":10}],"seed_played":"-4051813915583085683","potions_obtained":[{"floor":1,"key":"LiquidMemories"},{"floor":6,"key":"DistilledChaos"},{"floor":8,"key":"Venom Potion"},{"floor":18,"key":"Weak Potion"},{"floor":33,"key":"Energy Potion"},{"floor":41,"key":"FairyPotion"},{"floor":46,"key":"FairyPotion"}],"is_trial":false,"path_per_floor":["M","?","M","?","$","E","M","M","T","?","E","?","R","M","R_BF","B",null,"M","?","?","$","?","R","E","R","T","R","$","T","M","PTL","PTL","M","R_BF","B",null,"M","?","M","?","?","R","M","R","T","M","?","R","$","E","R","B",null],"character_chosen":"THE_SILENT","items_purchased":["Endless Agony","Bane","ReplayTheSpireMod:CursedCoin","Toxic Egg 2","Dodge and Roll+1","ReplayTheSpireMod:Shiv Toss+1","Enlightenment+1","Noxious Fumes","Underhanded Strike","Deflect+1","Dagger Spray"],"campfire_rested":6,"item_purchase_floors":[5,5,21,21,21,28,49,49,49,49,49],"current_hp_per_floor":[70,70,70,70,70,70,70,63,63,63,41,34,55,53,53,28,70,61,61,61,61,61,61,8,29,29,50,50,50,49,49,49,49,70,11,70,62,59,59,56,56,70,70,70,70,59,59,59,59,59,70,25],"gold":100,"neow_bonus":"THREE_ENEMY_KILL","is_daily":false,"chose_seed":false,"campfire_upgraded":3,"win_rate":0.0,"timestamp":1614108891,"path_taken":["M","?","M","?","$","E","M","?","T","?","E","?","R","M","R_BF","BOSS","M","?","?","$","?","R","E","R","T","R","?","?","M","PTL","PTL","M","R_BF","BOSS","M","?","M","?","?","R","?","R","T","M","?","R","$","E","R","BOSS"],"items_purchased_type":["Card","Card","Relic","Relic","Card","Card","Card","Card","Card","Card","Card"],"build_version":"2020-12-22","purchased_purges":0,"victory":true,"max_hp_per_floor":[70,70,70,70,70,70,70,70,70,70,70,70,70,70,70,70,70,70,70,70,70,70,70,70,70,70,70,70,70,70,70,70,70,70,70,70,70,70,70,70,70,70,70,70,70,70,70,70,70,70,70,70],"card_choices":[{"not_picked":["Hidden Blade","Blade Dance"],"picked":"Finisher","floor":1},{"not_picked":["Quick Slash","Finisher"],"picked":"ReplayTheSpireMod:Scrap Shanks","floor":3},{"not_picked":["Slice","Deflect"],"picked":"Acrobatics","floor":6},{"not_picked":["Acrobatics","PiercingWail"],"picked":"Terror","floor":7},{"not_picked":["Escape Plan","Prepared"],"picked":"Blade Dance","floor":8},{"not_picked":["Quick Slash","Backflip"],"picked":"A Thousand Cuts","floor":11},{"not_picked":["Leg Sweep","Catalyst"],"picked":"Backflip","floor":14},{"not_picked":["Malaise","ReplayTheSpireMod:From All Sides"],"picked":"Burst","floor":16},{"not_picked":["Quick Slash","Calculated Gamble","Acrobatics"],"picked":"Dash","floor":18},{"not_picked":["Outmaneuver+1","Underhanded Strike","Dagger Spray"],"picked":"Hidden Blade+1","floor":24},{"not_picked":["ReplayTheSpireMod:Tripwire+1","Flying Knee","PiercingWail+1"],"picked":"Sucker Punch+1","floor":30},{"not_picked":["Dagger Spray","Predator","Caltrops"],"picked":"Expertise+1","floor":33},{"not_picked":["Doppelganger+1","Burst+1","Tools of the Trade"],"picked":"Phantasmal Killer+1","floor":35},{"not_picked":["Bane+1","Dagger Throw+1","Reflex+1"],"picked":"Cloak And Dagger+1","floor":37},{"not_picked":["ReplayTheSpireMod:The Works+1","Unload","Catalyst+1"],"picked":"Deadly Poison+1","floor":38},{"not_picked":["Sucker Punch+1","Outmaneuver+1","Flying Knee+1"],"picked":"ReplayTheSpireMod:Shiv Toss+1","floor":39},{"not_picked":["Flechettes+1","Quick Slash","ReplayTheSpireMod:Exploit Weakness+1"],"picked":"Cloak And Dagger+1","floor":40},{"not_picked":["Finisher","Calculated Gamble+1","Atom Bomb"],"picked":"Sneak Up+1","floor":43},{"not_picked":["Dagger Throw","Backflip+1","Crippling Poison+1"],"picked":"Acrobatics+1","floor":46},{"not_picked":["Riddle With Holes","Well Laid Plans","Dash"],"picked":"Acrobatics+1","floor":50}],"player_experience":67441,"relics_obtained":[{"floor":6,"key":"Omamori"},{"floor":9,"key":"Kunai"},{"floor":11,"key":"Boot"},{"floor":15,"key":"Mirror"},{"floor":24,"key":"Oddly Smooth Stone"},{"floor":26,"key":"Replay:Mystery Machine"},{"floor":29,"key":"Bottled Tornado"},{"floor":38,"key":"Bronze Scales"},{"floor":40,"key":"Basket Of Snakes"},{"floor":45,"key":"Mummified Hand"},{"floor":50,"key":"PreservedInsect"}],"event_choices":[{"damage_healed":0,"gold_gain":0,"player_choice":"Box","damage_taken":0,"relics_obtained":["Ornamental Fan"],"max_hp_gain":0,"max_hp_loss":0,"event_name":"Big Fish","floor":2,"gold_loss":0,"cards_obtained":["Regret"]},{"damage_healed":0,"gold_gain":0,"player_choice":"Ignored","damage_taken":0,"max_hp_gain":0,"max_hp_loss":0,"event_name":"NoteForYourself","floor":4,"gold_loss":0},{"damage_healed":0,"gold_gain":0,"player_choice":"Ignored","damage_taken":0,"max_hp_gain":0,"max_hp_loss":0,"event_name":"Liars Game","floor":10,"gold_loss":0},{"cards_removed":["Regret"],"damage_healed":0,"gold_gain":0,"player_choice":"Card Removal","damage_taken":7,"max_hp_gain":0,"max_hp_loss":0,"event_name":"Golden Wing","floor":12,"gold_loss":0},{"damage_healed":0,"gold_gain":0,"player_choice":"Ignored","damage_taken":0,"max_hp_gain":0,"max_hp_loss":0,"event_name":"Vampires","floor":19,"gold_loss":0},{"damage_healed":0,"gold_gain":0,"player_choice":"Obtained Relic","damage_taken":0,"relics_obtained":["TungstenRod"],"max_hp_gain":0,"max_hp_loss":0,"event_name":"Addict","floor":20,"gold_loss":85},{"damage_healed":0,"gold_gain":0,"player_choice":"Leave","damage_taken":0,"max_hp_gain":0,"max_hp_loss":0,"event_name":"conspire:Investor","floor":22,"gold_loss":0},{"damage_healed":0,"gold_gain":0,"player_choice":"Fight","damage_taken":0,"max_hp_gain":0,"max_hp_loss":0,"event_name":"MindBloom","floor":40,"gold_loss":0},{"damage_healed":0,"gold_gain":0,"player_choice":"Got Potions","damage_taken":0,"max_hp_gain":0,"max_hp_loss":0,"event_name":"Lab","floor":41,"gold_loss":0},{"damage_healed":0,"gold_gain":0,"player_choice":"Upgraded","damage_taken":0,"max_hp_gain":0,"max_hp_loss":0,"event_name":"Upgrade Shrine","floor":47,"gold_loss":0,"cards_upgraded":["ReplayTheSpireMod:Scrap Shanks"]}],"is_beta":false,"boss_relics":[{"not_picked":["conspire:SeveredTorchhead","Astrolabe"],"picked":"Honey Jar"},{"not_picked":["Painkiller Herb","Runic Pyramid"],"picked":"HoveringKite"}],"items_purged_floors":[],"is_endless":false,"potions_floor_spawned":[1,6,8,14,18,33,38,46,50],"ascension_level":0}}