{"host":"3n5xmnb54n2y5mb4","time":1614092367,"event":{"mods":["BaseMod","Colored Map","Colored Powertips","Minty Spire (QoL Compilation)","Permanent Neow","StSLib","Unceasing Turn Reminder","everything is the same but u backflip on backflip"],"gold_per_floor":[118,118,32,51,126,159,30,30,30,30,30,70,93,109,109,234,234,252,167,185,185,205,240,260,260,335,425,450,469,55,90,90,209,209,222,235,235,568,132,132,132,163,163,163,163,0,0,14,14,14],"floor_reached":51,"language":"ENG","playtime":1605,"items_purged":["Injury","Consume"],"score":1395,"play_id":"6a46e073-64d2-4f6a-b336-11fe9735f74e","local_time":"20210223095927","is_ascension_mode":true,"campfire_choices":[{"floor":8,"key":"REST"},{"data":"Beam Cell","floor":11,"key":"SMITH"},{"data":"Steam Power","floor":15,"key":"SMITH"},{"data":"Reboot","floor":25,"key":"SMITH"},{"data":"Madness","floor":32,"key":"SMITH"},{"data":"Madness","floor":40,"key":"SMITH"},{"data":"Buffer","floor":41,"key":"SMITH"},{"data":"Dualcast","floor":44,"key":"SMITH"},{"data":"Madness","floor":49,"key":"SMITH"}],"circlet_count":0,"master_deck":["AscendersBane","Zap+1","Dualcast+1","Gash","Finesse","Beam Cell+1","Buffer+1","Gash","Go for the Eyes","Steam Power+1","Reboot+1","CurseOfTheBell","Gash+1","Gash+1","Electrodynamics","Rebound+1","PanicButton","FTL+1","White Noise","Madness+1","Reboot","Steam","All For One+1","All For One+1","Reboot","Turbo","Multi-Cast","Beam Cell+1","Buffer+1","Undo+1","Steam","Madness+1","Madness+1","Gash+1","Heatsinks","Gash+1","Mayhem","Streamline+1"],"relics":["Cracked Core","Bag of Marbles","Orichalcum","Blood Vial","Toy Ornithopter","Calling Bell","Anchor","Molten Egg 2","WingedGreaves","Bag of Preparation","Centennial Puzzle","Eternal Feather","HornCleat","Membership Card","Letter Opener","Calipers","Pandora\u0027s Box","Lantern","Strange Spoon","Peace Pipe","Vajra","Meat on the Bone","DollysMirror"],"acts_visited":["Exordium","TheCity","TheBeyond"],"potions_floor_usage":[6,23,29,33,50],"damage_taken":[{"damage":0,"enemies":"Small Slimes","floor":1,"turns":2},{"damage":4,"enemies":"Jaw Worm","floor":4,"turns":3},{"damage":23,"enemies":"Lagavulin","floor":6,"turns":6},{"damage":0,"enemies":"Gremlin Nob","floor":12,"turns":4},{"damage":3,"enemies":"2 Louse","floor":14,"turns":2},{"damage":40,"enemies":"The Guardian","floor":16,"turns":11},{"damage":11,"enemies":"Shell Parasite","floor":18,"turns":6},{"damage":0,"enemies":"Chosen","floor":20,"turns":3},{"damage":6,"enemies":"Snake Plant","floor":22,"turns":4},{"damage":0,"enemies":"Book of Stabbing","floor":23,"turns":5},{"damage":7,"enemies":"3 Cultists","floor":24,"turns":3},{"damage":0,"enemies":"Cultist and Chosen","floor":28,"turns":4},{"damage":10,"enemies":"Shelled Parasite and Fungi","floor":29,"turns":3},{"damage":2,"enemies":"Gremlin Leader","floor":31,"turns":4},{"damage":30,"enemies":"Collector","floor":33,"turns":7},{"damage":0,"enemies":"3 Shapes","floor":35,"turns":4},{"damage":0,"enemies":"Orb Walker","floor":36,"turns":2},{"damage":3,"enemies":"Reptomancer","floor":42,"turns":4},{"damage":0,"enemies":"4 Shapes","floor":48,"turns":3},{"damage":0,"enemies":"Donu and Deca","floor":50,"turns":4}],"seed_played":"2768608631060745493","potions_obtained":[{"floor":4,"key":"PowerPotion"},{"floor":22,"key":"DuplicationPotion"},{"floor":24,"key":"AttackPotion"},{"floor":31,"key":"PotionOfCapacity"},{"floor":35,"key":"PowerPotion"}],"is_trial":false,"path_per_floor":["M","?","$","M","?","E","$","R","T","?","R","E","T","M","R","B",null,"M","?","M","T","M","E","M","R","T","?","M","M","$","E","R","B",null,"M","M","?","?","$","R","R","E","T","R","?","$","?","M","R","B",null],"character_chosen":"DEFECT","items_purchased":["Finesse","Gash","Membership Card","Madness","Reboot","Steam","Letter Opener","Gash+1","Lantern","Heatsinks","CultistPotion","Strange Spoon","Peace Pipe","DollysMirror","Mayhem"],"campfire_rested":1,"item_purchase_floors":[3,7,30,30,30,30,30,39,39,39,39,39,39,46,46],"current_hp_per_floor":[68,68,68,64,53,30,30,52,52,52,52,52,52,51,51,13,60,51,51,53,53,49,56,51,63,63,45,47,44,44,44,62,39,66,68,70,61,61,61,75,75,72,72,75,75,75,75,75,75,75],"gold":14,"neow_bonus":"UPGRADE_CARD","is_daily":false,"chose_seed":false,"campfire_upgraded":8,"win_rate":0.0,"timestamp":1614092367,"path_taken":["M","?","$","M","?","E","$","R","T","?","R","E","?","M","R","BOSS","M","?","M","?","M","E","M","R","T","?","M","?","$","E","R","BOSS","M","?","?","?","$","R","R","E","T","R","?","$","?","M","R","BOSS"],"items_purchased_type":["Card","Card","Relic","Card","Card","Card","Relic","Card","Relic","Card","Potion","Relic","Relic","Relic","Card"],"build_version":"2020-12-22","purchased_purges":2,"victory":true,"max_hp_per_floor":[75,75,75,75,75,75,75,75,75,75,75,75,75,75,75,75,75,75,75,75,75,75,75,75,75,75,75,75,75,75,75,75,75,75,75,75,75,75,75,75,75,75,75,75,75,75,75,75,75,75],"card_choices":[{"not_picked":["Go for the Eyes","Steam"],"picked":"Gash","floor":1},{"not_picked":["Leap","Barrage"],"picked":"Beam Cell","floor":4},{"not_picked":["Heatsinks","Tempest"],"picked":"Buffer","floor":6},{"not_picked":["Core Surge","Chaos"],"picked":"Go for the Eyes","floor":12},{"not_picked":["Conserve Battery","Redo"],"picked":"Steam Power","floor":14},{"not_picked":["Fission","Rainbow"],"picked":"Reboot","floor":16},{"not_picked":["Self Repair+1","Rebound+1"],"picked":"Gash+1","floor":18},{"not_picked":["Cold Snap+1","Steam"],"picked":"Gash+1","floor":20},{"not_picked":["Stack","Consume","Force Field"],"picked":"SKIP","floor":22},{"not_picked":["Leap","Ball Lightning+1"],"picked":"Electrodynamics","floor":23},{"not_picked":["Streamline+1","Compile Driver+1"],"picked":"Rebound+1","floor":24},{"not_picked":["Cold Snap+1","Rebound+1"],"picked":"FTL+1","floor":28},{"not_picked":["Static Discharge","Coolheaded"],"picked":"White Noise","floor":29},{"not_picked":["Barrage+1","Core Surge+1"],"picked":"All For One+1","floor":31},{"not_picked":["Core Surge+1","Hyperbeam+1"],"picked":"All For One+1","floor":33},{"not_picked":["Streamline+1","Melter+1"],"picked":"Undo+1","floor":35},{"not_picked":["Genetic Algorithm","Steam Power"],"picked":"Steam","floor":36},{"not_picked":["Compile Driver+1","Ball Lightning+1","Streamline+1"],"picked":"SKIP","floor":42},{"not_picked":["Redo","Darkness","Lockon+1"],"picked":"SKIP","floor":48}],"player_experience":1013436,"relics_obtained":[{"floor":6,"key":"Bag of Marbles"},{"floor":9,"key":"Orichalcum"},{"floor":12,"key":"Blood Vial"},{"floor":13,"key":"Toy Ornithopter"},{"floor":17,"key":"Anchor"},{"floor":17,"key":"Molten Egg 2"},{"floor":17,"key":"WingedGreaves"},{"floor":21,"key":"Centennial Puzzle"},{"floor":23,"key":"Eternal Feather"},{"floor":26,"key":"HornCleat"},{"floor":31,"key":"Calipers"},{"floor":42,"key":"Vajra"},{"floor":43,"key":"Meat on the Bone"}],"event_choices":[{"damage_healed":0,"gold_gain":0,"player_choice":"Take Wound","damage_taken":0,"relics_obtained":["Golden Idol"],"max_hp_gain":0,"max_hp_loss":0,"event_name":"Golden Idol","floor":2,"gold_loss":0,"cards_obtained":["Injury"]},{"damage_healed":0,"gold_gain":75,"player_choice":"Gather Gold","damage_taken":11,"max_hp_gain":0,"max_hp_loss":0,"event_name":"World of Goop","floor":5,"gold_loss":0},{"damage_healed":0,"gold_gain":0,"player_choice":"Grow","damage_taken":0,"max_hp_gain":0,"max_hp_loss":0,"event_name":"Living Wall","floor":10,"gold_loss":0,"cards_upgraded":["Buffer"]},{"damage_healed":0,"gold_gain":0,"player_choice":"Obtained Relic","damage_taken":0,"relics_obtained":["Bag of Preparation"],"max_hp_gain":0,"max_hp_loss":0,"event_name":"Addict","floor":19,"gold_loss":85},{"damage_healed":0,"gold_gain":90,"player_choice":"GOLD CARD ","damage_taken":18,"max_hp_gain":0,"max_hp_loss":0,"event_name":"Knowing Skull","floor":27,"potions_obtained":[],"gold_loss":0,"cards_obtained":["PanicButton"]},{"damage_healed":0,"gold_gain":0,"player_choice":"Embrace Madness","damage_taken":9,"max_hp_gain":0,"max_hp_loss":0,"event_name":"Winding Halls","floor":37,"gold_loss":0,"cards_obtained":["Madness","Madness"]},{"damage_healed":0,"gold_gain":333,"player_choice":"Gave Idol","damage_taken":0,"max_hp_gain":0,"max_hp_loss":0,"event_name":"The Moai Head","floor":38,"relics_lost":["Golden Idol"],"gold_loss":0},{"cards_removed":["Sweeping Beam"],"damage_healed":0,"gold_gain":0,"player_choice":"Removed Attack","damage_taken":0,"max_hp_gain":0,"max_hp_loss":0,"event_name":"Falling","floor":45,"gold_loss":0},{"damage_healed":0,"gold_gain":0,"cards_transformed":["Darkness"],"player_choice":"Transformed","damage_taken":0,"max_hp_gain":0,"max_hp_loss":0,"event_name":"Transmorgrifier","floor":47,"gold_loss":0,"cards_obtained":["Streamline"]}],"is_beta":false,"boss_relics":[{"not_picked":["SacredBark","Empty Cage"],"picked":"Calling Bell"},{"not_picked":["Astrolabe","Coffee Dripper"],"picked":"Pandora\u0027s Box"}],"items_purged_floors":[7,39],"is_endless":false,"potions_floor_spawned":[4,22,24,31,35,42],"ascension_level":12}}