{"host":"vpnygm79y7yi43ig","time":1614057018,"event":{"mods":["BaseMod","Bestiary","Minty Spire (QoL Compilation)"],"gold_per_floor":[119,137,150,225,1,33,33,47,47,47,47,58,85,85,85,190,190,203,203,26,46,46,77,96,96,121,121,104,130,130,71,71,71,71],"floor_reached":33,"language":"ENG","playtime":1439,"items_purged":["Predator"],"score":366,"play_id":"b7c46dca-4339-4fbb-92e2-9bff8ec7332d","local_time":"20210222211018","daily_mods":["Draft"],"is_ascension_mode":false,"campfire_choices":[{"data":"Footwork","floor":7.0,"key":"SMITH"},{"data":"Cloak And Dagger","floor":11.0,"key":"SMITH"},{"data":"Cloak And Dagger","floor":15.0,"key":"SMITH"},{"data":"Malaise","floor":27,"key":"SMITH"},{"data":"Accuracy","floor":32,"key":"SMITH"}],"circlet_count":0,"master_deck":["Blade Dance","Poisoned Stab","Dagger Throw","Slice","Deflect","Slice","Blade Dance","Sucker Punch","Dagger Spray","Dodge and Roll","Cloak And Dagger+1","Blade Dance","Cloak And Dagger+1","Deflect","Footwork+1","Dagger Spray","Malaise+1","Choke","Infinite Blades","Backflip+1","Accuracy+1","Backflip","Blur"],"relics":["Ring of the Snake","Happy Flower","Juzu Bracelet","Pear","Turnip","SlaversCollar","Membership Card","Letter Opener","Tiny Chest","Nunchaku"],"acts_visited":["Exordium","TheCity"],"potions_floor_usage":[18,29,33,33],"damage_taken":[{"damage":0.0,"enemies":"Jaw Worm","floor":1.0,"turns":1.0},{"damage":0.0,"enemies":"Cultist","floor":2.0,"turns":2.0},{"damage":0.0,"enemies":"2 Louse","floor":3.0,"turns":1.0},{"damage":8.0,"enemies":"Gremlin Nob","floor":6.0,"turns":3.0},{"damage":0.0,"enemies":"Blue Slaver","floor":8.0,"turns":2.0},{"damage":6.0,"enemies":"Red Slaver","floor":12.0,"turns":2.0},{"damage":5.0,"enemies":"3 Sentries","floor":13.0,"turns":4.0},{"damage":0.0,"enemies":"Slime Boss","floor":16.0,"turns":7.0},{"damage":0,"enemies":"Chosen","floor":18,"turns":4},{"damage":4,"enemies":"Shell Parasite","floor":21,"turns":5},{"damage":26,"enemies":"Slavers","floor":23,"turns":5},{"damage":0,"enemies":"Centurion and Healer","floor":24,"turns":6},{"damage":12,"enemies":"Book of Stabbing","floor":29,"turns":4},{"damage":40,"enemies":"Automaton","floor":33,"turns":6}],"seed_played":"7849306282168514077","potions_obtained":[{"floor":3.0,"key":"EntropicBrew"},{"floor":8.0,"key":"BlessingOfTheForge"},{"floor":12.0,"key":"LiquidMemories"},{"floor":16.0,"key":"Energy Potion"},{"floor":23,"key":"Energy Potion"},{"floor":25,"key":"PowerPotion"},{"floor":25,"key":"EssenceOfSteel"},{"floor":29,"key":"Energy Potion"}],"is_trial":true,"path_per_floor":["M","M","M","?","$","E","R","M","T","?","R","M","E","?","R","B",null,"M","?","$","M","?","E","M","?","T","R","$","E","?","$","R","B"],"character_chosen":"THE_SILENT","items_purchased":["Footwork","Happy Flower","Membership Card","Infinite Blades","Accuracy","Blur"],"campfire_rested":0,"item_purchase_floors":[5,5,20,20,28,31],"current_hp_per_floor":[70,70,70,59,59,51,51,51,61,61,61,55,50,43,43,43,80,80,80,80,76,76,50,50,50,50,50,50,38,23,23,23,0,0],"gold":71,"neow_bonus":"","is_daily":false,"chose_seed":false,"campfire_upgraded":5,"win_rate":0.0,"timestamp":1614057018,"path_taken":["M","M","M","?","$","E","R","M","T","?","R","M","E","?","R","BOSS","M","?","?","M","?","E","M","?","T","R","?","E","?","$","R","BOSS"],"items_purchased_type":["Card","Relic","Relic","Card","Card","Card"],"build_version":"2020-12-22","purchased_purges":1,"victory":false,"max_hp_per_floor":[70,70,70,70,70,70,70,70,80,80,80,80,80,80,80,80,80,80,80,80,80,80,80,80,80,80,80,80,80,85,85,85,85,85],"card_choices":[{"not_picked":["Blur","Slice"],"picked":"Blade Dance","floor":0.0},{"not_picked":["Heel Hook","Masterful Stab"],"picked":"Poisoned Stab","floor":0.0},{"not_picked":["Setup","Prepared"],"picked":"Dagger Throw","floor":0.0},{"not_picked":["Crippling Poison","Flechettes"],"picked":"Slice","floor":0.0},{"not_picked":["Catalyst","Bouncing Flask"],"picked":"Endless Agony","floor":0.0},{"not_picked":["PiercingWail","Outmaneuver"],"picked":"Deflect","floor":0.0},{"not_picked":["Well Laid Plans","Choke"],"picked":"Skewer","floor":0.0},{"not_picked":["Flechettes","Skewer"],"picked":"Slice","floor":0.0},{"not_picked":["Acrobatics","Well Laid Plans"],"picked":"Blade Dance","floor":0.0},{"not_picked":["Setup","Riddle With Holes"],"picked":"Sucker Punch","floor":0.0},{"not_picked":["Outmaneuver","Acrobatics"],"picked":"Dagger Spray","floor":0.0},{"not_picked":["Prepared","Accuracy"],"picked":"Dodge and Roll","floor":0.0},{"not_picked":["Backflip","Skewer"],"picked":"Cloak And Dagger","floor":0.0},{"not_picked":["Slice","Outmaneuver"],"picked":"Noxious Fumes","floor":0.0},{"not_picked":["Underhanded Strike","Acrobatics"],"picked":"Blade Dance","floor":0.0},{"not_picked":["Dagger Throw","Acrobatics"],"picked":"Cloak And Dagger","floor":1.0},{"not_picked":["Bouncing Flask","Flying Knee"],"picked":"Deflect","floor":2.0},{"not_picked":["Prepared","Grand Finale","Distraction"],"picked":"SKIP","floor":3.0},{"not_picked":["Phantasmal Killer","Blade Dance"],"picked":"Cloak And Dagger","floor":6.0},{"not_picked":["Slice","Blade Dance","Bane"],"picked":"SKIP","floor":8.0},{"not_picked":["Flying Knee","All Out Attack","Blade Dance"],"picked":"SKIP","floor":12.0},{"not_picked":["Blade Dance","Dagger Spray"],"picked":"Malaise","floor":13.0},{"not_picked":["Deflect","PiercingWail"],"picked":"Choke","floor":18},{"not_picked":["Dagger Spray","Slice"],"picked":"Backflip+1","floor":21},{"not_picked":["Doppelganger","Concentrate","Eviscerate"],"picked":"SKIP","floor":23},{"not_picked":["Flechettes+1","Flying Knee","Setup+1"],"picked":"SKIP","floor":24},{"not_picked":["Catalyst","Caltrops"],"picked":"Backflip","floor":29}],"player_experience":211921,"relics_obtained":[{"floor":6.0,"key":"Juzu Bracelet"},{"floor":9.0,"key":"Pear"},{"floor":13.0,"key":"Turnip"},{"floor":23,"key":"Letter Opener"},{"floor":26,"key":"Tiny Chest"},{"floor":29,"key":"Nunchaku"}],"event_choices":[{"damage_healed":0.0,"max_hp_gain":0.0,"max_hp_loss":0.0,"gold_gain":75.0,"event_name":"World of Goop","player_choice":"Gather Gold","floor":4.0,"gold_loss":0.0,"damage_taken":11.0},{"cards_removed":["Cloak And Dagger"],"damage_healed":0.0,"max_hp_gain":0.0,"max_hp_loss":0.0,"gold_gain":0.0,"event_name":"NoteForYourself","player_choice":"Took Card","floor":10.0,"gold_loss":0.0,"damage_taken":0.0,"cards_obtained":["Dagger Spray"]},{"cards_removed":["Noxious Fumes"],"damage_healed":0.0,"max_hp_gain":0.0,"max_hp_loss":0.0,"gold_gain":0.0,"event_name":"Golden Wing","player_choice":"Card Removal","floor":14.0,"gold_loss":0.0,"damage_taken":7.0},{"damage_healed":0,"gold_gain":0,"cards_transformed":["Endless Agony"],"player_choice":"Transformed","damage_taken":0,"max_hp_gain":0,"max_hp_loss":0,"event_name":"Transmorgrifier","floor":19,"gold_loss":0,"cards_obtained":["Predator"]},{"cards_removed":["Skewer"],"damage_healed":0,"gold_gain":0,"player_choice":"Elegance","damage_taken":0,"max_hp_gain":0,"max_hp_loss":0,"event_name":"Back to Basics","floor":22,"gold_loss":0},{"damage_healed":0,"gold_gain":0,"player_choice":"Got Potions","damage_taken":0,"max_hp_gain":0,"max_hp_loss":0,"event_name":"Lab","floor":25,"gold_loss":0},{"damage_healed":0,"gold_gain":0,"player_choice":"Shed Blood","damage_taken":20,"max_hp_gain":5,"max_hp_loss":0,"event_name":"Forgotten Altar","floor":30,"gold_loss":0}],"is_beta":false,"boss_relics":[{"not_picked":["Snecko Eye","Tiny House"],"picked":"SlaversCollar"}],"items_purged_floors":[31],"is_endless":false,"potions_floor_spawned":[3,8,12,16,23,29],"killed_by":"Automaton","ascension_level":0}}