{"host":"0tbecx6mc13icp35","time":1614123617,"event":{"mods":["AchievementEnabler","BaseMod","Colored Map","Colored Powertips","DeckTracker","Minty Spire (QoL Compilation)","Quick Restart","Relic Stats","Synergy Search","slay the spire mod where everything is the same but ironclad has a cowboy hat"],"gold_per_floor":[117,117,82,82,82,109,125,125,125,460,479,507,311,322,322,422,422,441,441,441,451,468,503,503,532,532,552,477,477,477,503,503,503,503],"floor_reached":33,"language":"ENG","playtime":1082,"items_purged":[],"score":381,"play_id":"5f9f3741-96d8-41a0-ad2c-6d7fed58f322","local_time":"20210224024017","is_ascension_mode":true,"campfire_choices":[{"data":"Demon Form","floor":8,"key":"SMITH"},{"data":"Seeing Red","floor":15,"key":"SMITH"},{"data":"Limit Break","floor":24,"key":"SMITH"},{"floor":29,"key":"REST"},{"floor":32,"key":"REST"}],"circlet_count":0,"master_deck":["Strike_R","Strike_R","Strike_R","Strike_R","Defend_R","Defend_R","Defend_R","Bash","Whirlwind","Reckless Charge","Rupture","Demon Form+1","Blood for Blood","Intimidate","Pommel Strike","Bludgeon","Cleave","Seeing Red+1","Limit Break+1","Bloodletting+1","Limit Break","Flex","Cleave","Clothesline+1","Bloodletting+1","Iron Wave+1","Battle Trance","Impervious","Shrug It Off+1"],"relics":["Burning Blood","NeowsBlessing","Centennial Puzzle","Anchor","Old Coin","Dream Catcher","Frozen Eye","Cursed Key","Question Card","Matryoshka","Paper Frog","Molten Egg 2","Red Skull","Unceasing Top"],"acts_visited":["Exordium","TheCity"],"potions_floor_usage":[10,12,16,16,25,25,33],"damage_taken":[{"damage":0,"enemies":"2 Louse","floor":1,"turns":1},{"damage":0,"enemies":"Lagavulin","floor":6,"turns":1},{"damage":0,"enemies":"Jaw Worm","floor":7,"turns":1},{"damage":9,"enemies":"3 Sentries","floor":10,"turns":5},{"damage":6,"enemies":"Cultist","floor":11,"turns":3},{"damage":24,"enemies":"Lagavulin","floor":12,"turns":6},{"damage":11,"enemies":"Looter","floor":14,"turns":3},{"damage":34,"enemies":"Hexaghost","floor":16,"turns":4},{"damage":12,"enemies":"2 Thieves","floor":18,"turns":3},{"damage":12,"enemies":"Chosen","floor":21,"turns":4},{"damage":7,"enemies":"Centurion and Healer","floor":22,"turns":3},{"damage":13,"enemies":"Gremlin Leader","floor":23,"turns":4},{"damage":33,"enemies":"Book of Stabbing","floor":25,"turns":5},{"damage":12,"enemies":"Shelled Parasite and Fungi","floor":27,"turns":2},{"damage":37,"enemies":"Slavers","floor":31,"turns":4},{"damage":53,"enemies":"Champ","floor":33,"turns":7}],"seed_played":"258855543325838047","potions_obtained":[{"floor":1,"key":"Explosive Potion"},{"floor":10,"key":"EssenceOfSteel"},{"floor":12,"key":"Energy Potion"},{"floor":14,"key":"BlessingOfTheForge"},{"floor":18,"key":"SpeedPotion"},{"floor":22,"key":"Energy Potion"},{"floor":27,"key":"Fire Potion"}],"is_trial":false,"path_per_floor":["M","?","$","?","$","E","M","R","T","E","M","E","$","M","R","B",null,"M","?","?","M","M","E","R","E","T","M","?","R","?","E","R","B"],"character_chosen":"IRONCLAD","items_purchased":["Rupture","Frozen Eye","Cleave"],"campfire_rested":2,"item_purchase_floors":[3,13,13],"current_hp_per_floor":[80,80,80,73,73,79,80,80,80,77,77,59,59,54,54,26,80,74,74,74,68,67,60,60,33,33,27,27,51,51,20,44,0,0],"gold":503,"neow_bonus":"THREE_ENEMY_KILL","is_daily":false,"chose_seed":false,"campfire_upgraded":3,"win_rate":0.0,"timestamp":1614123617,"path_taken":["M","?","$","?","$","E","M","R","T","E","M","E","$","M","R","BOSS","M","?","?","?","M","E","R","E","T","M","?","R","?","E","R","BOSS"],"items_purchased_type":["Card","Relic","Card"],"build_version":"2020-12-22","purchased_purges":0,"victory":false,"max_hp_per_floor":[80,80,80,80,80,80,80,80,80,80,80,80,80,80,80,80,80,80,80,80,80,80,80,80,80,80,80,80,80,80,80,80,80,80],"relic_stats":{"Centennial Puzzle":[39],"Dream Catcher":2,"counters":[16,56],"Cursed Key":1,"Question Card":8,"obtain_stats":[{"NeowsBlessing":0,"Cursed Key":17,"Question Card":19,"Burning Blood":0,"Old Coin":10,"Frozen Eye":13,"Centennial Puzzle":6,"Anchor":9,"Dream Catcher":12,"Matryoshka":23,"Molten Egg 2":26,"Red Skull":26,"Unceasing Top":31,"Paper Frog":25},{"NeowsBlessing":0,"Cursed Key":8,"Question Card":9,"Burning Blood":0,"Old Coin":4,"Frozen Eye":6,"Centennial Puzzle":2,"Anchor":3,"Dream Catcher":6,"Matryoshka":12,"Molten Egg 2":13,"Red Skull":13,"Unceasing Top":15,"Paper Frog":13},{"NeowsBlessing":0,"Cursed Key":24,"Question Card":27,"Burning Blood":0,"Old Coin":8,"Frozen Eye":17,"Centennial Puzzle":2,"Anchor":3,"Dream Catcher":17,"Matryoshka":38,"Molten Egg 2":43,"Red Skull":43,"Unceasing Top":49,"Paper Frog":43}],"Burning Blood":79,"Unceasing Top":[1]},"card_choices":[{"not_picked":["Shrug It Off","Body Slam"],"picked":"Whirlwind","floor":1},{"not_picked":["Sword Boomerang","Whirlwind"],"picked":"Demon Form","floor":6},{"not_picked":["Second Wind","Heavy Blade"],"picked":"Blood for Blood","floor":7},{"not_picked":["Feel No Pain","Clothesline"],"picked":"Intimidate","floor":10},{"not_picked":["Clothesline","Entrench"],"picked":"Pommel Strike","floor":11},{"not_picked":["True Grit","Dark Embrace"],"picked":"Bludgeon","floor":12},{"not_picked":["Iron Wave","Sever Soul"],"picked":"Seeing Red","floor":14},{"not_picked":["Barricade","Bludgeon"],"picked":"Limit Break","floor":16},{"not_picked":["Rampage","Headbutt"],"picked":"Bloodletting+1","floor":18},{"not_picked":["Shrug It Off+1","True Grit+1","Bloodletting"],"picked":"Flex","floor":21},{"not_picked":["Second Wind","True Grit","Sword Boomerang"],"picked":"Cleave","floor":22},{"not_picked":["Havoc","Body Slam","Flame Barrier"],"picked":"Clothesline+1","floor":23},{"not_picked":["Disarm","Dropkick","Burning Pact"],"picked":"Bloodletting+1","floor":25},{"not_picked":["Shrug It Off","Whirlwind+1","Thunderclap+1"],"picked":"Iron Wave+1","floor":27},{"not_picked":["Fire Breathing+1","Evolve","Clash+1"],"picked":"Battle Trance","floor":29},{"not_picked":["Inflame","Seeing Red","Infernal Blade"],"picked":"Impervious","floor":31},{"not_picked":["Sentinel+1","Rupture","Uppercut+1"],"picked":"Shrug It Off+1","floor":32}],"player_experience":72083,"relics_obtained":[{"floor":6,"key":"Centennial Puzzle"},{"floor":9,"key":"Anchor"},{"floor":10,"key":"Old Coin"},{"floor":12,"key":"Dream Catcher"},{"floor":23,"key":"Matryoshka"},{"floor":25,"key":"Paper Frog"},{"floor":26,"key":"Molten Egg 2"},{"floor":26,"key":"Red Skull"},{"floor":31,"key":"Unceasing Top"}],"event_choices":[{"damage_healed":0,"gold_gain":0,"cards_transformed":["Defend_R"],"player_choice":"Change","damage_taken":0,"max_hp_gain":0,"max_hp_loss":0,"event_name":"Living Wall","floor":2,"gold_loss":0,"cards_obtained":["Reckless Charge"]},{"cards_removed":["Strike_R"],"damage_healed":0,"gold_gain":0,"player_choice":"Card Removal","damage_taken":7,"max_hp_gain":0,"max_hp_loss":0,"event_name":"Golden Wing","floor":4,"gold_loss":0},{"damage_healed":0,"gold_gain":0,"player_choice":"Opened","damage_taken":0,"relics_obtained":["Question Card"],"max_hp_gain":0,"max_hp_loss":0,"event_name":"The Mausoleum","floor":19,"gold_loss":0,"cards_obtained":["Writhe"]},{"damage_healed":0,"gold_gain":0,"player_choice":"Copied","damage_taken":0,"max_hp_gain":0,"max_hp_loss":0,"event_name":"Duplicator","floor":20,"gold_loss":0,"cards_obtained":["Limit Break"]},{"cards_removed":["Writhe"],"damage_healed":0,"gold_gain":0,"player_choice":"Gave Gold","damage_taken":0,"max_hp_gain":0,"max_hp_loss":0,"event_name":"Beggar","floor":28,"gold_loss":75},{"cards_removed":["Writhe"],"damage_healed":0,"gold_gain":0,"player_choice":"Elegance","damage_taken":0,"max_hp_gain":0,"max_hp_loss":0,"event_name":"Back to Basics","floor":30,"gold_loss":0}],"is_beta":false,"boss_relics":[{"not_picked":["Runic Cube","SacredBark"],"picked":"Cursed Key"}],"items_purged_floors":[],"is_endless":false,"potions_floor_spawned":[1,10,12,14,18,22,27],"killed_by":"Champ","ascension_level":2}}