{"host":"lufzn74xe9ct3rkf","time":1614038753,"event":{"mods":["AchievementEnabler","BaseMod","Evolution","Minty Spire (QoL Compilation)","StSLib"],"gold_per_floor":[109,36,36,49,49,49,122,122,192,205,33,67,67,85,85,183,183,198,218,236,34,48,80,80,80,80,100,25,58,73,92,92,196,196,216,216,216,236,256,256,256,256],"floor_reached":41,"language":"ENG","playtime":2758,"items_purged":["Defend_R"],"score":508,"play_id":"ad4803a3-9abb-48f8-95b7-406120166b11","local_time":"20210222160553","is_ascension_mode":false,"campfire_choices":[{"data":"Pommel Strike","floor":6,"key":"SMITH"},{"data":"Bash","floor":8,"key":"SMITH"},{"data":"Infernal Blade","floor":15,"key":"SMITH"},{"data":"Enlightenment","floor":25,"key":"SMITH"},{"data":"Enlightenment","floor":32,"key":"SMITH"},{"data":"Offering","floor":40,"key":"SMITH"}],"circlet_count":0,"master_deck":["Strike_R","Strike_R","Strike_R","Strike_R","Strike_R","Defend_R","Defend_R+1","Defend_R+1","Bash+1","Pommel Strike+1","Anger","Warcry","Flex+1","Shrug It Off","Twin Strike","Metallicize","Pommel Strike","Infernal Blade+1","Barricade","CurseOfTheBell","Armaments","Reckless Charge+1","Heavy Blade+1","Armaments+1","Headbutt+1","Brutality","Enlightenment+1","Thunderclap","Shockwave","Perfected Strike+1","Headbutt+1","Armaments+1","Enlightenment+1","Iron Wave+1","Wild Strike","Anger","Iron Wave+1","Armaments+1","Seeing Red+1","Dual Wield+1","Offering+1","Inflame+1","Sever Soul","Madness","Madness","Fire Breathing","Bash","Iron Wave","Second Wind","Metallicize+1","Searing Blow+1","Parasite"],"relics":["Burning Blood","EVO:Axolotl","Mummified Hand","Blood Vial","Prayer Wheel","Eternal Feather","Calling Bell","Toy Ornithopter","InkBottle","Calipers","Anchor","War Paint","Question Card","SacredBark"],"acts_visited":["Exordium","TheCity","TheBeyond"],"potions_floor_usage":[12,16,20,20,20,20,23,23,29,29,38,41],"damage_taken":[{"damage":13,"enemies":"Jaw Worm","floor":1,"turns":3},{"damage":12,"enemies":"Small Slimes","floor":4,"turns":3},{"damage":6,"enemies":"2 Louse","floor":10,"turns":2},{"damage":26,"enemies":"3 Sentries","floor":12,"turns":6},{"damage":13,"enemies":"Red Slaver","floor":14,"turns":2},{"damage":39,"enemies":"Hexaghost","floor":16,"turns":9},{"damage":5,"enemies":"Chosen","floor":18,"turns":4},{"damage":30,"enemies":"Shell Parasite","floor":19,"turns":5},{"damage":27,"enemies":"3 Cultists","floor":20,"turns":5},{"damage":20,"enemies":"Chosen and Byrds","floor":22,"turns":6},{"damage":26,"enemies":"Slavers","floor":23,"turns":5},{"damage":20,"enemies":"Snake Plant","floor":27,"turns":4},{"damage":20,"enemies":"Book of Stabbing","floor":29,"turns":5},{"damage":14,"enemies":"Sentry and Sphere","floor":30,"turns":4},{"damage":12,"enemies":"3 Cultists","floor":31,"turns":5},{"damage":85,"enemies":"Automaton","floor":33,"turns":11},{"damage":14,"enemies":"Orb Walker","floor":35,"turns":3},{"damage":42,"enemies":"3 Darklings","floor":38,"turns":3},{"damage":23,"enemies":"4 Shapes","floor":39,"turns":4},{"damage":59,"enemies":"Writhing Mass","floor":41,"turns":6}],"seed_played":"688600701262951956","potions_obtained":[{"floor":10,"key":"ColorlessPotion"},{"floor":14,"key":"FearPotion"},{"floor":16,"key":"BloodPotion"},{"floor":18,"key":"EntropicBrew"},{"floor":20,"key":"Block Potion"},{"floor":22,"key":"AttackPotion"},{"floor":27,"key":"Weak Potion"},{"floor":33,"key":"Explosive Potion"},{"floor":39,"key":"ColorlessPotion"}],"is_trial":false,"path_per_floor":["M","$","?","M","?","R","?","R","T","M","$","E","T","M","R","B",null,"M","M","M","$","M","E","?","R","T","M","$","E","M","M","R","B",null,"M","?","?","M","M","R","M"],"character_chosen":"IRONCLAD","items_purchased":["Anger","Warcry","Blood Vial","Twin Strike","Enlightenment","Thunderclap","Shockwave"],"campfire_rested":0,"item_purchase_floors":[2,2,11,11,21,21,21],"current_hp_per_floor":[81,81,86,80,80,80,80,80,80,80,80,62,62,57,66,35,93,93,69,88,88,76,68,68,86,86,74,74,84,78,74,93,14,93,85,73,73,44,29,59,7,7],"gold":256,"neow_bonus":"TEN_PERCENT_HP_BONUS","is_daily":false,"chose_seed":false,"campfire_upgraded":6,"win_rate":0.0,"timestamp":1614038753,"path_taken":["M","$","?","M","?","R","?","R","T","M","$","E","?","?","R","BOSS","M","M","M","$","M","E","?","R","T","M","$","E","?","M","R","BOSS","M","?","?","?","M","R","M"],"items_purchased_type":["Card","Card","Relic","Card","Card","Card","Card"],"build_version":"2020-12-22","purchased_purges":1,"victory":false,"max_hp_per_floor":[88,88,93,93,93,93,93,93,93,93,93,93,93,93,93,93,93,93,93,93,93,93,93,93,93,93,93,93,93,93,93,93,93,93,93,93,93,93,93,93,93,93],"card_choices":[{"not_picked":["Body Slam","Dual Wield"],"picked":"Pommel Strike","floor":1},{"not_picked":["Perfected Strike","Whirlwind"],"picked":"Flex","floor":4},{"not_picked":["Bloodletting","Flex"],"picked":"Shrug It Off","floor":10},{"not_picked":["Reaper","Evolve"],"picked":"Metallicize","floor":12},{"not_picked":["Flex","Armaments"],"picked":"Pommel Strike","floor":14},{"not_picked":["Carnage","Warcry"],"picked":"Infernal Blade","floor":14},{"not_picked":["Bludgeon","Brutality"],"picked":"Barricade","floor":16},{"not_picked":["Headbutt","Disarm"],"picked":"Armaments","floor":18},{"not_picked":["Perfected Strike+1","Flex+1"],"picked":"Reckless Charge+1","floor":18},{"not_picked":["Body Slam","Headbutt"],"picked":"Heavy Blade+1","floor":19},{"not_picked":["Rage","Pommel Strike"],"picked":"Armaments+1","floor":19},{"not_picked":["Heavy Blade","True Grit+1"],"picked":"Headbutt+1","floor":20},{"not_picked":["Flex","Twin Strike"],"picked":"Brutality","floor":20},{"not_picked":["True Grit","Clash"],"picked":"Perfected Strike+1","floor":22},{"not_picked":["Shrug It Off","Disarm"],"picked":"Headbutt+1","floor":22},{"not_picked":["Thunderclap","Disarm"],"picked":"Armaments+1","floor":23},{"not_picked":["Twin Strike","True Grit"],"picked":"Iron Wave+1","floor":27},{"not_picked":["True Grit","Warcry"],"picked":"Wild Strike","floor":27},{"not_picked":["Shrug It Off","Intimidate"],"picked":"Anger","floor":29},{"not_picked":["Hemokinesis","Clash","Flame Barrier"],"picked":"Iron Wave+1","floor":30},{"not_picked":["Pommel Strike","Pummel","Carnage"],"picked":"Armaments+1","floor":30},{"not_picked":["Immolate","Body Slam","Clothesline"],"picked":"Seeing Red+1","floor":31},{"not_picked":["True Grit+1","Armaments","Warcry"],"picked":"Dual Wield+1","floor":31},{"not_picked":["Immolate","Fiend Fire","Berserk"],"picked":"Offering","floor":33},{"not_picked":["Warcry","Clothesline+1","Rampage+1"],"picked":"Inflame+1","floor":35},{"not_picked":["Clothesline","Cleave","Intimidate+1"],"picked":"Sever Soul","floor":35},{"not_picked":["Clothesline","True Grit","Pommel Strike"],"picked":"Iron Wave","floor":38},{"not_picked":["Armaments","Headbutt","Clash+1"],"picked":"Second Wind","floor":38},{"not_picked":["Evolve+1","Clash","True Grit+1"],"picked":"Metallicize+1","floor":39},{"not_picked":["Dark Embrace","Fire Breathing","Clothesline"],"picked":"Searing Blow+1","floor":39}],"player_experience":11553,"relics_obtained":[{"floor":9,"key":"Mummified Hand"},{"floor":12,"key":"Prayer Wheel"},{"floor":13,"key":"Eternal Feather"},{"floor":17,"key":"Toy Ornithopter"},{"floor":17,"key":"InkBottle"},{"floor":17,"key":"Calipers"},{"floor":23,"key":"Anchor"},{"floor":26,"key":"War Paint"},{"floor":29,"key":"Question Card"}],"event_choices":[{"damage_healed":0,"gold_gain":0,"player_choice":"Donut","damage_taken":0,"max_hp_gain":5,"max_hp_loss":0,"event_name":"Big Fish","floor":3,"gold_loss":0},{"damage_healed":0,"gold_gain":0,"player_choice":"Grow","damage_taken":0,"max_hp_gain":0,"max_hp_loss":0,"event_name":"Living Wall","floor":5,"gold_loss":0,"cards_upgraded":["Flex"]},{"damage_healed":0,"gold_gain":73,"player_choice":"Gained Gold","damage_taken":0,"max_hp_gain":0,"max_hp_loss":0,"event_name":"Golden Wing","floor":7,"gold_loss":0},{"damage_healed":0,"gold_gain":0,"player_choice":"Copied","damage_taken":0,"max_hp_gain":0,"max_hp_loss":0,"event_name":"Duplicator","floor":24,"gold_loss":0,"cards_obtained":["Enlightenment"]},{"damage_healed":0,"gold_gain":0,"player_choice":"Embrace Madness","damage_taken":12,"max_hp_gain":0,"max_hp_loss":0,"event_name":"Winding Halls","floor":36,"gold_loss":0,"cards_obtained":["Madness","Madness"]},{"damage_healed":0,"gold_gain":0,"player_choice":"2 cards matched","damage_taken":0,"max_hp_gain":0,"max_hp_loss":0,"event_name":"Match and Keep!","floor":37,"gold_loss":0,"cards_obtained":["Fire Breathing","Bash"]}],"is_beta":false,"boss_relics":[{"not_picked":["Runic Cube","Busted Crown"],"picked":"Calling Bell"},{"not_picked":["Sozu","Mark of Pain"],"picked":"SacredBark"}],"items_purged_floors":[28],"is_endless":false,"potions_floor_spawned":[10,14,16,18,20,22,27,33,39],"killed_by":"Writhing Mass","ascension_level":0}}