{"host":"dj20jyxj5yo6mk8a","time":1614121013,"event":{"mods":["AchievementEnabler","BaseMod","BetterRewards","Card Forge","Minty Spire (QoL Compilation)","Replay The Spire","StSLib"],"gold_per_floor":[110,110,120,145,220,254,254,266,266,278,278,305,322,334,334,431,431,449,461,461,473,43,76,175,192,192,206,206,218,253,253,253,357,357,369,369,379,395,445,445,445,479,503,532,532,532],"floor_reached":45,"language":"ENG","playtime":1808,"items_purged":[],"score":706,"play_id":"3c4c51d4-9a29-498d-82eb-705f3dc7d7ec","local_time":"20210223195653","is_ascension_mode":true,"campfire_choices":[{"floor":7,"key":"RECALL"},{"floor":11,"key":"REST"},{"floor":15,"key":"REST"},{"floor":28,"key":"REST"},{"floor":40,"key":"REST"}],"circlet_count":0,"master_deck":["Strike_R+1","Strike_R+1","Strike_R+1","Strike_R+1","Strike_R+1","Defend_R+1","Defend_R+1","Defend_R+1","Defend_R+1","Bash+1","Dramatic Entrance+1","Discovery+1","Dark Echo+1","BecomeAlmighty+1","Dark Shackles+1","Good Instincts+1","LiveForever+1","Poisoned Strike+1","Sadistic Nature+1","RitualDagger+1","Dramatic Entrance+1","Discovery+1","Dark Shackles+1","Dark Echo+1","BecomeAlmighty+1","Sadistic Nature+1","Scorching Beam+1","Poisoned Strike+1","LiveForever+1","Infernal Blade+1","Ghostly Armor+1","ReplayTheSpireMod:Corrosion Curse+1","Sword Boomerang+1","Heavy Blade+1","Metallicize+1","Thunderclap+1","Juggernaut+1","Feel No Pain+1","Sword Boomerang+1","Anger+1","Heavy Blade+1","Crow Ritual+1","Combust+1","Run Through+1","Shrug It Off+1","Feed+1","Barricade+1","ReplayTheSpireMod:Corrosion Curse+1","Flame Barrier+1","Dual Wield+1","ReplayTheSpireMod:Strike From Hell+1"],"relics":["Hammer of Thor","Seething Fire","Anvil of the Gods","Mark of Pain","Incense Burner","Replay:WaspNest","ReplayTheSpireMod:Ninjato","Ooze Armor","Letter Opener","Toxic Egg 2","Replay:Bottled Steam","Bottled Tornado","Red Skull","Sozu","Turnip","Pantograph","Lantern","Meat on the Bone"],"acts_visited":["Exordium","TheCity","TheBeyond"],"potions_floor_usage":[],"damage_taken":[{"damage":0,"enemies":"Cultist","floor":1,"turns":2},{"damage":0,"enemies":"Small Slimes","floor":3,"turns":1},{"damage":0,"enemies":"Gremlin Nob","floor":6,"turns":4},{"damage":0,"enemies":"Jaw Worm","floor":8,"turns":1},{"damage":0,"enemies":"Large Slime","floor":10,"turns":1},{"damage":9,"enemies":"Lagavulin","floor":12,"turns":3},{"damage":0,"enemies":"3 Louse","floor":13,"turns":1},{"damage":3,"enemies":"Exordium Wildlife","floor":14,"turns":2},{"damage":0,"enemies":"Slime Boss","floor":16,"turns":2},{"damage":7,"enemies":"2 Thieves","floor":18,"turns":2},{"damage":0,"enemies":"Spheric Guardian","floor":19,"turns":3},{"damage":0,"enemies":"Snecko","floor":21,"turns":2},{"damage":34,"enemies":"Slavers","floor":23,"turns":3},{"damage":0,"enemies":"Shelled Parasite and Fungi","floor":25,"turns":1},{"damage":11,"enemies":"Centurion and Healer","floor":27,"turns":6},{"damage":0,"enemies":"3 Cultists","floor":29,"turns":3},{"damage":0,"enemies":"Gremlin Leader","floor":30,"turns":2},{"damage":7,"enemies":"Collector","floor":33,"turns":4},{"damage":9,"enemies":"3 Shapes","floor":35,"turns":1},{"damage":0,"enemies":"Orb Walker","floor":37,"turns":3},{"damage":6,"enemies":"Jaw Worm Horde","floor":38,"turns":2},{"damage":10,"enemies":"Mind Bloom Boss Battle","floor":39,"turns":4},{"damage":21,"enemies":"Reptomancer","floor":42,"turns":4},{"damage":41,"enemies":"Nemesis","floor":44,"turns":5},{"damage":27,"enemies":"Maw","floor":45,"turns":2}],"seed_played":"725932393848217954","potions_obtained":[],"is_trial":false,"path_per_floor":["M","?","M","?","?","E","R","M","T","M","R","E","M","M","R","B",null,"M","M","?","M","$","E","?","M","T","M","R","M","E","?","R","B",null,"M","?","M","M","?","R","?","E","T","E","M"],"character_chosen":"IRONCLAD","items_purchased":["Letter Opener","Crow Ritual"],"campfire_rested":4,"item_purchase_floors":[22,22],"current_hp_per_floor":[80,80,80,60,49,49,49,49,49,49,73,64,64,61,80,80,80,73,73,73,73,73,39,39,39,39,28,52,52,52,52,52,45,80,71,71,71,65,55,79,76,55,55,14,0,0],"gold":532,"neow_bonus":"BOSS_RELIC","is_daily":false,"chose_seed":false,"campfire_upgraded":0,"win_rate":0.0,"timestamp":1614121013,"path_taken":["M","?","M","?","?","E","R","M","T","M","R","E","M","M","R","BOSS","M","M","?","M","$","E","?","M","T","M","R","M","E","?","R","BOSS","M","?","?","M","?","R","?","E","T","E","M"],"items_purchased_type":["Relic","Card"],"build_version":"2020-12-22","purchased_purges":0,"victory":false,"max_hp_per_floor":[80,80,80,80,80,80,80,80,80,80,80,80,80,80,80,80,80,80,80,80,80,80,80,80,80,80,80,80,80,80,80,80,80,80,80,80,80,80,80,80,76,76,76,76,76,76],"card_choices":[{"not_picked":["Second Wind","ReplayTheSpireMod:Strike From Hell"],"picked":"Infernal Blade","floor":1},{"not_picked":["Evolve","Havoc"],"picked":"Ghostly Armor","floor":3},{"not_picked":["Cleave","Run Through"],"picked":"ReplayTheSpireMod:Corrosion Curse","floor":4},{"not_picked":["Clothesline","Sentinel"],"picked":"Sword Boomerang","floor":6},{"not_picked":["Blood for Blood","Clash","Flex"],"picked":"SKIP","floor":8},{"not_picked":["Clash","Pommel Strike"],"picked":"Heavy Blade","floor":10},{"not_picked":["Abandon","Dual Wield"],"picked":"Metallicize","floor":12},{"not_picked":["Ghostly Armor","Heavy Blade","Hemokinesis"],"picked":"SKIP","floor":13},{"not_picked":["Flex","Warcry"],"picked":"Thunderclap","floor":14},{"not_picked":["Corruption","Barricade"],"picked":"Juggernaut","floor":16},{"not_picked":["Body Slam","Run Through"],"picked":"Feel No Pain+1","floor":18},{"not_picked":["Evolve","Heavy Blade"],"picked":"Sword Boomerang+1","floor":19},{"not_picked":["Pommel Strike","Body Slam"],"picked":"Heavy Blade+1","floor":21},{"not_picked":["Hemokinesis","Havoc+1"],"picked":"Combust","floor":23},{"not_picked":["Clash","Havoc+1"],"picked":"Run Through+1","floor":25},{"not_picked":["Body Slam","Havoc+1"],"picked":"Shrug It Off+1","floor":27},{"not_picked":["Wild Strike","Searing Blow"],"picked":"Feed","floor":29},{"not_picked":["Bloodletting+1","Headbutt","Clash"],"picked":"SKIP","floor":30},{"not_picked":["Brutality","Impervious+1"],"picked":"Barricade","floor":33},{"not_picked":["Armaments+1","Abandon+1","Body Slam"],"picked":"SKIP","floor":35},{"not_picked":["Whirlwind+1","Havoc+1"],"picked":"ReplayTheSpireMod:Corrosion Curse+1","floor":37},{"not_picked":["Fire Breathing+1","Body Slam"],"picked":"Flame Barrier+1","floor":38},{"not_picked":["Havoc+1","Battle Trance+1"],"picked":"Dual Wield+1","floor":39},{"not_picked":["Wild Strike+1","ReplayTheSpireMod:Corrosion Curse+1"],"picked":"ReplayTheSpireMod:Strike From Hell+1","floor":42},{"not_picked":["Evolve+1","Fiend Fire","Combust"],"picked":"SKIP","floor":44}],"player_experience":112079,"relics_obtained":[{"floor":4,"key":"Incense Burner"},{"floor":6,"key":"Replay:WaspNest"},{"floor":12,"key":"ReplayTheSpireMod:Ninjato"},{"floor":23,"key":"Toxic Egg 2"},{"floor":26,"key":"Replay:Bottled Steam"},{"floor":30,"key":"Bottled Tornado"},{"floor":39,"key":"Turnip"},{"floor":42,"key":"Pantograph"},{"floor":43,"key":"Lantern"},{"floor":44,"key":"Meat on the Bone"}],"event_choices":[{"damage_healed":0,"gold_gain":0,"player_choice":"Ignored","damage_taken":0,"max_hp_gain":0,"max_hp_loss":0,"event_name":"Shining Light","floor":2,"gold_loss":0},{"damage_healed":0,"gold_gain":75,"player_choice":"Gather Gold","damage_taken":11,"max_hp_gain":0,"max_hp_loss":0,"event_name":"World of Goop","floor":5,"gold_loss":0},{"damage_healed":0,"gold_gain":0,"player_choice":"Read","damage_taken":0,"max_hp_gain":0,"max_hp_loss":0,"event_name":"The Library","floor":20,"gold_loss":0,"cards_obtained":["Anger"]},{"damage_healed":0,"gold_gain":99,"player_choice":"Stole From Cult","damage_taken":0,"max_hp_gain":0,"max_hp_loss":0,"event_name":"Nest","floor":24,"gold_loss":0},{"damage_healed":0,"gold_gain":0,"player_choice":"Ignored","damage_taken":0,"max_hp_gain":0,"max_hp_loss":0,"event_name":"Beggar","floor":31,"gold_loss":0},{"damage_healed":0,"gold_gain":0,"player_choice":"Ignored","damage_taken":0,"max_hp_gain":0,"max_hp_loss":0,"event_name":"Upgrade Shrine","floor":36,"gold_loss":0},{"damage_healed":0,"gold_gain":0,"player_choice":"Fight","damage_taken":0,"max_hp_gain":0,"max_hp_loss":0,"event_name":"MindBloom","floor":39,"gold_loss":0},{"damage_healed":0,"gold_gain":0,"player_choice":"Max HP","damage_taken":0,"max_hp_gain":0,"max_hp_loss":4,"event_name":"Winding Halls","floor":41,"gold_loss":0}],"is_beta":false,"boss_relics":[{"not_picked":["Ring of Chaos","Cursed Key"],"picked":"Ooze Armor"},{"not_picked":["Velvet Choker","Snecko Eye"],"picked":"Sozu"}],"items_purged_floors":[],"is_endless":false,"potions_floor_spawned":[1,12,14,19,27,30,33,35,38,42],"killed_by":"Maw","ascension_level":1}}