{"host":"yx5rao87132cy5xq","time":1614112562,"event":{"mods":["2.2 Compatiblity","AchievementEnabler","BaseMod","Bestiary","Colored Map","Colored Powertips","Highlight Path","Minty Spire (QoL Compilation)","Quick Restart","Relic Stats","Slay-I","SuperFastMode"],"gold_per_floor":[],"floor_reached":33,"language":"ENG","playtime":2738,"items_purged":[],"score":638,"play_id":"c17dd113-3913-4161-a745-4751c38266e7","local_time":"20210223213602","is_ascension_mode":true,"campfire_choices":[],"circlet_count":0,"master_deck":["AscendersBane","Strike_R","Strike_R","Strike_R","Strike_R","Defend_R","Defend_R","Defend_R","Defend_R","Bash","Perfected Strike","Whirlwind+1","Feel No Pain","Twin Strike","Shrug It Off","Armaments+1","Reaper","Warcry+1","Battle Trance+1","Flex","Wild Strike","Twin Strike","Ghostly Armor","Power Through","J.A.X."],"relics":["Burning Blood","Smiling Mask","MealTicket","Juzu Bracelet","Paper Frog","StrikeDummy","Golden Idol","The Courier","Fusion Hammer","Oddly Smooth Stone","Anchor","PreservedInsect","Bronze Scales"],"acts_visited":["Exordium","TheCity"],"potions_floor_usage":[],"damage_taken":[],"seed_played":"468029878944734197","potions_obtained":[],"is_trial":false,"path_per_floor":[],"character_chosen":"IRONCLAD","items_purchased":[],"campfire_rested":3,"item_purchase_floors":[],"current_hp_per_floor":[],"gold":160,"neow_bonus":"HUNDRED_GOLD","is_daily":false,"chose_seed":false,"campfire_upgraded":2,"win_rate":0.0,"timestamp":1614112562,"path_taken":[],"items_purchased_type":["Relic","Potion","Potion","Card","Potion","Potion","Card"],"build_version":"2020-12-22","purchased_purges":1,"victory":false,"max_hp_per_floor":[],"relic_stats":{"counters":[15,67],"Golden Idol":66,"Bronze Scales":[29],"MealTicket":15,"PreservedInsect":42,"Juzu Bracelet":2,"Smiling Mask":10,"obtain_stats":[{"Golden Idol":12,"Oddly Smooth Stone":23,"The Courier":14,"PreservedInsect":26,"Juzu Bracelet":7,"Smiling Mask":3,"Burning Blood":0,"Anchor":25,"Bronze Scales":27,"MealTicket":5,"Fusion Hammer":17,"StrikeDummy":11,"Paper Frog":9},{"Golden Idol":5,"Oddly Smooth Stone":11,"The Courier":6,"PreservedInsect":12,"Juzu Bracelet":4,"Smiling Mask":2,"Burning Blood":0,"Anchor":12,"Bronze Scales":13,"MealTicket":3,"Fusion Hammer":7,"StrikeDummy":5,"Paper Frog":4},{"Golden Idol":22,"Oddly Smooth Stone":48,"The Courier":28,"PreservedInsect":51,"Juzu Bracelet":19,"Smiling Mask":8,"Burning Blood":0,"Anchor":51,"Bronze Scales":56,"MealTicket":11,"Fusion Hammer":33,"StrikeDummy":22,"Paper Frog":19}],"Burning Blood":78},"card_choices":[],"player_experience":1154819,"relics_obtained":[],"event_choices":[],"is_beta":false,"boss_relics":[],"items_purged_floors":[],"is_endless":false,"potions_floor_spawned":[],"killed_by":"Collector","ascension_level":20}}