{"host":"5h6e4l6hpn0p5lap","time":1614082223,"event":{"mods":["AchievementEnabler","BaseMod","Better Altar","Better Match","Better Sensory Stone","Better Skull","Better Third Choice","Colored Map","Filter the Spire","Minty Spire (QoL Compilation)","StSLib"],"gold_per_floor":[118,134,134,149,170,208,208,231,312,326,362,184,184,209,209,340,340,359,38,53,78,78,121,136,136,136,160,259,259,259,279,279,279,279],"floor_reached":33,"language":"ENG","playtime":1057,"items_purged":["Zap","Strike_B"],"score":407,"play_id":"27c2e753-3524-4884-be32-42deb5dd9d75","local_time":"20210223071023","is_ascension_mode":true,"campfire_choices":[{"data":"Ball Lightning","floor":7,"key":"SMITH"},{"floor":13,"key":"REST"},{"data":"Ball Lightning","floor":15,"key":"SMITH"},{"floor":25,"key":"REST"},{"data":"Fission","floor":30,"key":"SMITH"},{"floor":32,"key":"REST"}],"circlet_count":0,"master_deck":["AscendersBane","Strike_B","Strike_B","Strike_B","Defend_B","Defend_B","Defend_B","Defend_B","Dualcast","Ball Lightning+1","Ball Lightning+1","Ball Lightning","Compile Driver","Leap","Genetic Algorithm","Conserve Battery","Steam","Cold Snap","Tempest","Rebound","Biased Cognition","Glacier","Leap","Hologram","Turbo","Fission+1"],"relics":["Cracked Core","Oddly Smooth Stone","Bloody Idol","Vajra","Gremlin Horn","Odd Mushroom","Sozu","OrangePellets","Torii","Pear"],"acts_visited":["Exordium","TheCity"],"potions_floor_usage":[6,16,31,31],"damage_taken":[{"damage":6,"enemies":"Jaw Worm","floor":1,"turns":4},{"damage":0,"enemies":"Small Slimes","floor":2,"turns":2},{"damage":7,"enemies":"2 Louse","floor":4,"turns":2},{"damage":5,"enemies":"Looter","floor":5,"turns":2},{"damage":8,"enemies":"Gremlin Nob","floor":6,"turns":3},{"damage":0,"enemies":"2 Fungi Beasts","floor":8,"turns":2},{"damage":2,"enemies":"3 Louse","floor":10,"turns":3},{"damage":3,"enemies":"The Mushroom Lair","floor":11,"turns":4},{"damage":1,"enemies":"Exordium Wildlife","floor":14,"turns":3},{"damage":34,"enemies":"Slime Boss","floor":16,"turns":8},{"damage":6,"enemies":"Chosen","floor":18,"turns":3},{"damage":2,"enemies":"Shell Parasite","floor":20,"turns":4},{"damage":0,"enemies":"Snecko","floor":21,"turns":4},{"damage":26,"enemies":"Slavers","floor":23,"turns":6},{"damage":1,"enemies":"Shelled Parasite and Fungi","floor":24,"turns":4},{"damage":0,"enemies":"Centurion and Healer","floor":27,"turns":6},{"damage":18,"enemies":"Snake Plant","floor":31,"turns":2},{"damage":66,"enemies":"Automaton","floor":33,"turns":12}],"seed_played":"-4781021358505093865","potions_obtained":[{"floor":2,"key":"Weak Potion"},{"floor":4,"key":"Swift Potion"},{"floor":10,"key":"LiquidBronze"},{"floor":11,"key":"BlessingOfTheForge"}],"is_trial":false,"path_per_floor":["M","M","?","M","M","E","R","M","T","M","?","$","R","M","R","B",null,"M","$","M","M","?","E","M","R","T","M","?","?","R","M","R","B"],"character_chosen":"DEFECT","items_purchased":["Cold Snap","Tempest","OrangePellets","Glacier"],"campfire_rested":3,"item_purchase_floors":[12,12,19,19],"current_hp_per_floor":[62,62,62,55,50,42,42,42,42,40,37,37,57,56,56,22,57,51,51,49,49,49,23,22,42,52,52,52,51,51,38,61,0,0],"gold":279,"neow_bonus":"RANDOM_COMMON_RELIC","is_daily":false,"chose_seed":false,"campfire_upgraded":3,"win_rate":0.0,"timestamp":1614082223,"path_taken":["M","M","?","M","M","E","R","M","T","M","?","$","R","M","R","BOSS","M","$","M","M","?","E","M","R","T","M","?","?","R","M","R","BOSS"],"items_purchased_type":["Card","Card","Relic","Card"],"build_version":"2020-12-22","purchased_purges":2,"victory":false,"max_hp_per_floor":[75,75,69,69,69,69,69,69,69,69,69,69,69,69,69,69,69,69,69,69,69,69,69,69,69,79,79,79,79,79,79,79,79,79],"card_choices":[{"not_picked":["White Noise","Doom and Gloom"],"picked":"Ball Lightning","floor":1},{"not_picked":["Conserve Battery","Coolheaded"],"picked":"Ball Lightning","floor":2},{"not_picked":["Double Energy","Amplify"],"picked":"Ball Lightning","floor":4},{"not_picked":["Static Discharge","Hologram"],"picked":"Compile Driver","floor":5},{"not_picked":["Steam","White Noise"],"picked":"Leap","floor":6},{"not_picked":["Darkness","Chaos"],"picked":"Genetic Algorithm","floor":8},{"not_picked":["Barrage","Gash"],"picked":"Conserve Battery","floor":10},{"not_picked":["Double Energy","Barrage"],"picked":"Steam","floor":11},{"not_picked":["Reprogram","Streamline"],"picked":"Rebound","floor":14},{"not_picked":["Buffer","Amplify"],"picked":"Biased Cognition","floor":16},{"not_picked":["Barrage","Conserve Battery","Hologram"],"picked":"SKIP","floor":18},{"not_picked":["Scrape+1","Turbo"],"picked":"Leap","floor":20},{"not_picked":["Streamline","Blizzard"],"picked":"Hologram","floor":21},{"not_picked":["Compile Driver","Melter"],"picked":"Turbo","floor":23},{"not_picked":["Hologram","Beam Cell"],"picked":"Fission","floor":24},{"not_picked":["Ball Lightning","Leap","Sweeping Beam"],"picked":"SKIP","floor":27},{"not_picked":["Heatsinks","Beam Cell","Go for the Eyes"],"picked":"SKIP","floor":31}],"player_experience":1162387,"relics_obtained":[{"floor":6,"key":"Vajra"},{"floor":9,"key":"Gremlin Horn"},{"floor":11,"key":"Odd Mushroom"},{"floor":23,"key":"Torii"},{"floor":26,"key":"Pear"}],"event_choices":[{"damage_healed":0,"gold_gain":0,"player_choice":"Lose Max HP","damage_taken":0,"relics_obtained":["Golden Idol"],"max_hp_gain":0,"max_hp_loss":6,"event_name":"Golden Idol","floor":3,"gold_loss":0},{"damage_healed":0,"gold_gain":0,"player_choice":"Fought Mushrooms","damage_taken":0,"max_hp_gain":0,"max_hp_loss":0,"event_name":"Mushrooms","floor":11,"gold_loss":0},{"damage_healed":0,"gold_gain":0,"player_choice":"Adaptability","damage_taken":0,"max_hp_gain":0,"max_hp_loss":0,"event_name":"betterThird:BetterWriting","floor":22,"gold_loss":0},{"damage_healed":0,"gold_gain":99,"player_choice":"Steal","damage_taken":0,"max_hp_gain":0,"max_hp_loss":0,"event_name":"betterThird:BetterNest","floor":28,"gold_loss":0},{"damage_healed":0,"gold_gain":0,"player_choice":" GoldIdol ","damage_taken":1,"relics_obtained":["Bloody Idol"],"max_hp_gain":52,"max_hp_loss":51,"event_name":"betterAltar:BetterAltar","floor":29,"potions_obtained":[],"relics_lost":["Golden Idol"],"gold_loss":0}],"is_beta":false,"boss_relics":[{"not_picked":["SacredBark","Nuclear Battery"],"picked":"Sozu"}],"items_purged_floors":[12,19],"is_endless":false,"potions_floor_spawned":[2,4,10,11,20,21,31],"killed_by":"Automaton","ascension_level":10}}