{"host":"j0v7rhnuiltzkmi5","time":1614121351,"event":{"mods":["BaseMod","Minty Spire (QoL Compilation)","Replay The Spire","Shop Mod","StSLib"],"gold_per_floor":[212,45,45,60,74,74,88,117,171,189,189,239,286,298,310,422,434,466,478,490,529,642,666,695,742,754,766,74,74,37,51,51,155,155,171,2,17,32,32,66,66,116,116,155,23,23,42,0,0,0],"floor_reached":51,"language":"ENG","playtime":3585,"items_purged":["Normality"],"score":708,"play_id":"77d7e032-74f2-454b-a066-055bba96501f","local_time":"20210223170231","is_ascension_mode":false,"campfire_choices":[{"data":"ReplayUltimateDefense","floor":6,"key":"SMITH"},{"data":"Eruption","floor":11,"key":"SMITH"},{"data":"ClearTheMind","floor":15,"key":"SMITH"},{"floor":29,"key":"REST"},{"floor":32,"key":"REST"},{"floor":41,"key":"REST"},{"floor":49,"key":"REST"}],"circlet_count":0,"master_deck":["Strike_P","Strike_P","Strike_P","Strike_P","Defend_P","Defend_P","Defend_P","Defend_P","Eruption+1","Vigilance","EmptyBody","ReplayUltimateDefense+1","Adaptation","ClearTheMind+1","InnerPeace","DeusExMachina","FlyingSleeves","JustLucky","MasterReality","Replay:BluntJabs","Perseverance","ReplayUltimateDefense+1","FearNoEvil","Crescendo+1","Perseverance","Replay:Cycle+1","Replay:ManipulateFuture","Bandage Up","Panache","CarveReality","Fasting2+1","DevaForm","Sickly","CrushJoints+1","ReplayTheSpireMod:Brewmster","EmptyFist+1","ClearTheMind+1","Wish","EmptyBody+1","Parasite","PathToVictory","Pain","Replay:AllIn"],"relics":["PureWater","Replay:Bottled Snecko","Pen Nib","Ring of Hypnosis","Ring of Greed","Fusion Hammer","ReplayFunnel","Ancient Tea Set","Bag of Marbles","MerchantsRug","HornCleat","BranchBurnRelic","SlaversCollar","Replay:Bottled Flurry","Garlic","Pondfish Scales","Red Mask"],"acts_visited":["Exordium","TheCity","TheBeyond"],"potions_floor_usage":[4,8,8,13,16,18,18,24,24,25,33,38,38,40,40,40,40,40,42,42,42,42,42,42,42,44,44,50,50,50,50,50,50,50,50,50,50,50,50],"damage_taken":[{"damage":2,"enemies":"Small Slimes","floor":1,"turns":6},{"damage":0,"enemies":"Cultist","floor":4,"turns":3},{"damage":0,"enemies":"2 Louse","floor":5,"turns":3},{"damage":0,"enemies":"2 Fungi Beasts","floor":7,"turns":4},{"damage":0,"enemies":"Gremlin Nob","floor":8,"turns":5},{"damage":0,"enemies":"3 Louse","floor":10,"turns":5},{"damage":4,"enemies":"Lagavulin","floor":13,"turns":7},{"damage":0,"enemies":"Slime Boss","floor":16,"turns":8},{"damage":0,"enemies":"2 Thieves","floor":18,"turns":4},{"damage":0,"enemies":"Spheric Guardian","floor":23,"turns":6},{"damage":0,"enemies":"Snecko","floor":24,"turns":8},{"damage":26,"enemies":"Slavers","floor":25,"turns":7},{"damage":0,"enemies":"Centurion and Healer","floor":31,"turns":6},{"damage":3,"enemies":"Champ","floor":33,"turns":8},{"damage":0,"enemies":"Orb Walker","floor":35,"turns":6},{"damage":4,"enemies":"3 Shapes","floor":37,"turns":7},{"damage":6,"enemies":"3 Darklings","floor":38,"turns":8},{"damage":4,"enemies":"Giant Head","floor":40,"turns":9},{"damage":0,"enemies":"Nemesis","floor":42,"turns":5},{"damage":2,"enemies":"Maw","floor":44,"turns":11},{"damage":8,"enemies":"4 Shapes","floor":47,"turns":7},{"damage":21,"enemies":"Replay:Hell Engine","floor":50,"turns":14}],"seed_played":"-3771131007715462321","potions_obtained":[{"floor":3,"key":"AttackPotion"},{"floor":3,"key":"LiquidMemories"},{"floor":3,"key":"GamblersBrew"},{"floor":4,"key":"SpeedPotion"},{"floor":8,"key":"Milkshake"},{"floor":10,"key":"Energy Potion"},{"floor":13,"key":"Adrenaline Potion"},{"floor":16,"key":"PowerPotion"},{"floor":18,"key":"PowerPotion"},{"floor":24,"key":"ColorlessPotion"},{"floor":31,"key":"Block Potion"},{"floor":40,"key":"Regen Potion"},{"floor":42,"key":"Strength Potion"}],"is_trial":false,"path_per_floor":["M","$","?","M","M","R","M","E","T","M","R","?","E","?","R","B",null,"M","?","?","T","?","M","M","E","T","?","$","R","$","M","R","B",null,"M","$","M","M","T","E","R","E","T","M","$","$","M","?","R","B",null],"character_chosen":"WATCHER","items_purchased":["ReplayUltimateDefense","MerchantsRug","HornCleat","Bandage Up","SteroidPotion","Panache","CarveReality","ReplayTheSpireMod:Brewmster","Pondfish Scales"],"campfire_rested":4,"item_purchase_floors":[2,28,28,28,28,28,28,36,45],"current_hp_per_floor":[70,70,70,70,70,70,70,70,70,70,70,70,73,66,66,66,79,79,79,79,79,48,48,48,22,22,22,22,45,45,64,79,79,79,79,79,75,73,73,73,79,79,79,77,77,77,71,71,79,75],"gold":0,"neow_bonus":"HUNDRED_GOLD","is_daily":false,"chose_seed":false,"campfire_upgraded":3,"win_rate":0.0,"timestamp":1614121351,"path_taken":["M","$","?","?","M","R","M","E","T","M","R","?","E","?","R","BOSS","M","?","?","?","?","M","M","E","T","?","$","R","$","M","R","BOSS","M","$","?","M","?","E","R","E","T","M","?","$","M","?","R","BOSS"],"items_purchased_type":["Card","Relic","Relic","Card","Potion","Card","Card","Card","Relic"],"build_version":"2020-12-22","purchased_purges":1,"victory":true,"max_hp_per_floor":[72,72,72,72,72,72,72,72,72,72,72,72,79,79,79,79,79,79,79,79,79,79,79,79,79,79,79,79,79,79,79,79,79,79,79,79,79,79,79,79,79,79,79,79,79,79,79,79,79,79],"card_choices":[{"not_picked":["ClearTheMind","PathToVictory"],"picked":"EmptyBody","floor":1},{"not_picked":["SpiritShield","DeceiveReality"],"picked":"Adaptation","floor":4},{"not_picked":["ForeignInfluence","Sanctity"],"picked":"ClearTheMind","floor":5},{"not_picked":["Consecrate","Worship"],"picked":"InnerPeace","floor":7},{"not_picked":["ReachHeaven","SignatureMove"],"picked":"DeusExMachina","floor":8},{"not_picked":["Halt","Consecrate"],"picked":"FlyingSleeves","floor":10},{"not_picked":["BowlingBash","FollowUp"],"picked":"JustLucky","floor":13},{"not_picked":["Ragnarok","Establishment"],"picked":"MasterReality","floor":16},{"not_picked":["Consecrate","Fasting2"],"picked":"Replay:BluntJabs","floor":18},{"not_picked":["PathToVictory","Halt"],"picked":"FearNoEvil","floor":22},{"not_picked":["Prostrate","Vengeance+1"],"picked":"Crescendo+1","floor":22},{"not_picked":["Replay:Cycle","ReachHeaven"],"picked":"Perseverance","floor":23},{"not_picked":["Crescendo","CutThroughFate"],"picked":"Replay:Cycle+1","floor":24},{"not_picked":["Halt","Ragnarok"],"picked":"Replay:ManipulateFuture","floor":25},{"not_picked":["EmptyBody","SandsOfTime"],"picked":"Fasting2+1","floor":31},{"not_picked":["Wish","LessonLearned"],"picked":"DevaForm","floor":33},{"not_picked":["SandsOfTime","Pray"],"picked":"CrushJoints+1","floor":35},{"not_picked":["BattleHymn","CrushJoints+1"],"picked":"EmptyFist+1","floor":37},{"not_picked":["Crescendo","BowlingBash"],"picked":"ClearTheMind+1","floor":38},{"not_picked":["Crescendo","JustLucky+1"],"picked":"Wish","floor":40},{"not_picked":["CrushJoints","BowlingBash"],"picked":"EmptyBody+1","floor":42},{"not_picked":["SashWhip+1","JustLucky+1"],"picked":"PathToVictory","floor":44},{"not_picked":["Consecrate","Replay:Battleflow"],"picked":"Replay:AllIn","floor":47}],"player_experience":841365,"relics_obtained":[{"floor":8,"key":"Replay:Bottled Snecko"},{"floor":9,"key":"Pen Nib"},{"floor":12,"key":"Ring of Hypnosis"},{"floor":12,"key":"Ring of Greed"},{"floor":12,"key":"MawBank"},{"floor":12,"key":"Tiny Chest"},{"floor":13,"key":"Strawberry"},{"floor":21,"key":"ReplayFunnel"},{"floor":22,"key":"Ancient Tea Set"},{"floor":25,"key":"Dead Branch"},{"floor":26,"key":"Bag of Marbles"},{"floor":39,"key":"White Beast Statue"},{"floor":40,"key":"Replay:Bottled Flurry"},{"floor":42,"key":"Garlic"},{"floor":43,"key":"PreservedInsect"}],"event_choices":[{"damage_healed":0,"gold_gain":0,"player_choice":"Got Potions","damage_taken":0,"max_hp_gain":0,"max_hp_loss":0,"event_name":"Lab","floor":3,"gold_loss":0},{"cards_removed":["ReplayTheSpireMod:Splinters"],"damage_healed":0,"gold_gain":0,"player_choice":"Card Removal","damage_taken":7,"max_hp_gain":0,"max_hp_loss":0,"event_name":"Golden Wing","floor":14,"gold_loss":0},{"damage_healed":0,"gold_gain":0,"player_choice":"Read","damage_taken":0,"max_hp_gain":0,"max_hp_loss":0,"event_name":"The Library","floor":19,"gold_loss":0,"cards_obtained":["Perseverance"]},{"damage_healed":0,"gold_gain":0,"player_choice":"Copied","damage_taken":0,"max_hp_gain":0,"max_hp_loss":0,"event_name":"Duplicator","floor":20,"gold_loss":0,"cards_obtained":["ReplayUltimateDefense"]},{"cards_removed":["CommonCold","Looming Evil","Injury"],"damage_healed":0,"gold_gain":0,"player_choice":"Removed Curses","damage_taken":0,"max_hp_gain":0,"max_hp_loss":0,"event_name":"Fountain of Cleansing","floor":27,"gold_loss":0},{"damage_healed":0,"gold_gain":0,"player_choice":"Paid","damage_taken":0,"relics_obtained":["Red Mask"],"max_hp_gain":0,"max_hp_loss":0,"event_name":"Tomb of Lord Red Mask","floor":48,"gold_loss":42}],"is_beta":false,"boss_relics":[{"not_picked":["SacredBark","Snecko Eye"],"picked":"Fusion Hammer"},{"not_picked":["Ring of Chaos","Coffee Dripper"],"picked":"SlaversCollar"}],"items_purged_floors":[30],"is_endless":false,"potions_floor_spawned":[4,8,10,13,16,18,24,31,40,42,44,47],"ascension_level":0}}