{"host":"dkr0dog13pegamnp","time":1614074001,"event":{"mods":["AchievementEnabler","BaseMod","Minty Spire (QoL Compilation)","Rare Cards Sparkle","StSLib","SuperFastMode","everything is the same but u backflip on backflip"],"gold_per_floor":[117,117,137,153,170,170,189,189,189,42,42,58,58,89,89,166,166,106,106,118,132,146,146,0,0,24,24,42,75,94,113,113,187,187,205,218,218,229,229,229,229,229],"floor_reached":41,"language":"KOR","playtime":1643,"items_purged":["Strike_G","Strike_G"],"score":792,"play_id":"ab30a094-98e7-4dd3-ade3-04a1d3e6f561","local_time":"20210223185321","is_ascension_mode":true,"campfire_choices":[{"data":"Flechettes","floor":6.0,"key":"SMITH"},{"data":"Night Terror","floor":15.0,"key":"SMITH"},{"data":"Footwork","floor":23.0,"key":"SMITH"},{"data":"After Image","floor":25.0,"key":"SMITH"},{"floor":27.0,"key":"REST"},{"floor":32.0,"key":"REST"},{"data":"Backflip","floor":40.0,"key":"SMITH"}],"circlet_count":0,"master_deck":["AscendersBane","Defend_G","Defend_G","Defend_G","Defend_G","Survivor","Neutralize","Flechettes+1","Well Laid Plans+1","PiercingWail","Poisoned Stab","Caltrops+1","Footwork+1","Night Terror+1","After Image+1","Outmaneuver+1","Backflip+1","Tactician+1","Deadly Poison+1"],"relics":["Ring of the Snake","InkBottle","Bottled Tornado","Sozu","Orichalcum","Pear","Empty Cage"],"acts_visited":["Exordium","TheCity","TheBeyond"],"potions_floor_usage":[],"damage_taken":[{"damage":2.0,"enemies":"2 Louse","floor":1.0,"turns":3.0},{"damage":0.0,"enemies":"Jaw Worm","floor":3.0,"turns":3.0},{"damage":1.0,"enemies":"Small Slimes","floor":4.0,"turns":4.0},{"damage":3.0,"enemies":"3 Louse","floor":5.0,"turns":5.0},{"damage":2.0,"enemies":"Large Slime","floor":7.0,"turns":8.0},{"damage":1.0,"enemies":"Looter","floor":12.0,"turns":5.0},{"damage":6.0,"enemies":"Lagavulin","floor":14.0,"turns":5.0},{"damage":27.0,"enemies":"The Guardian","floor":16.0,"turns":13.0},{"damage":3.0,"enemies":"2 Thieves","floor":18.0,"turns":4.0},{"damage":10.0,"enemies":"Spheric Guardian","floor":20.0,"turns":7.0},{"damage":18.0,"enemies":"Snecko","floor":21.0,"turns":9.0},{"damage":11.0,"enemies":"Snake Plant","floor":22.0,"turns":6.0},{"damage":8.0,"enemies":"Chosen and Byrds","floor":28.0,"turns":6.0},{"damage":22.0,"enemies":"Gremlin Leader","floor":29.0,"turns":7.0},{"damage":5.0,"enemies":"Snecko","floor":30.0,"turns":7.0},{"damage":0.0,"enemies":"Centurion and Healer","floor":31.0,"turns":9.0},{"damage":0.0,"enemies":"Automaton","floor":33.0,"turns":17.0},{"damage":6.0,"enemies":"3 Shapes","floor":35.0,"turns":12.0},{"damage":19.0,"enemies":"Orb Walker","floor":36.0,"turns":5.0},{"damage":13.0,"enemies":"Spire Growth","floor":38.0,"turns":9.0},{"damage":53,"enemies":"Reptomancer","floor":41,"turns":3}],"seed_played":"8207950306847953954","potions_obtained":[{"floor":4.0,"key":"ColorlessPotion"},{"floor":7.0,"key":"SkillPotion"}],"is_trial":false,"path_per_floor":["M","?","M","M","M","R","M","?","T","$","?","M","$","E","R","B",null,"M","?","M","M","M","R","$","R","T","R","M","E","M","M","R","B",null,"M","M","?","M","?","R","E"],"character_chosen":"THE_SILENT","items_purchased":["Caltrops","Backflip"],"campfire_rested":2,"item_purchase_floors":[10,24],"current_hp_per_floor":[61,61,61,60,57,57,55,60,60,60,45,44,44,38,38,11,59,56,56,46,28,17,17,17,17,17,39,31,19,14,14,39,39,74,68,49,49,36,36,36,0,0],"gold":229,"neow_bonus":"TRANSFORM_CARD","is_daily":false,"chose_seed":false,"campfire_upgraded":5,"win_rate":0.0,"timestamp":1614074001,"path_taken":["M","?","M","M","M","R","M","?","T","$","?","M","?","E","R","BOSS","M","?","M","M","M","R","$","R","T","R","M","E","M","M","R","BOSS","M","M","?","M","?","R","E"],"items_purchased_type":["Card","Card"],"build_version":"2020-12-22","purchased_purges":2,"victory":false,"max_hp_per_floor":[70,70,70,70,70,70,70,75,75,75,75,75,75,75,75,75,75,75,75,75,75,75,75,75,75,75,75,75,85,85,85,85,85,85,85,85,85,85,85,85,85,85],"card_choices":[{"not_picked":["Quick Slash","Flying Knee"],"picked":"Well Laid Plans","floor":1.0},{"not_picked":["Prepared","Setup","Dagger Throw"],"picked":"SKIP","floor":3.0},{"not_picked":["Distraction","Bane","Terror"],"picked":"SKIP","floor":4.0},{"not_picked":["Catalyst","Blade Dance"],"picked":"Poisoned Stab","floor":5.0},{"not_picked":["Quick Slash","Predator","Slice"],"picked":"SKIP","floor":7.0},{"not_picked":["Calculated Gamble","Prepared"],"picked":"Footwork","floor":12.0},{"not_picked":["Poisoned Stab","Choke"],"picked":"Night Terror","floor":14.0},{"not_picked":["Die Die Die","Phantasmal Killer"],"picked":"After Image","floor":16.0},{"not_picked":["Deflect","Sucker Punch"],"picked":"Outmaneuver+1","floor":18.0},{"not_picked":["Quick Slash","Outmaneuver","PiercingWail"],"picked":"SKIP","floor":20.0},{"not_picked":["Deflect","Poisoned Stab","Eviscerate+1"],"picked":"SKIP","floor":21.0},{"not_picked":["Prepared","Reflex","Terror"],"picked":"SKIP","floor":22.0},{"not_picked":["Dodge and Roll","Cloak And Dagger","Backstab"],"picked":"SKIP","floor":28.0},{"not_picked":["Infinite Blades","Well Laid Plans","Bane"],"picked":"SKIP","floor":29.0},{"not_picked":["Catalyst","Acrobatics"],"picked":"Tactician+1","floor":30.0},{"not_picked":["Dagger Spray","PiercingWail","Terror+1"],"picked":"SKIP","floor":31.0},{"not_picked":["Heel Hook","Dagger Throw"],"picked":"Deadly Poison+1","floor":35.0},{"not_picked":["Predator","Dagger Throw+1","Dodge and Roll"],"picked":"SKIP","floor":36.0},{"not_picked":["Dodge and Roll","Bouncing Flask","Cloak And Dagger+1"],"picked":"SKIP","floor":38.0}],"player_experience":95182,"relics_obtained":[{"floor":9.0,"key":"InkBottle"},{"floor":14.0,"key":"Bottled Tornado"},{"floor":26.0,"key":"Orichalcum"},{"floor":29.0,"key":"Pear"}],"event_choices":[{"damage_healed":0.0,"max_hp_gain":0.0,"max_hp_loss":0.0,"gold_gain":0.0,"cards_transformed":["Strike_G"],"event_name":"Living Wall","player_choice":"Change","floor":2.0,"gold_loss":0.0,"damage_taken":0.0,"cards_obtained":["PiercingWail"]},{"damage_healed":0.0,"max_hp_gain":5.0,"max_hp_loss":0.0,"gold_gain":0.0,"event_name":"Big Fish","player_choice":"Donut","floor":8.0,"gold_loss":0.0,"damage_taken":0.0},{"damage_healed":0.0,"max_hp_gain":0.0,"max_hp_loss":0.0,"gold_gain":0.0,"event_name":"Shining Light","player_choice":"Entered Light","floor":11.0,"gold_loss":0.0,"damage_taken":15.0,"cards_upgraded":["Well Laid Plans","Caltrops"]},{"damage_healed":0.0,"max_hp_gain":0.0,"max_hp_loss":0.0,"gold_gain":0.0,"event_name":"Vampires","player_choice":"Ignored","floor":19.0,"gold_loss":0.0,"damage_taken":0.0},{"damage_healed":0.0,"max_hp_gain":0.0,"max_hp_loss":0.0,"gold_gain":0.0,"event_name":"SensoryStone","player_choice":"Memory 1","floor":37.0,"gold_loss":0.0,"damage_taken":0.0},{"damage_healed":0.0,"max_hp_gain":0.0,"max_hp_loss":0.0,"gold_gain":0.0,"event_name":"The Moai Head","player_choice":"Ignored","floor":39.0,"gold_loss":0.0,"damage_taken":0.0}],"is_beta":false,"boss_relics":[{"not_picked":["HoveringKite","Black Star"],"picked":"Sozu"},{"not_picked":["Pandora\u0027s Box","SlaversCollar"],"picked":"Empty Cage"}],"items_purged_floors":[10,24],"is_endless":false,"potions_floor_spawned":[4,7,21,22,28,31,33,38],"killed_by":"Reptomancer","ascension_level":13}}