{"host":"okln270zkafj6dck","time":1614047464,"event":{"mods":["BaseMod","Minty Spire (QoL Compilation)","Permanent Neow","Quick Restart","Relic Stats","StSLib","SuperFastMode","UnlockEverythingMod"],"gold_per_floor":[13,29,40,40,53,53,69,69,123,157,169,188,219,28,28,107,107,121,121,134,144,158,158,59,91,103,149,179,191,203,185,197,286,298,328,355,383,407,419,431,133,143,143,169,169,181,229,243,243,243,243],"floor_reached":52,"language":"ENG","playtime":1500,"items_purged":["Strike_G","Strike_G"],"score":2026,"play_id":"d899d36f-b853-438b-afd0-5646d017a50e","local_time":"20210222183104","is_ascension_mode":true,"campfire_choices":[{"data":"Deadly Poison","floor":6.0,"key":"SMITH"},{"data":"Corpse Explosion","floor":8,"key":"SMITH"},{"data":"Catalyst","floor":15,"key":"SMITH"},{"floor":23,"key":"REST"},{"data":"Noxious Fumes","floor":30,"key":"SMITH"},{"data":"Catalyst","floor":32,"key":"SMITH"},{"floor":40,"key":"REST"},{"data":"Well Laid Plans","floor":45,"key":"SMITH"},{"floor":49,"key":"REST"}],"circlet_count":0,"master_deck":["AscendersBane","Strike_G","Strike_G","Strike_G","Defend_G","Defend_G","Defend_G","Defend_G","Defend_G","Survivor","Neutralize","Adrenaline","Dash","Corpse Explosion+1","Deadly Poison+1","Catalyst+1","Well Laid Plans+1","Crippling Poison","Adrenaline","PiercingWail","Backflip","Deflect","Catalyst+1","Noxious Fumes+1","After Image","Escape Plan","PiercingWail","Prepared+1","Leg Sweep","Backflip"],"relics":["Ring of the Snake","Bag of Marbles","The Courier","Anchor","PreservedInsect","SlaversCollar","MawBank","Eternal Feather","Nunchaku","Sozu","Paper Crane","Dead Branch","Potion Belt","Ice Cream"],"acts_visited":["Exordium","TheCity","TheBeyond"],"potions_floor_usage":[10,21,25,27,34,38],"damage_taken":[{"damage":0.0,"enemies":"Small Slimes","floor":1.0,"turns":4.0},{"damage":1.0,"enemies":"2 Louse","floor":2.0,"turns":4.0},{"damage":0.0,"enemies":"Cultist","floor":3.0,"turns":4.0},{"damage":5.0,"enemies":"Red Slaver","floor":5.0,"turns":5.0},{"damage":0,"enemies":"Lots of Slimes","floor":7,"turns":1},{"damage":11,"enemies":"Gremlin Nob","floor":10,"turns":3},{"damage":1,"enemies":"2 Fungi Beasts","floor":11,"turns":4},{"damage":0,"enemies":"3 Louse","floor":12,"turns":1},{"damage":15,"enemies":"3 Sentries","floor":13,"turns":3},{"damage":4,"enemies":"Hexaghost","floor":16,"turns":8},{"damage":5,"enemies":"2 Thieves","floor":18,"turns":3},{"damage":0,"enemies":"3 Byrds","floor":20,"turns":3},{"damage":34,"enemies":"Cultist and Chosen","floor":21,"turns":6},{"damage":0,"enemies":"3 Cultists","floor":22,"turns":3},{"damage":0,"enemies":"Book of Stabbing","floor":25,"turns":3},{"damage":0,"enemies":"Gremlin Leader","floor":27,"turns":2},{"damage":14,"enemies":"Snake Plant","floor":28,"turns":3},{"damage":39,"enemies":"Collector","floor":33,"turns":6},{"damage":0,"enemies":"3 Shapes","floor":35,"turns":1},{"damage":7,"enemies":"Orb Walker","floor":36,"turns":3},{"damage":24,"enemies":"Spire Growth","floor":37,"turns":4},{"damage":26,"enemies":"Maw","floor":38,"turns":6},{"damage":0,"enemies":"Jaw Worm Horde","floor":42,"turns":4},{"damage":6,"enemies":"Giant Head","floor":44,"turns":5},{"damage":23,"enemies":"Spire Growth","floor":46,"turns":4},{"damage":21,"enemies":"2 Orb Walkers","floor":47,"turns":4},{"damage":0,"enemies":"3 Darklings","floor":48,"turns":2},{"damage":12,"enemies":"Awakened One","floor":50,"turns":12},{"damage":10,"enemies":"Time Eater","floor":51,"turns":6}],"seed_played":"-4865983329285753711","potions_obtained":[{"floor":1.0,"key":"AttackPotion"},{"floor":7,"key":"SkillPotion"},{"floor":10,"key":"Dexterity Potion"},{"floor":11,"key":"DuplicationPotion"},{"floor":20,"key":"DistilledChaos"},{"floor":21,"key":"SmokeBomb"},{"floor":22,"key":"Block Potion"},{"floor":31,"key":"EntropicBrew"},{"floor":31,"key":"SneckoOil"}],"is_trial":false,"path_per_floor":["M","M","M","?","M","R","M","R","T","E","M","M","E","$","R","B",null,"M","?","M","M","M","R","$","E","T","E","M","$","R","?","R","B",null,"M","M","M","M","T","R","$","M","T","E","R","M","?","M","R","B","B",null],"character_chosen":"THE_SILENT","items_purchased":["PreservedInsect","Catalyst","Noxious Fumes","Paper Crane"],"campfire_rested":3,"item_purchase_floors":[14,24,24,41],"current_hp_per_floor":[59,58,58,63,58,58,58,58,58,47,46,46,31,31,31,27,60,55,55,55,21,21,42,42,42,42,42,28,28,43,43,58,19,58,58,51,27,1,1,37,37,37,37,31,46,23,2,2,41,29,19],"gold":243,"neow_bonus":"THREE_RARE_CARDS","is_daily":false,"chose_seed":false,"campfire_upgraded":6,"win_rate":0.0,"timestamp":1614047464,"path_taken":["M","M","M","?","M","R","M","R","T","E","M","M","E","$","R","BOSS","M","?","M","M","M","R","$","E","T","E","M","$","R","?","R","BOSS","M","?","M","M","?","R","$","?","T","E","R","M","?","M","R","BOSS","BOSS"],"items_purchased_type":["Relic","Card","Card","Relic"],"build_version":"2020-12-22","purchased_purges":2,"victory":true,"max_hp_per_floor":[66,66,66,71,71,71,71,71,71,71,71,71,71,71,71,71,71,71,71,71,71,71,71,71,71,71,71,71,71,71,71,71,71,71,71,71,71,71,71,71,71,71,71,71,71,71,71,71,71,71,71],"relic_stats":{"Sozu":4,"Nunchaku":[9],"counters":[29,117],"Dead Branch":[67],"Eternal Feather":78,"PreservedInsect":220,"MawBank":192,"obtain_stats":[{"Potion Belt":44,"Ice Cream":47,"Dead Branch":43,"Eternal Feather":26,"The Courier":10,"PreservedInsect":14,"Paper Crane":41,"MawBank":25,"Sozu":34,"SlaversCollar":17,"Anchor":13,"Nunchaku":27,"Bag of Marbles":9,"Ring of the Snake":0},{"Potion Belt":24,"Ice Cream":26,"Dead Branch":23,"Eternal Feather":15,"The Courier":6,"PreservedInsect":9,"Paper Crane":22,"MawBank":15,"Sozu":18,"SlaversCollar":10,"Anchor":9,"Nunchaku":16,"Bag of Marbles":5,"Ring of the Snake":0},{"Potion Belt":89,"Ice Cream":97,"Dead Branch":84,"Eternal Feather":55,"The Courier":21,"PreservedInsect":29,"Paper Crane":80,"MawBank":55,"Sozu":66,"SlaversCollar":37,"Anchor":29,"Nunchaku":57,"Bag of Marbles":18,"Ring of the Snake":0}],"Ring of the Snake":[58]},"card_choices":[{"not_picked":["Unload","Die Die Die"],"picked":"Adrenaline","floor":0.0},{"not_picked":["Backflip","Tactician","Underhanded Strike"],"picked":"SKIP","floor":1.0},{"not_picked":["All Out Attack","Dagger Throw"],"picked":"Dash","floor":2.0},{"not_picked":["Dagger Spray","Acrobatics"],"picked":"Corpse Explosion","floor":3.0},{"not_picked":["Bane","Backflip"],"picked":"Deadly Poison","floor":5.0},{"not_picked":["Bane","Dagger Throw"],"picked":"Catalyst","floor":7},{"not_picked":["All Out Attack","Blade Dance","Tactician"],"picked":"SKIP","floor":10},{"not_picked":["Cloak And Dagger","Tactician"],"picked":"Well Laid Plans","floor":11},{"not_picked":["Prepared","Blur","Dagger Spray"],"picked":"SKIP","floor":12},{"not_picked":["Reflex","Bouncing Flask"],"picked":"Crippling Poison","floor":13},{"not_picked":["Bullet Time","Envenom"],"picked":"Adrenaline","floor":16},{"not_picked":["Blur","Crippling Poison","All Out Attack"],"picked":"SKIP","floor":18},{"not_picked":["Prepared","Dagger Spray"],"picked":"Backflip","floor":20},{"not_picked":["Dagger Spray","Eviscerate","Slice"],"picked":"SKIP","floor":21},{"not_picked":["Dagger Throw","Blade Dance"],"picked":"Deflect","floor":22},{"not_picked":["Setup","Finisher","Masterful Stab"],"picked":"SKIP","floor":25},{"not_picked":["Prepared","Corpse Explosion","Poisoned Stab"],"picked":"SKIP","floor":27},{"not_picked":["Finisher+1","Acrobatics","Deflect"],"picked":"SKIP","floor":28},{"not_picked":["A Thousand Cuts","Phantasmal Killer"],"picked":"After Image","floor":33},{"not_picked":["Flying Knee","Prepared","Outmaneuver+1"],"picked":"SKIP","floor":35},{"not_picked":["Backstab+1","Dagger Throw","Dodge and Roll"],"picked":"SKIP","floor":36},{"not_picked":["Masterful Stab+1","Dodge and Roll"],"picked":"Escape Plan","floor":37},{"not_picked":["Deflect","Deadly Poison+1"],"picked":"PiercingWail","floor":38},{"not_picked":["Endless Agony","Backflip","Dagger Spray+1"],"picked":"SKIP","floor":42},{"not_picked":["Deadly Poison","Distraction+1"],"picked":"Prepared+1","floor":44},{"not_picked":["Quick Slash","Calculated Gamble"],"picked":"Leg Sweep","floor":46},{"not_picked":["Dash","Bullet Time"],"picked":"Backflip","floor":48}],"player_experience":76198,"relics_obtained":[{"floor":9,"key":"Bag of Marbles"},{"floor":10,"key":"The Courier"},{"floor":13,"key":"Anchor"},{"floor":25,"key":"MawBank"},{"floor":26,"key":"Eternal Feather"},{"floor":27,"key":"Nunchaku"},{"floor":43,"key":"Dead Branch"},{"floor":44,"key":"Potion Belt"},{"floor":47,"key":"Ice Cream"}],"event_choices":[{"damage_healed":0.0,"max_hp_gain":5.0,"max_hp_loss":0.0,"gold_gain":0.0,"event_name":"Big Fish","player_choice":"Donut","floor":4.0,"gold_loss":0.0,"damage_taken":0.0},{"damage_healed":0,"gold_gain":0,"player_choice":"Read","damage_taken":0,"max_hp_gain":0,"max_hp_loss":0,"event_name":"The Library","floor":19,"gold_loss":0,"cards_obtained":["PiercingWail"]},{"damage_healed":0,"gold_gain":0,"player_choice":"Bought 2 Potions","damage_taken":0,"max_hp_gain":0,"max_hp_loss":0,"event_name":"The Woman in Blue","floor":31,"gold_loss":0},{"damage_healed":0,"gold_gain":0,"player_choice":"Fight","damage_taken":0,"max_hp_gain":0,"max_hp_loss":0,"event_name":"Mysterious Sphere","floor":47,"gold_loss":0}],"is_beta":false,"boss_relics":[{"not_picked":["Runic Dome","WristBlade"],"picked":"SlaversCollar"},{"not_picked":["SacredBark","HoveringKite"],"picked":"Sozu"}],"items_purged_floors":[14,41],"is_endless":false,"potions_floor_spawned":[1,7,10,11,13,18,20,21,22,37,38,46,47],"ascension_level":20}}