{"host":"1a8lb11wemezctea","time":1614116184,"event":{"mods":["BaseMod","Colored Powertips","Highlight Path","Minty Spire (QoL Compilation)"],"gold_per_floor":[113,133,149,167,183,218,393,5,55,55,74,88,88,53,53,152,152,168,26,26,26,36,36,36,55,55,55,86,86,121,121,121],"floor_reached":31,"language":"ENG","playtime":1162,"items_purged":["Doubt"],"score":371,"play_id":"c4e09eee-ef99-4529-ab37-cae0462c3e07","local_time":"20210223163624","is_ascension_mode":true,"campfire_choices":[{"data":"Static Discharge","floor":10,"key":"SMITH"},{"floor":15,"key":"REST"},{"data":"Recycle","floor":23,"key":"SMITH"},{"data":"Hologram","floor":27,"key":"SMITH"}],"circlet_count":0,"master_deck":["Strike_B","Strike_B","Defend_B","Defend_B","Defend_B","Defend_B","Zap","Dualcast","Static Discharge+1","Melter","Conserve Battery","Glacier","FTL","Recycle+1","Core Surge","Leap","Ball Lightning","BootSequence","Chaos","Creative AI","Chill+1","Self Repair","Hologram+1","Core Surge","Go for the Eyes","Normality","Biased Cognition"],"relics":["Cracked Core","NeowsBlessing","Boot","MealTicket","Cursed Key","Enchiridion","Ornamental Fan","Art of War"],"acts_visited":["Exordium","TheCity"],"potions_floor_usage":[6,16,16,18,28,30,31],"damage_taken":[{"damage":0,"enemies":"2 Louse","floor":1,"turns":1},{"damage":0,"enemies":"Small Slimes","floor":2,"turns":1},{"damage":0,"enemies":"Jaw Worm","floor":3,"turns":1},{"damage":7,"enemies":"Blue Slaver","floor":4,"turns":4},{"damage":3,"enemies":"Exordium Wildlife","floor":5,"turns":5},{"damage":30,"enemies":"Lagavulin","floor":6,"turns":8},{"damage":13,"enemies":"Lots of Slimes","floor":11,"turns":5},{"damage":8,"enemies":"Blue Slaver","floor":12,"turns":3},{"damage":17,"enemies":"The Guardian","floor":16,"turns":9},{"damage":10,"enemies":"2 Thieves","floor":18,"turns":3},{"damage":1,"enemies":"Chosen","floor":22,"turns":4},{"damage":18,"enemies":"Centurion and Healer","floor":25,"turns":7},{"damage":25,"enemies":"Gremlin Leader","floor":28,"turns":7},{"damage":22,"enemies":"Slavers","floor":30,"turns":5},{"damage":2,"enemies":"Snecko","floor":31,"turns":5}],"seed_played":"-6095879997027886507","potions_obtained":[{"floor":4,"key":"Weak Potion"},{"floor":6,"key":"Ancient Potion"},{"floor":12,"key":"EssenceOfSteel"},{"floor":16,"key":"AttackPotion"},{"floor":18,"key":"GamblersBrew"},{"floor":28,"key":"SteroidPotion"},{"floor":30,"key":"BlessingOfTheForge"}],"is_trial":false,"path_per_floor":["M","M","M","M","M","E","?","$","T","R","M","M","?","?","R","B",null,"M","$","?","?","M","R","?","M","T","R","E","T","E","M"],"character_chosen":"DEFECT","items_purchased":["Core Surge","Leap","Ball Lightning","AttackPotion","Self Repair","PowerPotion","Hologram"],"campfire_rested":1,"item_purchase_floors":[8,8,8,8,19,19,19],"current_hp_per_floor":[68,68,68,61,58,28,28,28,28,28,15,7,4,22,44,27,63,53,68,68,52,58,58,58,47,47,47,29,29,14,12,12],"gold":121,"neow_bonus":"THREE_ENEMY_KILL","is_daily":false,"chose_seed":false,"campfire_upgraded":3,"win_rate":0.0,"timestamp":1614116184,"path_taken":["M","M","M","M","M","E","?","$","T","R","M","M","?","?","R","BOSS","M","$","?","?","M","R","?","M","T","R","E","?","E","M"],"items_purchased_type":["Card","Card","Card","Potion","Card","Potion","Card"],"build_version":"2020-12-22","purchased_purges":1,"victory":false,"max_hp_per_floor":[75,75,75,75,75,75,75,75,75,75,75,75,75,75,75,75,75,75,75,75,75,75,75,75,75,75,75,75,75,75,75,75],"card_choices":[{"not_picked":["Hologram","Stack"],"picked":"Static Discharge","floor":1},{"not_picked":["Go for the Eyes","Double Energy"],"picked":"Melter","floor":2},{"not_picked":["Hello World","Auto Shields"],"picked":"Conserve Battery","floor":3},{"not_picked":["Sweeping Beam","Recycle"],"picked":"Glacier","floor":4},{"not_picked":["Static Discharge","Coolheaded"],"picked":"FTL","floor":5},{"not_picked":["Reinforced Body","Multi-Cast"],"picked":"Recycle","floor":6},{"not_picked":["Redo","Cold Snap"],"picked":"BootSequence","floor":11},{"not_picked":["Stack","Static Discharge"],"picked":"Chaos","floor":12},{"not_picked":["All For One","Reboot"],"picked":"Creative AI","floor":16},{"not_picked":["Turbo","Beam Cell+1"],"picked":"Chill+1","floor":18},{"not_picked":["Sweeping Beam","Reprogram","Leap"],"picked":"SKIP","floor":22},{"not_picked":["Gash","Aggregate","Reprogram"],"picked":"SKIP","floor":25},{"not_picked":["Hologram","Cold Snap"],"picked":"Biased Cognition","floor":28},{"not_picked":["Redo+1","Beam Cell","Genetic Algorithm"],"picked":"SKIP","floor":30}],"player_experience":315456,"relics_obtained":[{"floor":6,"key":"Boot"},{"floor":9,"key":"MealTicket"},{"floor":21,"key":"Enchiridion"},{"floor":28,"key":"Ornamental Fan"},{"floor":30,"key":"Art of War"}],"event_choices":[{"damage_healed":0,"gold_gain":175,"player_choice":"AGREE","damage_taken":0,"max_hp_gain":0,"max_hp_loss":0,"event_name":"Liars Game","floor":7,"gold_loss":0,"cards_obtained":["Doubt"]},{"damage_healed":0,"gold_gain":0,"player_choice":"Fled","damage_taken":3,"max_hp_gain":0,"max_hp_loss":0,"event_name":"Scrap Ooze","floor":13,"gold_loss":0},{"damage_healed":18,"gold_gain":0,"player_choice":"Healed","damage_taken":0,"max_hp_gain":0,"max_hp_loss":0,"event_name":"The Cleric","floor":14,"gold_loss":35},{"damage_healed":0,"gold_gain":0,"player_choice":"Ignored","damage_taken":0,"max_hp_gain":0,"max_hp_loss":0,"event_name":"Vampires","floor":20,"gold_loss":0},{"damage_healed":0,"gold_gain":0,"player_choice":"Obtained Book","damage_taken":16,"max_hp_gain":0,"max_hp_loss":0,"event_name":"Cursed Tome","floor":21,"gold_loss":0},{"damage_healed":0,"gold_gain":0,"cards_transformed":["Strike_B","Strike_B"],"player_choice":"Became Test Subject","damage_taken":0,"max_hp_gain":0,"max_hp_loss":0,"event_name":"Drug Dealer","floor":24,"gold_loss":0,"cards_obtained":["Core Surge","Go for the Eyes"]}],"is_beta":false,"boss_relics":[{"not_picked":["Ectoplasm","Fusion Hammer"],"picked":"Cursed Key"}],"items_purged_floors":[8],"is_endless":false,"potions_floor_spawned":[4,6,12,16,18,28,30],"killed_by":"Snecko","ascension_level":7}}