{"host":"rykcscnxwcosqdkz","time":1614098114,"event":{"mods":["BaseMod","Conspire","DeckTracker","Downfall","GifTheSpireLib","Hubris","Infinite Spire","JesterMod","Luminous","Minty Spire (QoL Compilation)","Reliquary","Replay The Spire","Shade Mod","StSLib","Stuff the Spire","The Alterego","TheSwordswoman"],"gold_per_floor":[117,36,36,111,111,137,149,149,220,220,231,231,231,245,279,83,83,187,187,201,301,313,332,431,457,474,232,284,284,209,262,262,276,276,378,378,394,113,113,128,146,172,182,182,205,236,246,262,262,107,107,107],"floor_reached":53,"language":"ENG","playtime":3987,"items_purged":["jesterMod:Strike","Normality"],"score":895,"play_id":"516f9e2c-234c-48c5-bec9-3d331f5e1a13","local_time":"20210223173514","is_ascension_mode":false,"campfire_choices":[{"data":"jesterMod:Sickle","floor":10,"key":"SMITH"},{"data":"jesterMod:Mending","floor":17,"key":"SMITH"},{"floor":34,"key":"REST"},{"data":"jesterMod:Flee","floor":44,"key":"SMITH"},{"data":"infinitespire:Collect","floor":51,"key":"SMITH"}],"circlet_count":0,"master_deck":["jesterMod:Strike","jesterMod:Sickle+1","jesterMod:Defend","jesterMod:Defend","jesterMod:Defend","jesterMod:Defend","jesterMod:Dodge","jesterMod:DancingMad","jesterMod:Precipitation+1","jesterMod:DancingMad","jesterMod:Dilapidation","jesterMod:Unleash","jesterMod:Mending+1","jesterMod:Prankster","jesterMod:DancingMad","jesterMod:Prankster","StuffTheSpire:DeathNote","jesterMod:Pause","jesterMod:Placebo","Pot Of Greed","Pot Of Greed","jesterMod:Flee+1","Finesse","infinitespire:Collect+1","Pot Of Greed","jesterMod:Precipitation","jesterMod:Procrastination+1","jesterMod:Pause+1"],"relics":["jesterMod:JesterCap","NeowsBlessing","Counterbalance","StuffTheSpire:CocoNut","Gremlin Horn","Replay:Towering Pillar of Hats","ReplayFunnel","Black Star","jesterMod:BagOfTricks","hubris:ToyBattleship","Bag of Preparation","StuffTheSpire:OldFever","reliquary:Spinner","Sozu","ReplayTheSpireMod:CursedCoin","Grinning Jar","Dream Catcher","Bag of Marbles","hubris:SlimyHat","Tingsha","reliquary:TuningFork","conspire:TopHat"],"acts_visited":["Exordium","TheCity","TheBeyond"],"potions_floor_usage":[],"damage_taken":[{"damage":0,"enemies":"Small Slimes","floor":1,"turns":1},{"damage":0,"enemies":"Lagavulin","floor":6,"turns":2},{"damage":0,"enemies":"2 Louse","floor":7,"turns":1},{"damage":0,"enemies":"Cultist","floor":11,"turns":3},{"damage":5,"enemies":"Looter","floor":14,"turns":3},{"damage":10,"enemies":"3 Sentries","floor":15,"turns":6},{"damage":21,"enemies":"Hexaghost","floor":18,"turns":6},{"damage":15,"enemies":"3 Byrds","floor":20,"turns":3},{"damage":4,"enemies":"Chosen","floor":22,"turns":4},{"damage":10,"enemies":"Shelled Parasite and Fungi","floor":23,"turns":4},{"damage":1,"enemies":"Gremlin Leader","floor":25,"turns":4},{"damage":0,"enemies":"Snecko","floor":26,"turns":3},{"damage":0,"enemies":"Snake Plant","floor":33,"turns":2},{"damage":0,"enemies":"Champ","floor":35,"turns":4},{"damage":0,"enemies":"3 Darklings","floor":37,"turns":2},{"damage":0,"enemies":"3 Shapes","floor":40,"turns":2},{"damage":0,"enemies":"Transient","floor":41,"turns":5},{"damage":0,"enemies":"Nemesis","floor":42,"turns":3},{"damage":2,"enemies":"Writhing Mass","floor":43,"turns":3},{"damage":5,"enemies":"R_Hoarder","floor":46,"turns":3},{"damage":0,"enemies":"Maw","floor":47,"turns":3},{"damage":0,"enemies":"Transient","floor":48,"turns":5},{"damage":0,"enemies":"Transient","floor":49,"turns":1},{"damage":0,"enemies":"Awakened One","floor":52,"turns":3}],"seed_played":"5598481475641119335","potions_obtained":[{"floor":6,"key":"Regen Potion"},{"floor":7,"key":"Strength Potion"},{"floor":15,"key":"Energy Potion"},{"floor":18,"key":"PowerPotion"}],"is_trial":false,"path_per_floor":["M","$","?","?","?","E","M","?","T","R","M","PTL","PTL","M","E","$","R","B",null,"M","?","M","M","?","E","M","$","T","?","?","T","?","M","R","B",null,"M","$","?","M","M","E","M","R","T","E","M","M","?","$","R","B",null],"character_chosen":"THE_JESTER","items_purchased":["jesterMod:Precipitation+1","jesterMod:DancingMad","jesterMod:Prankster","ReplayFunnel","jesterMod:Prankster","Bag of Preparation","ReplayTheSpireMod:CursedCoin","Grinning Jar","jesterMod:Flee","Finesse","conspire:TopHat"],"campfire_rested":1,"item_purchase_floors":[2,2,16,16,27,27,38,38,38,38,50],"current_hp_per_floor":[70,70,70,59,52,52,52,59,59,59,59,59,59,54,44,44,44,23,77,62,62,58,48,48,47,47,47,47,27,27,27,27,27,50,50,77,77,77,58,58,58,58,56,56,56,51,51,51,51,51,51,51],"gold":107,"neow_bonus":"THREE_ENEMY_KILL","is_daily":false,"chose_seed":false,"campfire_upgraded":4,"win_rate":0.0,"timestamp":1614098114,"path_taken":["M","$","?","?","?","E","?","?","T","R","M","PTL","PTL","M","E","?","R","BOSS","M","?","?","M","?","E","M","$","T","?","?","?","?","M","R","BOSS","M","$","?","M","M","E","M","R","T","E","M","M","?","?","R","BOSS"],"items_purchased_type":["Card","Card","Card","Relic","Card","Relic","Relic","Relic","Card","Card","Relic"],"build_version":"2020-12-22","purchased_purges":2,"victory":true,"max_hp_per_floor":[70,70,70,70,70,70,70,77,77,77,77,77,77,77,77,77,77,77,77,77,77,77,77,77,77,77,77,77,77,77,77,77,77,77,77,77,77,77,77,77,77,77,77,77,77,77,77,77,77,77,77,77],"card_choices":[{"not_picked":["jesterMod:Hide","jesterMod:Anticipation"],"picked":"jesterMod:DancingMad","floor":1},{"not_picked":["jesterMod:Loot","jesterMod:DaggerRain","jesterMod:Hide"],"picked":"SKIP","floor":6},{"not_picked":["jesterMod:ButterKnife","jesterMod:LightTheWick","jesterMod:Disposophobia"],"picked":"SKIP","floor":7},{"not_picked":["jesterMod:ButterKnife","jesterMod:OblivionStrike"],"picked":"jesterMod:Dilapidation","floor":11},{"not_picked":["jesterMod:Disposophobia","jesterMod:SwiftDodge"],"picked":"jesterMod:Unleash","floor":14},{"not_picked":["jesterMod:MudBall","jesterMod:JugglerBlade"],"picked":"jesterMod:Mending","floor":15},{"not_picked":["jesterMod:Frenzy+1","jesterMod:PerfectDodge","jesterMod:Rebuff"],"picked":"SKIP","floor":20},{"not_picked":["jesterMod:Frenzy+1","jesterMod:PerfectDodge","jesterMod:Rebuff"],"picked":"SKIP","floor":20},{"not_picked":["jesterMod:Discretion","jesterMod:JackInTheBox","jesterMod:JugglerBlade"],"picked":"SKIP","floor":22},{"not_picked":["jesterMod:DaggerRain","jesterMod:RecklessStrike+1","jesterMod:OblivionStrike"],"picked":"SKIP","floor":23},{"not_picked":["jesterMod:ButterKnife","jesterMod:Exasperation","jesterMod:LightTheWick+1"],"picked":"SKIP","floor":25},{"not_picked":["jesterMod:JackInTheBox","jesterMod:TrickyDodge"],"picked":"jesterMod:DancingMad","floor":26},{"not_picked":["jesterMod:Feint","jesterMod:Prankster+1"],"picked":"jesterMod:Pause","floor":33},{"not_picked":["jesterMod:Momentum","jesterMod:Drunkenness"],"picked":"jesterMod:Placebo","floor":35},{"not_picked":["jesterMod:JackInTheBox+1","jesterMod:RecklessStrike","jesterMod:Schizophrenia"],"picked":"SKIP","floor":37},{"not_picked":["hubris:Rewind","infinitespire:FutureSight"],"picked":"infinitespire:Collect","floor":39},{"not_picked":["jesterMod:FlameDance+1","jesterMod:Feint+1","jesterMod:DancingMad+1"],"picked":"SKIP","floor":40},{"not_picked":["jesterMod:Prankster","jesterMod:Patience"],"picked":"jesterMod:Precipitation","floor":41},{"not_picked":["jesterMod:Hide","jesterMod:Momentum"],"picked":"jesterMod:Procrastination+1","floor":42},{"not_picked":["jesterMod:Patience","jesterMod:SelfMockery+1","jesterMod:JugglerBlade+1"],"picked":"SKIP","floor":43},{"not_picked":["jesterMod:HitAndRun+1","jesterMod:Contradiction","jesterMod:SelfMockery+1"],"picked":"SKIP","floor":46},{"not_picked":["jesterMod:Taunt","jesterMod:Twirl","jesterMod:SelfMockery+1"],"picked":"SKIP","floor":47},{"not_picked":["jesterMod:ButterKnife+1","jesterMod:Prankster"],"picked":"jesterMod:Pause+1","floor":48}],"player_experience":113200,"relics_obtained":[{"floor":6,"key":"Counterbalance"},{"floor":9,"key":"Gremlin Horn"},{"floor":15,"key":"Replay:Towering Pillar of Hats"},{"floor":25,"key":"jesterMod:BagOfTricks"},{"floor":25,"key":"hubris:ToyBattleship"},{"floor":28,"key":"StuffTheSpire:OldFever"},{"floor":31,"key":"reliquary:Spinner"},{"floor":42,"key":"Dream Catcher"},{"floor":42,"key":"Bag of Marbles"},{"floor":45,"key":"hubris:SlimyHat"},{"floor":46,"key":"Tingsha"},{"floor":46,"key":"reliquary:TuningFork"}],"event_choices":[{"damage_healed":0,"gold_gain":0,"player_choice":"Leave","damage_taken":0,"max_hp_gain":0,"max_hp_loss":0,"event_name":"conspire:Investor","floor":3,"gold_loss":0},{"damage_healed":0,"gold_gain":75,"player_choice":"Gather Gold","damage_taken":11,"max_hp_gain":0,"max_hp_loss":0,"event_name":"World of Goop","floor":4,"gold_loss":0},{"damage_healed":0,"gold_gain":0,"player_choice":"Damaged","damage_taken":7,"max_hp_gain":0,"max_hp_loss":0,"event_name":"Wheel of Change","floor":5,"gold_loss":0},{"damage_healed":0,"gold_gain":0,"player_choice":"Gave Potion","damage_taken":0,"relics_obtained":["StuffTheSpire:CocoNut"],"max_hp_gain":0,"max_hp_loss":0,"event_name":"WeMeetAgain","floor":8,"gold_loss":0},{"damage_healed":0,"gold_gain":100,"player_choice":"Pray","damage_taken":0,"max_hp_gain":0,"max_hp_loss":0,"event_name":"Golden Shrine","floor":21,"gold_loss":0},{"damage_healed":0,"gold_gain":99,"player_choice":"Stole From Cult","damage_taken":0,"max_hp_gain":0,"max_hp_loss":0,"event_name":"Nest","floor":24,"gold_loss":0},{"cards_removed":["jesterMod:Strike"],"damage_healed":0,"gold_gain":0,"player_choice":"Gave Gold","damage_taken":0,"max_hp_gain":0,"max_hp_loss":0,"event_name":"Beggar","floor":30,"gold_loss":75},{"damage_healed":0,"gold_gain":0,"player_choice":"Ignored","damage_taken":0,"max_hp_gain":0,"max_hp_loss":0,"event_name":"The Mausoleum","floor":32,"gold_loss":0}],"is_beta":false,"boss_relics":[{"not_picked":["Ring of Chaos","reliquary:WritOfMandamus"],"picked":"Black Star"},{"not_picked":["StuffTheSpire:RunicConfusion","conspire:SlowCooker"],"picked":"Sozu"}],"items_purged_floors":[27,38],"is_endless":false,"potions_floor_spawned":[6,7,15,18,26,35,37,40,42,43,48],"ascension_level":0}}