{"host":"c6u7e77myxvw4d0m","time":1614106622,"event":{"mods":["AchievementEnabler","BaseMod","Bestiary","Colored Map","Colored Powertips","Minty Spire (QoL Compilation)","Rare Cards Sparkle","Relic Stats","everything is the same but u backflip on backflip"],"gold_per_floor":[115,115,127,141,156,156,191,191,191,191,191],"floor_reached":10,"language":"ENG","playtime":381,"items_purged":[],"score":136,"play_id":"5d11766a-5e9b-4ed3-b367-fef7f6655ef6","local_time":"20210223205702","is_ascension_mode":true,"campfire_choices":[{"floor":6,"key":"RECALL"},{"floor":8,"key":"REST"}],"circlet_count":0,"master_deck":["AscendersBane","Strike_G","Strike_G","Strike_G","Strike_G","Strike_G","Defend_G","Defend_G","Defend_G","Defend_G","Defend_G","Survivor","Neutralize","Poisoned Stab","Blade Dance","Bane","Quick Slash","Dash"],"relics":["Fusion Hammer","Gremlin Horn","Frozen Egg 2"],"acts_visited":["Exordium"],"potions_floor_usage":[10],"damage_taken":[{"damage":1,"enemies":"Small Slimes","floor":1,"turns":4},{"damage":1,"enemies":"Cultist","floor":3,"turns":4},{"damage":0,"enemies":"Jaw Worm","floor":4,"turns":3},{"damage":6,"enemies":"Exordium Wildlife","floor":5,"turns":4},{"damage":49,"enemies":"Lagavulin","floor":7,"turns":8},{"damage":22,"enemies":"3 Sentries","floor":10,"turns":6}],"seed_played":"9179688051419226177","potions_obtained":[{"floor":3,"key":"Energy Potion"},{"floor":7,"key":"ColorlessPotion"}],"is_trial":false,"path_per_floor":["M","?","M","M","M","R","E","R","T","E"],"character_chosen":"THE_SILENT","items_purchased":[],"campfire_rested":1,"item_purchase_floors":[],"current_hp_per_floor":[58,58,57,57,51,51,2,21,21,0,0],"gold":191,"neow_bonus":"BOSS_RELIC","is_daily":false,"chose_seed":false,"campfire_upgraded":0,"win_rate":0.0,"timestamp":1614106622,"path_taken":["M","?","?","M","M","R","E","R","T","E"],"items_purchased_type":[],"build_version":"2020-12-22","purchased_purges":0,"victory":false,"max_hp_per_floor":[66,66,66,66,66,66,66,66,66,66,66],"relic_stats":{"Gremlin Horn":[2,2],"counters":[6,29],"obtain_stats":[{"Gremlin Horn":7,"Fusion Hammer":0,"Frozen Egg 2":9,"Ring of the Snake":0},{"Gremlin Horn":5,"Fusion Hammer":0,"Frozen Egg 2":5,"Ring of the Snake":0},{"Gremlin Horn":23,"Fusion Hammer":0,"Frozen Egg 2":23,"Ring of the Snake":0}]},"card_choices":[{"not_picked":["Acrobatics","Dagger Throw"],"picked":"Poisoned Stab","floor":1},{"not_picked":["Slice","Expertise"],"picked":"Blade Dance","floor":3},{"not_picked":["Riddle With Holes","Deflect"],"picked":"Bane","floor":4},{"not_picked":["Dagger Throw","Cloak And Dagger"],"picked":"Quick Slash","floor":5},{"not_picked":["Dagger Spray","Slice"],"picked":"Dash","floor":7}],"player_experience":881640,"relics_obtained":[{"floor":7,"key":"Gremlin Horn"},{"floor":9,"key":"Frozen Egg 2"}],"event_choices":[{"damage_healed":0,"gold_gain":0,"player_choice":"0 cards matched","damage_taken":0,"max_hp_gain":0,"max_hp_loss":0,"event_name":"Match and Keep!","floor":2,"gold_loss":0,"cards_obtained":[]}],"is_beta":false,"boss_relics":[],"items_purged_floors":[],"is_endless":false,"potions_floor_spawned":[3,7],"killed_by":"3 Sentries","ascension_level":20}}