{"host":"i2s4iw62z1dejrqn","time":1614095264,"event":{"mods":["AchievementEnabler","BaseMod","Minty Spire (QoL Compilation)","Random Character Button","SuperFastMode"],"gold_per_floor":[119,99,114,1,76,76,104,104,104,24,24,42,62,95,95,194,194,210,227,241,141,56,83,83,111,111,111,111,140,154,253,253,358,358,368,418,418,95,108,135,76,76,76,91,0,10,10,21,21,21],"floor_reached":51,"language":"KOR","playtime":2760,"items_purged":["Strike_R","Strike_R","Strike_R","Strike_R"],"score":1088,"play_id":"753724bf-7d1f-442a-965e-6d129fed793f","local_time":"20210224004744","is_ascension_mode":true,"campfire_choices":[{"data":"Pommel Strike","floor":6,"key":"SMITH"},{"data":"Infernal Blade","floor":8,"key":"SMITH"},{"data":"Trip","floor":11,"key":"SMITH"},{"data":"Spot Weakness","floor":15,"key":"SMITH"},{"data":"Entrench","floor":24,"key":"SMITH"},{"floor":32,"key":"REST"},{"floor":42,"key":"REST"},{"floor":49,"key":"REST"}],"circlet_count":0,"master_deck":["Strike_R","Defend_R","Defend_R","Defend_R","Defend_R","Bash","Trip+1","Cleave","Pommel Strike+1","Spot Weakness+1","Infernal Blade+1","Entrench+1","Headbutt","Whirlwind","Barricade","Disarm+1","Shrug It Off","Heavy Blade+1","Twin Strike","Rage+1","Fire Breathing","Reaper","Havoc+1","Disarm","Clothesline+1","Power Through","Dark Embrace","Second Wind+1"],"relics":["Burning Blood","The Courier","Pantograph","Strawberry","Velvet Choker","PreservedInsect","Pear","Anchor","Lizard Tail","Toy Ornithopter","Cursed Key","Dead Branch","Mummified Hand","Bottled Lightning","Red Mask"],"acts_visited":["Exordium","TheCity","TheBeyond"],"potions_floor_usage":[7,33,33,33],"damage_taken":[{"damage":1,"enemies":"Cultist","floor":1,"turns":3},{"damage":2,"enemies":"2 Louse","floor":3,"turns":3},{"damage":26,"enemies":"Gremlin Nob","floor":7,"turns":4},{"damage":2,"enemies":"Jaw Worm","floor":12,"turns":2},{"damage":9,"enemies":"Red Slaver","floor":13,"turns":2},{"damage":22,"enemies":"Lagavulin","floor":14,"turns":4},{"damage":61,"enemies":"The Guardian","floor":16,"turns":10},{"damage":9,"enemies":"Shell Parasite","floor":18,"turns":2},{"damage":0,"enemies":"3 Byrds","floor":19,"turns":4},{"damage":24,"enemies":"Cultist and Chosen","floor":20,"turns":5},{"damage":39,"enemies":"Book of Stabbing","floor":23,"turns":5},{"damage":31,"enemies":"Slavers","floor":25,"turns":5},{"damage":23,"enemies":"Gremlin Leader","floor":29,"turns":3},{"damage":14,"enemies":"Centurion and Healer","floor":30,"turns":7},{"damage":90,"enemies":"Collector","floor":33,"turns":10},{"damage":21,"enemies":"3 Shapes","floor":35,"turns":8},{"damage":9,"enemies":"Mind Bloom Boss Battle","floor":36,"turns":9},{"damage":34,"enemies":"3 Darklings","floor":39,"turns":6},{"damage":64,"enemies":"Nemesis","floor":40,"turns":7},{"damage":13,"enemies":"Sphere and 2 Shapes","floor":44,"turns":7},{"damage":16,"enemies":"Transient","floor":46,"turns":5},{"damage":32,"enemies":"Jaw Worm Horde","floor":48,"turns":4},{"damage":75,"enemies":"Awakened One","floor":50,"turns":19}],"seed_played":"-8414254269940161898","potions_obtained":[{"floor":1,"key":"FairyPotion"},{"floor":2,"key":"Weak Potion"},{"floor":14,"key":"FairyPotion"},{"floor":18,"key":"PowerPotion"},{"floor":25,"key":"ColorlessPotion"},{"floor":30,"key":"DistilledChaos"},{"floor":39,"key":"Ancient Potion"},{"floor":40,"key":"SteroidPotion"},{"floor":44,"key":"ElixirPotion"}],"is_trial":false,"path_per_floor":["M","?","M","$","?","R","E","R","T","$","R","M","M","E","R","B",null,"M","M","M","$","?","E","R","E","T","?","$","E","M","?","R","B",null,"M","?","?","$","M","E","$","R","T","M","?","M","?","M","R","B",null],"character_chosen":"IRONCLAD","items_purchased":["Spot Weakness","Mummified Hand","Power Through"],"campfire_rested":3,"item_purchase_floors":[4,38,41],"current_hp_per_floor":[77,77,80,80,69,69,49,49,49,49,49,53,50,41,41,11,68,65,71,53,53,53,30,30,35,35,16,16,29,21,21,51,7,78,70,102,102,102,74,17,17,47,47,40,40,42,42,16,46,20],"gold":21,"neow_bonus":"RANDOM_COLORLESS","is_daily":false,"chose_seed":false,"campfire_upgraded":5,"win_rate":0.0,"timestamp":1614095264,"path_taken":["M","?","?","$","?","R","E","R","T","?","R","M","?","E","R","BOSS","M","M","M","$","?","E","R","E","T","?","$","E","M","?","R","BOSS","M","?","?","$","M","E","$","R","T","?","?","M","?","M","R","BOSS"],"items_purchased_type":["Card","Relic","Card"],"build_version":"2020-12-22","purchased_purges":4,"victory":true,"max_hp_per_floor":[80,80,80,80,80,80,80,80,80,80,80,80,80,87,87,87,87,87,87,87,87,87,97,97,97,97,102,102,102,102,102,102,102,102,102,102,102,102,102,102,102,102,102,102,102,102,102,102,102,102],"card_choices":[{"not_picked":["Purity","Impatience"],"picked":"Trip","floor":0.0},{"not_picked":["Headbutt","Combust"],"picked":"Cleave","floor":1},{"not_picked":["Anger","Havoc"],"picked":"Pommel Strike","floor":3},{"not_picked":["Searing Blow","Combust"],"picked":"Infernal Blade","floor":7},{"not_picked":["Flex","Dual Wield"],"picked":"Entrench","floor":12},{"not_picked":["Wild Strike","Thunderclap"],"picked":"Headbutt","floor":13},{"not_picked":["Clash","Sentinel"],"picked":"Whirlwind","floor":14},{"not_picked":["Berserk","Double Tap"],"picked":"Barricade","floor":16},{"not_picked":["Perfected Strike","Dark Embrace","True Grit"],"picked":"SKIP","floor":18},{"not_picked":["Fire Breathing","Anger"],"picked":"Disarm+1","floor":19},{"not_picked":["Cleave+1","Bloodletting+1"],"picked":"Shrug It Off","floor":20},{"not_picked":["Immolate","Ghostly Armor"],"picked":"Heavy Blade+1","floor":23},{"not_picked":["Dark Embrace","Havoc"],"picked":"Twin Strike","floor":25},{"not_picked":["Rampage","Twin Strike"],"picked":"Rage+1","floor":29},{"not_picked":["Pommel Strike","Anger"],"picked":"Fire Breathing","floor":30},{"not_picked":["Juggernaut","Demon Form"],"picked":"Reaper","floor":33},{"not_picked":["Heavy Blade","Thunderclap"],"picked":"Havoc+1","floor":35},{"not_picked":["Clash","Clothesline"],"picked":"Disarm","floor":36},{"not_picked":["Flex","Wild Strike+1"],"picked":"Clothesline+1","floor":39},{"not_picked":["Seeing Red","Cleave+1","Clash"],"picked":"SKIP","floor":40},{"not_picked":["Juggernaut","True Grit"],"picked":"Dark Embrace","floor":44},{"not_picked":["Sword Boomerang","Wild Strike+1","Seeing Red"],"picked":"SKIP","floor":46},{"not_picked":["Anger+1","Havoc+1"],"picked":"Second Wind+1","floor":48}],"player_experience":493816,"relics_obtained":[{"floor":7,"key":"The Courier"},{"floor":9,"key":"Pantograph"},{"floor":14,"key":"Strawberry"},{"floor":23,"key":"Pear"},{"floor":25,"key":"Anchor"},{"floor":26,"key":"Lizard Tail"},{"floor":29,"key":"Toy Ornithopter"},{"floor":36,"key":"Dead Branch"},{"floor":40,"key":"Bottled Lightning"}],"event_choices":[{"damage_healed":0,"gold_gain":0,"player_choice":"Bought 1 Potion","damage_taken":0,"max_hp_gain":0,"max_hp_loss":0,"event_name":"The Woman in Blue","floor":2,"gold_loss":0},{"damage_healed":0,"gold_gain":75,"player_choice":"Gather Gold","damage_taken":11,"max_hp_gain":0,"max_hp_loss":0,"event_name":"World of Goop","floor":5,"gold_loss":0},{"damage_healed":0,"gold_gain":0,"player_choice":"Obtained Relic","damage_taken":0,"relics_obtained":["PreservedInsect"],"max_hp_gain":0,"max_hp_loss":0,"event_name":"Addict","floor":22,"gold_loss":85},{"damage_healed":0,"gold_gain":0,"player_choice":"Shed Blood","damage_taken":24,"max_hp_gain":5,"max_hp_loss":0,"event_name":"Forgotten Altar","floor":27,"gold_loss":0},{"damage_healed":0,"gold_gain":99,"player_choice":"Stole From Cult","damage_taken":0,"max_hp_gain":0,"max_hp_loss":0,"event_name":"Nest","floor":31,"gold_loss":0},{"damage_healed":0,"gold_gain":0,"player_choice":"Fight","damage_taken":0,"max_hp_gain":0,"max_hp_loss":0,"event_name":"MindBloom","floor":36,"gold_loss":0},{"damage_healed":0,"gold_gain":0,"player_choice":"Ignored","damage_taken":0,"max_hp_gain":0,"max_hp_loss":0,"event_name":"SecretPortal","floor":37,"gold_loss":0},{"damage_healed":0,"gold_gain":0,"player_choice":"Paid","damage_taken":0,"relics_obtained":["Red Mask"],"max_hp_gain":0,"max_hp_loss":0,"event_name":"Tomb of Lord Red Mask","floor":45,"gold_loss":91},{"damage_healed":0,"gold_gain":0,"player_choice":"Ignored","damage_taken":0,"max_hp_gain":0,"max_hp_loss":0,"event_name":"The Moai Head","floor":47,"gold_loss":0}],"is_beta":false,"boss_relics":[{"not_picked":["Fusion Hammer","Runic Cube"],"picked":"Velvet Choker"},{"not_picked":["Coffee Dripper","Snecko Eye"],"picked":"Cursed Key"}],"items_purged_floors":[4,10,21,38],"is_endless":false,"potions_floor_spawned":[1,14,18,25,30,39,40,44,48],"ascension_level":9}}