{"host":"j2lclbvdfoh0nnbr","time":1614083071,"event":{"mods":["ATMod(∞¢Ë™Mod)","Aspiration","BaseMod","Downfall","Library of Ruina","Lobotomy","LobotomyExtend","Minty Spire (QoL Compilation)","Reimu£®≤©¿ˆ¡È√Œ£©","Replay The Spire","StSLib","The Animator","The Bug Knight","Waifu the Spire","[IsaacMod]“‘»ˆº‚À˛"],"gold_per_floor":[120,120,70,82,132,158,158,173,199,199,49,49,65,100,100,202,202,216,216,141,141,141,141,160,188,188,88,107,117,133,147,147,244,244,254,254,254],"floor_reached":36,"language":"ZHS","playtime":3213,"items_purged":["LightAttack","LightAttack","LightDefense"],"score":817,"play_id":"aa10e4d8-a21d-430a-972f-360323ed5b29","local_time":"20210223202431","is_ascension_mode":false,"campfire_choices":[{"floor":7.0,"key":"REST"},{"data":"FormingStorm","floor":12.0,"key":"SMITH"},{"data":"AT_FamilyPortrait","floor":15.0,"key":"SMITH"},{"data":"SunsetBlade","floor":23.0,"key":"SMITH"},{"data":"FlamingDragonFist","floor":32,"key":"SMITH"}],"circlet_count":0,"master_deck":["Dodge","LightDefense","LightDefense+1","LightDefense+1","ChargeAndCover","FocusedStrikes","AT_FamilyPortrait+1","Thirst","FlamingDragonFist+1","TieShanKao","YoureTooSlow","LawAndOrder","FormingStorm+1","Brawl","GatherIntel","Deflect_lor","CurseOfTheBell","SunsetBlade+1","SinglePointStab+1","CoordinatedAssault+1","InnerArdor+1","CumulusWall+1","CrackOfDawn","AbeCurse"],"relics":["PageOfLibrarian","AT_ATBox","HushsDoor","aspiration:Nostalgia","champ:ChampionCrown","BelialBook","LetterFromLob","UnicornStump","Happy Flower","PreservedInsect","PageOfSpiderBud","ReplayTheSpireMod:TigerMarble","HollowMod:PaleOreRelic","Calling Bell","PageOfAspirationHeart","Toxic Egg 2","Replay:Wax Seal","PageOfMercenary","Ginger","Abe\u0027s Treasure","LaetitiaHeart"],"acts_visited":["Exordium","TheCity","TheBeyond"],"potions_floor_usage":[35],"damage_taken":[{"damage":1.0,"enemies":"Jaw Worm","floor":1.0,"turns":3.0},{"damage":0.0,"enemies":"Small Slimes","floor":4.0,"turns":4.0},{"damage":5.0,"enemies":"Hiden Room Battle","floor":5.0,"turns":4.0},{"damage":25.0,"enemies":"3 Sentries","floor":6.0,"turns":5.0},{"damage":0.0,"enemies":"2 Louse","floor":8.0,"turns":2.0},{"damage":0.0,"enemies":"Lots of Slimes","floor":13.0,"turns":3.0},{"damage":0.0,"enemies":"HollowMod:MossKnight","floor":14.0,"turns":3.0},{"damage":0.0,"enemies":"The Guardian","floor":16.0,"turns":2.0},{"damage":6.0,"enemies":"Spheric Guardian","floor":18.0,"turns":3.0},{"damage":7,"enemies":"Shell Parasite","floor":24,"turns":3},{"damage":21,"enemies":"Book of Stabbing","floor":25,"turns":3},{"damage":6,"enemies":"Centurion and Healer","floor":28,"turns":3},{"damage":0,"enemies":"Chosen and Byrds","floor":29,"turns":4},{"damage":1,"enemies":"Snake Plant","floor":30,"turns":2},{"damage":25,"enemies":"Snecko","floor":31,"turns":3},{"damage":7,"enemies":"Pondfish","floor":33,"turns":6},{"damage":21,"enemies":"3 Shapes","floor":35,"turns":3},{"damage":0,"enemies":"3 Shapes","floor":36,"turns":1},{"damage":0,"enemies":"3 Shapes","floor":36,"turns":1},{"damage":0,"enemies":"3 Shapes","floor":36,"turns":1},{"damage":0,"enemies":"3 Shapes","floor":36,"turns":1}],"seed_played":"-8104919081585880751","potions_obtained":[{"floor":4.0,"key":"GamblersBrew"},{"floor":5.0,"key":"Weak Potion"},{"floor":8.0,"key":"Venom Potion"}],"is_trial":false,"path_per_floor":["M","?","?","M","?","E","R","M","T","?","$","R","M","E","R","B",null,"M","?","$","?","?","R","M","E","T","$","M","M","M","M","R","B",null,"M","?"],"character_chosen":"Librarian","items_purchased":["ReplayTheSpireMod:TigerMarble"],"campfire_rested":1,"item_purchase_floors":[11],"current_hp_per_floor":[59,47,47,47,42,17,42,42,42,42,42,42,57,63,63,66,77,74,74,74,74,67,67,63,45,45,45,45,51,57,35,35,40,77,65,0,0],"gold":254,"neow_bonus":"NOSTALGIA","is_daily":false,"chose_seed":false,"campfire_upgraded":4,"win_rate":0.0,"timestamp":1614083071,"path_taken":["M","?","?","M","?","E","R","M","T","?","$","R","?","E","R","BOSS","M","?","$","?","?","R","?","E","T","?","M","?","M","M","R","BOSS","M","?"],"items_purchased_type":["Relic"],"build_version":"2020-12-22","purchased_purges":3,"victory":false,"max_hp_per_floor":[62,62,62,85,61,78,85,78,78,78,78,85,77,68,77,77,77,77,77,77,77,77,77,77,82,82,82,82,82,82,82,82,82,77,77,77,77],"card_choices":[{"not_picked":[],"picked":"Bomb","floor":0.0},{"not_picked":["FieryDragonSlash","IngredientHunt","Track","TrimTheIngredients","SmokingPipe","MultiHit","UnavoidableGaze","YoureAHindrance"],"picked":"Thirst","floor":1.0},{"not_picked":["FieryWaltz","Overpower","StrongStrike","ChiWen","SerpentSwordTechnique","GuardingStance","Parry","GuidanceOfTheGears"],"picked":"FlamingDragonFist","floor":4.0},{"not_picked":["GuardingStance","ViolentFlame","LossOfSenses","SerpentSwordTechnique","MultiBlock","EnergyShield","BackAttack","StrikeDown"],"picked":"TieShanKao","floor":5.0},{"not_picked":["SnakesPrey","NightInTheBackstreets","Reload","FaintMemories","FleetEdge","Quickness","Castigation","BattleCommand"],"picked":"YoureTooSlow","floor":6.0},{"not_picked":["Transpierce","Parry","GrazeTheGrass","UndertakePrescript","SharpSwipe","EnergyShield","SinglePointStab","Retaliate"],"picked":"LawAndOrder","floor":8.0},{"not_picked":["TendonChords","SnakesPrey","GreatSerpentsImpact","CoordinatedAssault","HiddenBlade","BattleCommand","VioletBlade","HighKick"],"picked":"Brawl","floor":13.0},{"not_picked":["PreemptiveStrike","HighKick","SnakesPrey","CleanUp","Reload","VioletBlade","NightInTheBackstreets","WaitUp"],"picked":"GatherIntel","floor":14.0},{"not_picked":["Tttonst","Suppress"],"picked":"Deflect_lor","floor":16.0},{"not_picked":["FrontalAssault+1","UnavoidableGaze+1","AGoldenOpportunity+1","ICanCookAnything","Parry2","Diversion+1","Multislash","BlazingStrike"],"picked":"SunsetBlade","floor":18.0},{"not_picked":["ClassAndRespect","KeepItFresh","TendonChords+1","BiteOff","ExtremeEdge","NightInTheBackstreets","StrikeDown","FleshFillet"],"picked":"SinglePointStab","floor":24},{"not_picked":["FleetEdge+1","Thrust","EnergyStrike","ScatteringSlash+1","Overpower+1","Reload+1","Multislash","ElectricShock"],"picked":"CoordinatedAssault+1","floor":25},{"not_picked":["Wallop_lor+1","BackAttack+1","AutomatedMovement+1","SnakesPrey","Preparation+1","ShockingBlow","Commandeering+1","Leap_lor+1"],"picked":"InnerArdor+1","floor":28},{"not_picked":["AsThePrescriptOrders+1","DesperateStruggle+1","UnavoidableGaze+1","BiAn+1","EnergyStrike","SpearedSweep","Pound","BayonetCombat","Wallop_lor"],"picked":"SKIP","floor":29},{"not_picked":["SteelKnuckles","Castigation","Clone+1","CoordinatedAssault+1","DesperateStruggle","GrazeTheGrass","StrongStrike","TieShanKao","StrikeDown+1"],"picked":"SKIP","floor":30},{"not_picked":["CoordinatedAssault+1","SerpentSwordTechnique+1","FeelinGood","UnavoidableGaze+1","SpearedSweep+1","MultiBlock+1","Reload+1","StructuralAnalysis+1"],"picked":"CumulusWall+1","floor":31},{"not_picked":["Cruelty","Commandeering+1"],"picked":"CrackOfDawn","floor":33},{"not_picked":["Tttonst+1","Quickness+1","GreatSerpentsImpact+1","DirtyBlow","InkOver+1","ForTheFamily","Wallop_lor+1","BiAn+1","Parry+1"],"picked":"SKIP","floor":35}],"player_experience":348034,"relics_obtained":[{"floor":1.0,"key":"LetterFromLob"},{"floor":5.0,"key":"UnicornStump"},{"floor":5.0,"key":"Happy Flower"},{"floor":6.0,"key":"PreservedInsect"},{"floor":9.0,"key":"PageOfSpiderBud"},{"floor":14.0,"key":"HollowMod:PaleOreRelic"},{"floor":17.0,"key":"PageOfAspirationHeart"},{"floor":17.0,"key":"Toxic Egg 2"},{"floor":17.0,"key":"Replay:Wax Seal"},{"floor":25,"key":"PageOfMercenary"},{"floor":26,"key":"Ginger"}],"event_choices":[{"damage_healed":0.0,"max_hp_gain":0.0,"max_hp_loss":0.0,"gold_gain":0.0,"event_name":"Shining Light","player_choice":"Entered Light","floor":2.0,"gold_loss":0.0,"damage_taken":12.0,"cards_upgraded":["LightDefense","LightDefense"]},{"cards_removed":["LightAttack"],"damage_healed":0.0,"max_hp_gain":0.0,"max_hp_loss":0.0,"gold_gain":0.0,"event_name":"The Cleric","player_choice":"Card Removal","floor":3.0,"gold_loss":50.0,"damage_taken":0.0},{"damage_healed":0.0,"max_hp_gain":0.0,"max_hp_loss":0.0,"gold_gain":0.0,"event_name":"HidenRoomEvent","player_choice":"Fight","floor":5.0,"gold_loss":0.0,"damage_taken":0.0},{"damage_healed":0.0,"max_hp_gain":0.0,"max_hp_loss":0.0,"gold_gain":0.0,"event_name":"Match and Keep!","player_choice":"1 cards matched","floor":10.0,"gold_loss":0.0,"damage_taken":0.0,"cards_obtained":["FormingStorm"]},{"damage_healed":0.0,"max_hp_gain":0.0,"max_hp_loss":0.0,"gold_gain":0.0,"event_name":"Wheel of Change","player_choice":"Damaged","floor":22.0,"gold_loss":0.0,"damage_taken":7.0}],"is_beta":false,"boss_relics":[{"not_picked":["aspiration:RunicSpoon","Runic Pyramid"],"picked":"Calling Bell"},{"not_picked":[]},{"not_picked":["Replay:Drink Me","aspiration:IroncladSkillbook"],"picked":"Abe\u0027s Treasure"},{"not_picked":[]}],"items_purged_floors":[20,27,34],"is_endless":false,"potions_floor_spawned":[4,5,8,25,31,33,36],"killed_by":"3 Shapes","ascension_level":0}}