{"host":"jgl9m63d23sfproq","time":1614074056,"event":{"mods":["Act Like it!","Aspiration","Bard","BaseMod","Bossed Relics","Colored Map","Conspire","Dark Map","DeckTracker","Downfall","Friendly Minions","Gensokyo","Jedi Mod","Marisa¡]Ãú«B¡@Å]²z¨F¡^","Minty Spire (QoL Compilation)","Reliquary","Replay The Spire","Shop Mod","Smile Girya","StSLib","The Blackbeard","The Construct","The Jungle","The Mystic","The Runesmith","The Servant 0.9.4","Wide Potions","Yuyuko"],"gold_per_floor":[111,111,127,127,139,139,102,118,118,95,95,106,139,164,176,287,299,328,340,352,384,396,396],"floor_reached":22,"language":"ZHS","playtime":741,"items_purged":[],"score":186,"play_id":"18bc39d3-d1bf-44f6-a721-3f5eb888d67d","local_time":"20210223175416","is_ascension_mode":false,"campfire_choices":[{"floor":6,"key":"RECALL"},{"floor":15,"key":"REST"}],"circlet_count":0,"master_deck":["Strike_G","Strike_G","Strike_G","Strike_G","Defend_G","Defend_G","Defend_G","Defend_G","Defend_G","Survivor","Neutralize","jedi:pocketpoison+1","Infinite Blades","Caltrops","Slice","Prepared","Accuracy","Blade Dance","conspire:DoublingDagger","Cloak And Dagger","Blade Dance"],"relics":["Ring of the Snake","NeowsBlessing","Mummified Hand","MawBank","Honey Jar","Ring of Panic"],"acts_visited":["Exordium","TheCity"],"potions_floor_usage":[13,13],"damage_taken":[{"damage":0,"enemies":"Jaw Worm","floor":1,"turns":1},{"damage":0,"enemies":"Cultist","floor":3,"turns":1},{"damage":0,"enemies":"2 Louse","floor":5,"turns":1},{"damage":21,"enemies":"Exordium Thugs","floor":8,"turns":5},{"damage":10,"enemies":"Looter","floor":12,"turns":3},{"damage":27,"enemies":"Lagavulin","floor":13,"turns":6},{"damage":0,"enemies":"Large Slime","floor":14,"turns":3},{"damage":21,"enemies":"Hexaghost","floor":16,"turns":8},{"damage":13,"enemies":"Spheric Guardian","floor":18,"turns":4},{"damage":0,"enemies":"3 Byrds","floor":21,"turns":5},{"damage":30,"enemies":"conspire:HollyBat","floor":22,"turns":6}],"seed_played":"5708138406770197278","potions_obtained":[{"floor":1,"key":"Fire Potion"},{"floor":12,"key":"FearPotion"},{"floor":21,"key":"DistilledChaos"}],"is_trial":false,"path_per_floor":["M","?","M","?","M","R","$","M","T","$","T","M","E","M","R","B",null,"M","?","?","M","M"],"character_chosen":"THE_SILENT","items_purchased":["Caltrops","Prepared"],"campfire_rested":1,"item_purchase_floors":[7,10],"current_hp_per_floor":[70,70,70,70,70,70,70,49,49,49,49,39,12,12,33,12,70,57,57,57,57,27,27],"gold":396,"neow_bonus":"THREE_ENEMY_KILL","is_daily":false,"chose_seed":false,"campfire_upgraded":0,"win_rate":0.0,"timestamp":1614074056,"path_taken":["M","?","?","?","M","R","?","M","T","$","?","?","E","M","R","BOSS","M","?","?","M","M"],"items_purchased_type":["Card","Card"],"build_version":"2020-12-22","purchased_purges":0,"victory":false,"max_hp_per_floor":[70,70,70,70,70,70,70,70,70,70,70,70,70,70,70,70,70,70,70,70,70,70,70],"card_choices":[{"not_picked":["Skewer","Bane"],"picked":"jedi:pocketpoison","floor":1},{"not_picked":["Dodge and Roll","ReplayTheSpireMod:Exploit Weakness"],"picked":"Infinite Blades","floor":3},{"not_picked":["Distraction","Outmaneuver","Quick Slash"],"picked":"SKIP","floor":5},{"not_picked":["Underhanded Strike","Dagger Spray"],"picked":"Slice","floor":8},{"not_picked":["Blade Dance","Dagger Throw"],"picked":"Accuracy","floor":12},{"not_picked":["Eviscerate","All Out Attack"],"picked":"Blade Dance","floor":13},{"not_picked":["Caltrops","Underhanded Strike"],"picked":"conspire:DoublingDagger","floor":14},{"not_picked":["Acrobatics","Bouncing Flask","ReplayTheSpireMod:Shiv Toss"],"picked":"Cloak And Dagger","floor":18},{"not_picked":["ReplayTheSpireMod:The Works","Backflip","PiercingWail"],"picked":"Blade Dance","floor":21}],"player_experience":57571,"relics_obtained":[{"floor":9,"key":"Mummified Hand"},{"floor":13,"key":"MawBank"},{"floor":19,"key":"Ring of Panic"}],"event_choices":[{"damage_healed":0,"gold_gain":0,"player_choice":"Upgraded","damage_taken":0,"max_hp_gain":0,"max_hp_loss":0,"event_name":"Upgrade Shrine","floor":2,"gold_loss":0,"cards_upgraded":["jedi:pocketpoison"]},{"cards_removed":["Hallucinations"],"damage_healed":0,"gold_gain":0,"player_choice":"Purged","damage_taken":0,"max_hp_gain":0,"max_hp_loss":0,"event_name":"Purifier","floor":20,"gold_loss":0}],"is_beta":false,"boss_relics":[{"not_picked":["Snecko Scales","Runic Dome"],"picked":"Honey Jar"}],"items_purged_floors":[],"is_endless":false,"potions_floor_spawned":[1,8,12,21],"killed_by":"conspire:HollyBat","ascension_level":0}}