{"host":"l3lzhw5qete3bz2v","time":1614055829,"event":{"mods":["BaseMod","Colored Map","Colored Powertips","Minty Spire (QoL Compilation)","StSLib","SuperFastMode"],"gold_per_floor":[119,119,119,49,70,105,105,145,145,145,189,189,15,51,51,170,170,191,211,231,231,250,293,293,337,337,355,355,370,370,405,405,531,531,577,577,624,624,254,279,291,336,428,474,529,541,564,603,615,627],"floor_reached":51,"language":"JPN","playtime":4054,"items_purged":["Strike_P+1"],"score":1494,"play_id":"8251b46c-11fb-411f-b597-8273a55c5279","local_time":"20210223135029","is_ascension_mode":true,"campfire_choices":[{"data":"CutThroughFate","floor":7.0,"key":"SMITH"},{"data":"MentalFortress","floor":10.0,"key":"SMITH"},{"data":"SashWhip","floor":12.0,"key":"SMITH"},{"data":"Wallop","floor":15.0,"key":"SMITH"},{"data":"FlurryOfBlows","floor":24.0,"key":"SMITH"},{"data":"BowlingBash","floor":28.0,"key":"SMITH"},{"data":"Wish","floor":32.0,"key":"SMITH"},{"floor":41.0,"key":"RECALL"},{"data":"1","floor":46.0,"key":"LIFT"},{"data":"2","floor":49.0,"key":"LIFT"}],"circlet_count":0,"master_deck":["Strike_P+1","Strike_P+1","Strike_P+1","Defend_P+1","Defend_P+1","Defend_P+1","Eruption+1","Vigilance+1","CutThroughFate+1","FearNoEvil+1","MentalFortress+1","Wallop+1","SashWhip+1","Adaptation+1","LessonLearned+1","Blasphemy+1","CrushJoints+1","EmptyBody+1","FlurryOfBlows+1","BowlingBash+1","FlurryOfBlows+1","ClearTheMind+1","Wish+1","SpiritShield+1","EmptyFist+1","LikeWater+1","Tantrum"],"relics":["PureWater","NeowsBlessing","Bloody Idol","Incense Burner","War Paint","Bottled Tornado","Yang","HornCleat","Runic Pyramid","Blood Vial","Pen Nib","Thread and Needle","Regal Pillow","SlaversCollar","Membership Card","Anchor","Omamori","MawBank","Eternal Feather","Kunai","Girya","Unceasing Top"],"acts_visited":["Exordium","TheCity","TheBeyond"],"potions_floor_usage":[50,50],"damage_taken":[{"damage":0.0,"enemies":"2 Louse","floor":1.0,"turns":1.0},{"damage":0.0,"enemies":"Cultist","floor":5.0,"turns":1.0},{"damage":0.0,"enemies":"3 Sentries","floor":6.0,"turns":1.0},{"damage":20.0,"enemies":"Gremlin Nob","floor":8.0,"turns":3.0},{"damage":4.0,"enemies":"Lagavulin","floor":11.0,"turns":7.0},{"damage":12.0,"enemies":"3 Sentries","floor":14.0,"turns":10.0},{"damage":8.0,"enemies":"Hexaghost","floor":16.0,"turns":11.0},{"damage":0.0,"enemies":"Spheric Guardian","floor":18.0,"turns":3.0},{"damage":0.0,"enemies":"Chosen","floor":19.0,"turns":3.0},{"damage":0.0,"enemies":"3 Cultists","floor":20.0,"turns":4.0},{"damage":2.0,"enemies":"Snake Plant","floor":22.0,"turns":3.0},{"damage":0.0,"enemies":"Gremlin Leader","floor":23.0,"turns":4.0},{"damage":0.0,"enemies":"Slavers","floor":25.0,"turns":8.0},{"damage":0.0,"enemies":"Snecko","floor":27.0,"turns":4.0},{"damage":5.0,"enemies":"Centurion and Healer","floor":29.0,"turns":3.0},{"damage":0.0,"enemies":"Gremlin Leader","floor":31.0,"turns":5.0},{"damage":0.0,"enemies":"Collector","floor":33.0,"turns":7.0},{"damage":0.0,"enemies":"3 Shapes","floor":35.0,"turns":4.0},{"damage":1.0,"enemies":"Orb Walker","floor":37.0,"turns":4.0},{"damage":3.0,"enemies":"Reptomancer","floor":40.0,"turns":4.0},{"damage":0.0,"enemies":"Giant Head","floor":42.0,"turns":6.0},{"damage":19.0,"enemies":"Reptomancer","floor":44.0,"turns":4.0},{"damage":3.0,"enemies":"4 Shapes","floor":45.0,"turns":6.0},{"damage":0.0,"enemies":"Transient","floor":47.0,"turns":5.0},{"damage":0.0,"enemies":"Giant Head","floor":48.0,"turns":5.0},{"damage":0,"enemies":"Time Eater","floor":50,"turns":6}],"seed_played":"5855106749525238259","potions_obtained":[{"floor":5.0,"key":"Weak Potion"},{"floor":16.0,"key":"Dexterity Potion"},{"floor":20.0,"key":"Ambrosia"},{"floor":23.0,"key":"PowerPotion"},{"floor":25.0,"key":"BlessingOfTheForge"},{"floor":29.0,"key":"SkillPotion"},{"floor":40.0,"key":"Fruit Juice"},{"floor":45.0,"key":"Weak Potion"}],"is_trial":false,"path_per_floor":["M","?","?","?","M","E","R","E","T","R","E","R","$","E","R","B",null,"M","M","M","?","M","E","R","E","T","M","R","M","?","E","R","B",null,"M","?","M","?","$","E","R","E","T","E","M","R","M","E","R","B",null],"character_chosen":"WATCHER","items_purchased":["Adaptation","EntropicBrew","Membership Card","Anchor","Omamori","Explosive Potion"],"campfire_rested":0,"item_purchase_floors":[13,13,39,39,39,39],"current_hp_per_floor":[65,65,52,52,52,52,52,32,32,32,28,28,28,31,31,23,56,56,56,56,56,54,54,54,56,56,58,58,55,55,62,62,67,67,67,67,67,67,67,67,67,67,67,53,67,67,67,67,67,72],"gold":639,"neow_bonus":"THREE_ENEMY_KILL","is_daily":false,"chose_seed":false,"campfire_upgraded":7,"win_rate":0.0,"timestamp":1614055829,"path_taken":["M","?","?","?","?","E","R","E","T","R","E","R","$","E","R","BOSS","M","M","M","?","M","E","R","E","T","M","R","M","?","E","R","BOSS","M","?","M","?","$","E","R","E","T","E","M","R","M","E","R","BOSS"],"items_purchased_type":["Card","Potion","Relic","Relic","Relic","Potion"],"build_version":"2020-12-22","purchased_purges":1,"victory":true,"max_hp_per_floor":[72,67,67,67,67,67,67,67,67,67,67,67,67,67,67,67,67,67,67,67,67,67,67,67,67,67,67,67,67,67,67,67,67,67,67,67,67,67,67,67,67,67,67,67,67,67,67,67,67,72],"card_choices":[{"not_picked":["MentalFortress","EmptyBody"],"picked":"CutThroughFate","floor":1.0},{"not_picked":["Protect","SignatureMove"],"picked":"FearNoEvil","floor":5.0},{"not_picked":["Sanctity","LikeWater"],"picked":"MentalFortress","floor":6.0},{"not_picked":["Crescendo","Halt"],"picked":"Wallop","floor":8.0},{"not_picked":["ReachHeaven","InnerPeace"],"picked":"SashWhip","floor":11.0},{"not_picked":["SashWhip","EmptyFist"],"picked":"LessonLearned","floor":14.0},{"not_picked":["DeusExMachina","DevaForm"],"picked":"Blasphemy","floor":16.0},{"not_picked":["FlurryOfBlows+1","Swivel"],"picked":"CrushJoints","floor":18.0},{"not_picked":["ForeignInfluence","Prostrate+1"],"picked":"EmptyBody+1","floor":19.0},{"not_picked":["ClearTheMind","PathToVictory","CrushJoints"],"picked":"SKIP","floor":20.0},{"not_picked":["ThirdEye","CutThroughFate"],"picked":"FlurryOfBlows","floor":22.0},{"not_picked":["ThirdEye","Sanctity","JustLucky+1"],"picked":"SKIP","floor":23.0},{"not_picked":["EmptyBody","Scrawl"],"picked":"BowlingBash","floor":25.0},{"not_picked":["CarveReality","InnerPeace"],"picked":"FlurryOfBlows","floor":27.0},{"not_picked":["EmptyMind","FlyingSleeves"],"picked":"ClearTheMind+1","floor":29.0},{"not_picked":["ClearTheMind","EmptyFist"],"picked":"Wish","floor":31.0},{"not_picked":["LessonLearned","Scrawl"],"picked":"SpiritShield","floor":33.0},{"not_picked":["Protect","EmptyBody+1","EmptyMind+1"],"picked":"SKIP","floor":35.0},{"not_picked":["InnerPeace","BowlingBash","Vengeance+1"],"picked":"SKIP","floor":37.0},{"not_picked":["Pray+1","ForeignInfluence+1","Consecrate"],"picked":"SKIP","floor":40.0},{"not_picked":["DeceiveReality+1","Fasting2","SashWhip"],"picked":"SKIP","floor":42.0},{"not_picked":["ThirdEye+1","Sanctity+1"],"picked":"EmptyFist+1","floor":44.0},{"not_picked":["WreathOfFlame+1","CarveReality+1"],"picked":"LikeWater","floor":45.0},{"not_picked":["FlurryOfBlows+1","CutThroughFate+1"],"picked":"Tantrum","floor":47.0},{"not_picked":["Evaluate","Ragnarok","Protect"],"picked":"SKIP","floor":48.0}],"player_experience":160642,"relics_obtained":[{"floor":6.0,"key":"War Paint"},{"floor":8.0,"key":"Bottled Tornado"},{"floor":9.0,"key":"Yang"},{"floor":14.0,"key":"HornCleat"},{"floor":23.0,"key":"Blood Vial"},{"floor":25.0,"key":"Pen Nib"},{"floor":26.0,"key":"Thread and Needle"},{"floor":31.0,"key":"Regal Pillow"},{"floor":40.0,"key":"MawBank"},{"floor":42.0,"key":"Eternal Feather"},{"floor":43.0,"key":"Kunai"},{"floor":44.0,"key":"Girya"},{"floor":48.0,"key":"Unceasing Top"}],"event_choices":[{"damage_healed":0.0,"max_hp_gain":0.0,"max_hp_loss":5.0,"gold_gain":0.0,"event_name":"Golden Idol","player_choice":"Lose Max HP","floor":2.0,"gold_loss":0.0,"damage_taken":0.0,"relics_obtained":["Golden Idol"]},{"damage_healed":0.0,"max_hp_gain":0.0,"max_hp_loss":0.0,"gold_gain":0.0,"event_name":"Shining Light","player_choice":"Entered Light","floor":3.0,"gold_loss":0.0,"damage_taken":13.0,"cards_upgraded":["Strike_P","Defend_P"]},{"damage_healed":0.0,"max_hp_gain":0.0,"max_hp_loss":0.0,"gold_gain":0.0,"event_name":"WeMeetAgain","player_choice":"Paid Gold","floor":4.0,"gold_loss":70.0,"damage_taken":0.0,"relics_obtained":["Incense Burner"]},{"damage_healed":0.0,"max_hp_gain":0.0,"max_hp_loss":0.0,"gold_gain":0.0,"event_name":"The Mausoleum","player_choice":"Ignored","floor":21.0,"gold_loss":0.0,"damage_taken":0.0},{"damage_healed":0.0,"max_hp_gain":0.0,"max_hp_loss":0.0,"gold_gain":0.0,"event_name":"Forgotten Altar","player_choice":"Gave Idol","floor":30.0,"relics_lost":["Golden Idol"],"gold_loss":0.0,"damage_taken":0.0,"relics_obtained":["Bloody Idol"]},{"cards_removed":["Defend_P"],"damage_healed":0.0,"max_hp_gain":0.0,"max_hp_loss":0.0,"gold_gain":0.0,"event_name":"Falling","player_choice":"Removed Skill","floor":36.0,"gold_loss":0.0,"damage_taken":0.0},{"damage_healed":0.0,"max_hp_gain":0.0,"max_hp_loss":0.0,"gold_gain":0.0,"event_name":"Upgrade Shrine","player_choice":"Ignored","floor":38.0,"gold_loss":0.0,"damage_taken":0.0}],"is_beta":false,"boss_relics":[{"not_picked":["Ectoplasm","Black Star"],"picked":"Runic Pyramid"},{"not_picked":["HolyWater","Tiny House"],"picked":"SlaversCollar"}],"items_purged_floors":[39],"is_endless":false,"potions_floor_spawned":[5,16,20,23,25,27,29,40,45],"ascension_level":8}}