{"host":"eqn7luyqlbzuqhgd","time":1614077305,"event":{"mods":["2.2 Compatiblity","Act Like it!","BaseMod","CapriCore","Friendly Minions","Hermit","Koishi","KomeijiMod","Marisa£¨Ùöéë¡¡Øª×âÞÞ£©","Minty Spire (QoL Compilation)","Reimu£¨ÚÏ???£©","StSLib","The Alterego","The Cursed","The Dragon Tamer","The Gatherer","The Immortal","The Poker Player"],"gold_per_floor":[111,111,111,186,201,201,235,255,255,284,302,302,317,13,13,112,112,125,138,138,51,61,61,61,80,80,80,29,29,39,65,65,160,160,171,171,108,108,108,137,137,186,211,211,242,242,275,4,4,4],"floor_reached":51,"language":"KOR","playtime":8058,"items_purged":["PokerPlayerMod:Diamond2","PokerPlayerMod:Heart2","PokerPlayerMod:Spade2","Confused"],"score":1136,"play_id":"61562845-0b92-47e0-8d53-fca4f42c2d00","local_time":"20210223194825","is_ascension_mode":true,"metric_token":1182,"campfire_choices":[{"data":"PokerPlayerMod:TrumpStrike","floor":6.0,"key":"SMITH"},{"data":"PokerPlayerMod:BadJoker","floor":12.0,"key":"SMITH"},{"data":"PokerPlayerMod:Diamond7","floor":15.0,"key":"SMITH"},{"data":"PokerPlayerMod:Diamond8","floor":23.0,"key":"SMITH"},{"data":"PokerPlayerMod:CardBurn","floor":27.0,"key":"SMITH"},{"data":"PokerPlayerMod:Club4","floor":29.0,"key":"SMITH"},{"data":"PokerPlayerMod:Spade4","floor":32.0,"key":"SMITH"},{"data":"PokerPlayerMod:Diamond4","floor":41.0,"key":"SMITH"},{"data":"PokerPlayerMod:Spade3","floor":44.0,"key":"SMITH"},{"data":"PokerPlayerMod:Spade4","floor":49,"key":"SMITH"}],"circlet_count":0,"master_deck":["AscendersBane","PokerPlayerMod:Diamond3","PokerPlayerMod:Diamond5","PokerPlayerMod:Diamond5","PokerPlayerMod:Spade5","PokerPlayerMod:Spade5","PokerPlayerMod:Club1","PokerPlayerMod:Club2","PokerPlayerMod:TrumpStrike+1","PokerPlayerMod:BadJoker+1","PokerPlayerMod:Mulligan+1","PokerPlayerMod:Heart5","PokerPlayerMod:Spade9","PokerPlayerMod:Diamond9","PokerPlayerMod:Spade9","PokerPlayerMod:Diamond9","PokerPlayerMod:CardBurn+1","PokerPlayerMod:ClubStrike+1","PokerPlayerMod:Club5","PokerPlayerMod:ClubStrike+1","PokerPlayerMod:Spade9","PokerPlayerMod:GamblerForm+1","PokerPlayerMod:FlyingCard+1"],"relics":["PokerPlayerMod:DeckCase","Ice Cream","Prayer Wheel","Tiny Chest","Membership Card","PokerPlayerMod:BottledPoker","SacredBark","PokerPlayerMod:ClubPass","Molten Egg 2","Frozen Egg 2","Velvet Choker","Matryoshka","Bottled Flame","CatCart","RuthlessExorcism:ReiMu","MealTicket","The Courier","Toy Ornithopter","Anchor","Mercury Hourglass","PokerPlayerMod:FairLicense","Sundial"],"acts_visited":["Exordium","TheCity","TheBeyond"],"potions_floor_usage":[47,50,50],"damage_taken":[{"damage":0.0,"enemies":"2 Louse","floor":1.0,"turns":2.0},{"damage":0.0,"enemies":"Small Slimes","floor":5.0,"turns":3.0},{"damage":8.0,"enemies":"3 Sentries","floor":7.0,"turns":6.0},{"damage":0.0,"enemies":"Jaw Worm","floor":8.0,"turns":2.0},{"damage":14.0,"enemies":"Gremlin Nob","floor":10.0,"turns":3.0},{"damage":6.0,"enemies":"Exordium Thugs","floor":11.0,"turns":3.0},{"damage":11.0,"enemies":"Looter","floor":13.0,"turns":2.0},{"damage":21.0,"enemies":"The Guardian","floor":16.0,"turns":11.0},{"damage":0.0,"enemies":"Shell Parasite","floor":18.0,"turns":4.0},{"damage":11.0,"enemies":"2 Thieves","floor":19.0,"turns":4.0},{"damage":0.0,"enemies":"Centurion and Healer","floor":22.0,"turns":4.0},{"damage":0.0,"enemies":"Snecko","floor":25.0,"turns":2.0},{"damage":0.0,"enemies":"Cultist and Chosen","floor":30.0,"turns":4.0},{"damage":7.0,"enemies":"Slavers","floor":31.0,"turns":3.0},{"damage":35.0,"enemies":"Champ","floor":33.0,"turns":9.0},{"damage":0.0,"enemies":"3 Darklings","floor":35.0,"turns":2.0},{"damage":0.0,"enemies":"Giant Head","floor":40.0,"turns":8.0},{"damage":3.0,"enemies":"Orin","floor":42.0,"turns":7.0},{"damage":40.0,"enemies":"Nemesis","floor":45.0,"turns":5.0},{"damage":0,"enemies":"Reptomancer","floor":47,"turns":3},{"damage":12,"enemies":"Awakened One","floor":50,"turns":10}],"seed_played":"-5103272824921578290","potions_obtained":[{"floor":7.0,"key":"SkillPotion"},{"floor":11.0,"key":"LiquidBronze"},{"floor":16.0,"key":"Strength Potion"},{"floor":19.0,"key":"FearPotion"},{"floor":30.0,"key":"Energy Potion"},{"floor":31.0,"key":"Energy Potion"},{"floor":40.0,"key":"MagicPotion:ReiMu"},{"floor":42.0,"key":"LiquidMemories"}],"is_trial":false,"path_per_floor":["M","?","?","?","M","R","E","M","T","E","M","R","M","$","R","B",null,"M","M","?","$","M","R","T","M","T","R","$","R","M","E","R","B",null,"M","T","$","?","?","E","R","?","T","R","E","T","E","$","R","B",null],"character_chosen":"THE_POKER_PLAYER","items_purchased":["Membership Card","PokerPlayerMod:BottledPoker","GamblersBrew","PokerPlayerMod:ClubStrike+1","PokerPlayerMod:Club4","PokerPlayerMod:FairLicense","Sundial","Block Potion","Explosive Potion"],"campfire_rested":0,"item_purchase_floors":[14,14,21,28,28,48,48,48,48],"current_hp_per_floor":[47,52,52,41,52,52,48,52,52,44,47,47,41,41,41,28,46,52,41,41,41,47,47,47,52,52,52,52,52,52,45,45,16,43,43,43,43,43,43,49,49,46,46,46,9,9,29,44,44,42],"gold":4,"neow_bonus":"TRANSFORM_TWO_CARDS","is_daily":false,"chose_seed":false,"campfire_upgraded":10,"win_rate":0.0,"timestamp":1614077305,"path_taken":["M","?","?","?","M","R","E","M","T","E","M","R","M","$","R","BOSS","M","M","?","$","M","R","?","?","T","R","$","R","M","E","R","BOSS","M","?","$","?","?","E","R","?","T","R","E","?","E","$","R","BOSS"],"items_purchased_type":["Relic","Relic","Potion","Card","Card","Relic","Relic","Potion","Potion"],"build_version":"2020-12-22","purchased_purges":4,"victory":true,"max_hp_per_floor":[47,52,52,52,52,52,52,52,52,52,52,52,52,52,52,52,52,52,52,52,52,52,52,52,52,52,52,52,52,52,52,52,52,52,52,52,52,49,49,49,49,49,49,49,49,49,49,49,49,49],"card_choices":[{"not_picked":["PokerPlayerMod:Club1","PokerPlayerMod:PoorCopy","PokerPlayerMod:CloakAndDiamond"],"picked":"SKIP","floor":1.0},{"not_picked":["PokerPlayerMod:Club2","PokerPlayerMod:Diamond2","PokerPlayerMod:Diamond1"],"picked":"SKIP","floor":5.0},{"not_picked":["PokerPlayerMod:Heart4","PokerPlayerMod:Diamond6"],"picked":"PokerPlayerMod:Diamond7","floor":7.0},{"not_picked":["PokerPlayerMod:Fold","PokerPlayerMod:ClubDance","PokerPlayerMod:Spade4"],"picked":"SKIP","floor":8.0},{"not_picked":["PokerPlayerMod:Configure","PokerPlayerMod:Spade7"],"picked":"PokerPlayerMod:Spade9","floor":10.0},{"not_picked":["PokerPlayerMod:Spade2","PokerPlayerMod:CardPrinter","PokerPlayerMod:Diamond1"],"picked":"SKIP","floor":11.0},{"not_picked":["PokerPlayerMod:Diamond1","PokerPlayerMod:Heart4","PokerPlayerMod:Spade4"],"picked":"SKIP","floor":11.0},{"not_picked":["PokerPlayerMod:Diamond3","PokerPlayerMod:Diamond5","PokerPlayerMod:Trickery"],"picked":"SKIP","floor":13.0},{"not_picked":["PokerPlayerMod:Spade1","PokerPlayerMod:Spade4","PokerPlayerMod:Heart4"],"picked":"SKIP","floor":13.0},{"not_picked":["PokerPlayerMod:Diamond8","PokerPlayerMod:Spade10+"],"picked":"PokerPlayerMod:Diamond9","floor":16.0},{"not_picked":["PokerPlayerMod:CloakAndDiamond+1","PokerPlayerMod:Diamond3","PokerPlayerMod:MagicTrick+1"],"picked":"SKIP","floor":18.0},{"not_picked":["PokerPlayerMod:Spade2","PokerPlayerMod:Club1","PokerPlayerMod:SpadeStrike"],"picked":"SKIP","floor":18.0},{"not_picked":["PokerPlayerMod:MagicTrick","PokerPlayerMod:Diamond5","PokerPlayerMod:Spade1"],"picked":"SKIP","floor":19.0},{"not_picked":["PokerPlayerMod:Diamond3","PokerPlayerMod:Trickery","PokerPlayerMod:Overdeal+1"],"picked":"SKIP","floor":19.0},{"not_picked":["PokerPlayerMod:CardBurn","PokerPlayerMod:SpadeStrike","PokerPlayerMod:Heart3"],"picked":"SKIP","floor":22.0},{"not_picked":["PokerPlayerMod:ClubShade","PokerPlayerMod:DartThrow","PokerPlayerMod:HiddenCard"],"picked":"SKIP","floor":22.0},{"not_picked":["PokerPlayerMod:MagicTrick","PokerPlayerMod:Diamond4"],"picked":"PokerPlayerMod:CardBurn","floor":25.0},{"not_picked":["PokerPlayerMod:Spade2","PokerPlayerMod:Spade1","PokerPlayerMod:CloakAndDiamond"],"picked":"SKIP","floor":25.0},{"not_picked":["PokerPlayerMod:SecondChance+1","PokerPlayerMod:Trickery+1","PokerPlayerMod:Heart4"],"picked":"SKIP","floor":30.0},{"not_picked":["PokerPlayerMod:HeartStrike+1","PokerPlayerMod:Diamond1","PokerPlayerMod:Club3"],"picked":"SKIP","floor":30.0},{"not_picked":["PokerPlayerMod:Diamond4","PokerPlayerMod:HotShotCut+1"],"picked":"PokerPlayerMod:ClubStrike+1","floor":31.0},{"not_picked":["PokerPlayerMod:Diamond7","PokerPlayerMod:GamblerForm+1"],"picked":"PokerPlayerMod:Spade9","floor":33.0},{"not_picked":["PokerPlayerMod:Heart6","PokerPlayerMod:Diamond1","PokerPlayerMod:Spade2"],"picked":"SKIP","floor":35.0},{"not_picked":["PokerPlayerMod:Spade4","PokerPlayerMod:DiamondStrike+1","PokerPlayerMod:Diamond3"],"picked":"SKIP","floor":35.0},{"not_picked":["PokerPlayerMod:Club1","PokerPlayerMod:SpadeStrike+1","PokerPlayerMod:ClubStrike+1"],"picked":"SKIP","floor":40.0},{"not_picked":["PokerPlayerMod:Heart8","PokerPlayerMod:Club1"],"picked":"PokerPlayerMod:GamblerForm+1","floor":45.0},{"not_picked":["PokerPlayerMod:Configure","PokerPlayerMod:Spade8"],"picked":"PokerPlayerMod:FlyingCard+1","floor":47}],"player_experience":835981,"relics_obtained":[{"floor":7.0,"key":"Ice Cream"},{"floor":9.0,"key":"Prayer Wheel"},{"floor":10.0,"key":"Tiny Chest"},{"floor":24.0,"key":"PokerPlayerMod:ClubPass"},{"floor":26.0,"key":"Molten Egg 2"},{"floor":31.0,"key":"Frozen Egg 2"},{"floor":36.0,"key":"Matryoshka"},{"floor":40.0,"key":"Bottled Flame"},{"floor":42.0,"key":"CatCart"},{"floor":43.0,"key":"RuthlessExorcism:ReiMu"},{"floor":43.0,"key":"MealTicket"},{"floor":45.0,"key":"The Courier"},{"floor":46.0,"key":"Toy Ornithopter"},{"floor":46.0,"key":"Anchor"},{"floor":47,"key":"Mercury Hourglass"}],"event_choices":[{"damage_healed":0.0,"max_hp_gain":5.0,"max_hp_loss":0.0,"gold_gain":0.0,"event_name":"Big Fish","player_choice":"Donut","floor":2.0,"gold_loss":0.0,"damage_taken":0.0},{"damage_healed":0.0,"max_hp_gain":0.0,"max_hp_loss":0.0,"gold_gain":0.0,"event_name":"Living Wall","player_choice":"Grow","floor":3.0,"gold_loss":0.0,"damage_taken":0.0,"cards_upgraded":["PokerPlayerMod:Mulligan"]},{"damage_healed":0.0,"max_hp_gain":0.0,"max_hp_loss":0.0,"gold_gain":75.0,"event_name":"World of Goop","player_choice":"Gather Gold","floor":4.0,"gold_loss":0.0,"damage_taken":11.0},{"damage_healed":0.0,"max_hp_gain":0.0,"max_hp_loss":0.0,"gold_gain":0.0,"event_name":"Cursed Tome","player_choice":"Ignored","floor":20.0,"gold_loss":0.0,"damage_taken":0.0},{"damage_healed":0.0,"max_hp_gain":0.0,"max_hp_loss":3.0,"gold_gain":0.0,"event_name":"Winding Halls","player_choice":"Max HP","floor":38.0,"gold_loss":0.0,"damage_taken":0.0},{"damage_healed":0.0,"max_hp_gain":0.0,"max_hp_loss":0.0,"gold_gain":0.0,"event_name":"OrinTheCat","player_choice":"Fight","floor":42.0,"gold_loss":0.0,"damage_taken":0.0}],"is_beta":false,"boss_relics":[{"not_picked":["Ectoplasm","Cursed Key"],"picked":"SacredBark"},{"not_picked":["Fusion Hammer","Sozu"],"picked":"Velvet Choker"}],"items_purged_floors":[14,21,37,48],"is_endless":false,"potions_floor_spawned":[7,11,16,19,30,31,40,42],"ascension_level":10}}