{"host":"d2gh6suihlstufn7","time":1614073408,"event":{"mods":["AchievementEnabler","BaseMod","Colored Map","Colored Powertips","Minty Spire (QoL Compilation)","Permanent Neow","Quick Restart","StSLib","SuperFastMode"],"gold_per_floor":[11,21,21,41,41,41,72,72,98,30,30,47,12,187,187,287,287,297,68,68,68,78,78,93,93,120,137,153,164,164,64,64,178,178,206,234,250,250,276,276,31,55,55,55,69,93,139,152,152,152,152],"floor_reached":50,"language":"KOR","playtime":1439,"items_purged":["Doubt","Shame"],"score":471,"play_id":"310cdb1e-fde8-40c6-8021-7f53753fd117","local_time":"20210223184328","is_ascension_mode":false,"campfire_choices":[{"data":"Sever Soul","floor":6.0,"key":"SMITH"},{"data":"Battle Trance","floor":8.0,"key":"SMITH"},{"data":"Fire Breathing","floor":11.0,"key":"SMITH"},{"data":"Bash","floor":15.0,"key":"SMITH"},{"data":"Evolve","floor":23.0,"key":"SMITH"},{"data":"Sentinel","floor":25.0,"key":"SMITH"},{"data":"Impervious","floor":30.0,"key":"SMITH"},{"data":"Intimidate","floor":32.0,"key":"SMITH"},{"data":"Immolate","floor":40.0,"key":"SMITH"},{"data":"Exhume","floor":44.0,"key":"SMITH"},{"floor":49.0,"key":"RECALL"}],"circlet_count":0,"master_deck":["Strike_R","Strike_R","Strike_R","Defend_R","Defend_R","Defend_R","Defend_R","Bash+1","Intimidate+1","Sentinel+1","Sever Soul+1","Battle Trance+1","Fire Breathing+1","Impervious+1","Flame Barrier+1","Evolve+1","Wild Strike","Exhume+1","Metallicize","Feel No Pain+1","Immolate+1","Headbutt","Parasite","Fire Breathing+1"],"relics":["Burning Blood","Charon\u0027s Ashes","Juzu Bracelet","MealTicket","Mark of Pain","Vajra","Pear","CeramicFish","Empty Cage","Art of War","Gremlin Horn","Pen Nib"],"acts_visited":["Exordium","TheCity","TheBeyond"],"potions_floor_usage":[],"damage_taken":[{"damage":6.0,"enemies":"Cultist","floor":1.0,"turns":3.0},{"damage":1.0,"enemies":"2 Louse","floor":2.0,"turns":4.0},{"damage":18.0,"enemies":"Jaw Worm","floor":4.0,"turns":6.0},{"damage":21.0,"enemies":"Lagavulin","floor":7.0,"turns":5.0},{"damage":11.0,"enemies":"Blue Slaver","floor":12.0,"turns":3.0},{"damage":54.0,"enemies":"Hexaghost","floor":16.0,"turns":9.0},{"damage":10.0,"enemies":"Chosen","floor":18.0,"turns":4.0},{"damage":0.0,"enemies":"3 Byrds","floor":22.0,"turns":3.0},{"damage":4.0,"enemies":"Cultist and Chosen","floor":24.0,"turns":4.0},{"damage":0.0,"enemies":"3 Cultists","floor":27.0,"turns":2.0},{"damage":12.0,"enemies":"Centurion and Healer","floor":28.0,"turns":6.0},{"damage":18.0,"enemies":"Snake Plant","floor":29.0,"turns":3.0},{"damage":68.0,"enemies":"Champ","floor":33.0,"turns":10.0},{"damage":2.0,"enemies":"Orb Walker","floor":35.0,"turns":4.0},{"damage":28.0,"enemies":"3 Darklings","floor":36.0,"turns":4.0},{"damage":6.0,"enemies":"4 Shapes","floor":37.0,"turns":5.0},{"damage":15.0,"enemies":"Transient","floor":39.0,"turns":5.0},{"damage":23.0,"enemies":"Writhing Mass","floor":42.0,"turns":6.0},{"damage":0.0,"enemies":"3 Darklings","floor":45.0,"turns":4.0},{"damage":41.0,"enemies":"Sphere and 2 Shapes","floor":46.0,"turns":4.0},{"damage":12.0,"enemies":"Jaw Worm Horde","floor":48.0,"turns":3.0},{"damage":0,"enemies":"Time Eater","floor":50,"turns":1}],"seed_played":"-5647485566263936738","potions_obtained":[{"floor":1.0,"key":"SpeedPotion"},{"floor":2.0,"key":"AttackPotion"},{"floor":16.0,"key":"BlessingOfTheForge"},{"floor":18.0,"key":"Fruit Juice"},{"floor":24.0,"key":"Swift Potion"},{"floor":33.0,"key":"Dexterity Potion"},{"floor":35.0,"key":"EssenceOfSteel"},{"floor":39.0,"key":"GamblersBrew"},{"floor":42.0,"key":"ElixirPotion"},{"floor":46.0,"key":"SkillPotion"}],"is_trial":false,"path_per_floor":["M","M","?","M","?","R","E","R","T","$","R","M","?","?","R","B",null,"M","$","?","?","M","R","M","R","T","M","M","M","R","$","R","B",null,"M","M","M","?","M","R","$","M","T","R","M","M","T","M","R","B"],"character_chosen":"IRONCLAD","items_purchased":["Fire Breathing","Vajra","Headbutt","Strength Potion","Art of War"],"campfire_rested":0,"item_purchase_floors":[10,19,41,41,41],"current_hp_per_floor":[80,80,80,68,61,61,46,46,46,61,61,56,76,76,76,28,80,81,85,95,95,95,95,95,95,95,95,89,77,77,92,92,30,95,95,73,73,73,64,64,79,62,62,62,68,33,33,27,27,27,27],"gold":152,"neow_bonus":"ONE_RARE_RELIC","is_daily":false,"chose_seed":false,"campfire_upgraded":10,"win_rate":0.0,"timestamp":1614073408,"path_taken":["M","?","?","M","?","R","E","R","T","?","R","M","?","?","R","BOSS","M","$","?","?","M","R","M","R","T","M","M","M","R","?","R","BOSS","M","M","M","?","M","R","$","M","T","R","M","M","?","M","R","BOSS"],"items_purchased_type":["Card","Relic","Card","Potion","Relic"],"build_version":"2020-12-22","purchased_purges":2,"victory":false,"max_hp_per_floor":[80,80,80,80,80,80,80,80,80,80,80,80,80,80,80,80,80,85,85,95,95,95,95,95,95,95,95,95,95,95,95,95,95,95,95,95,95,95,95,95,95,95,95,95,95,95,95,95,95,95,95],"card_choices":[{"not_picked":["Flame Barrier","Clash"],"picked":"Intimidate","floor":1.0},{"not_picked":["Intimidate","Blood for Blood"],"picked":"Sentinel","floor":2.0},{"not_picked":["Searing Blow","Wild Strike"],"picked":"Sever Soul","floor":4.0},{"not_picked":["Uppercut","Havoc"],"picked":"Battle Trance","floor":7.0},{"not_picked":["Ghostly Armor","Thunderclap","Rampage"],"picked":"SKIP","floor":12.0},{"not_picked":["Fiend Fire","Reaper"],"picked":"Impervious","floor":16.0},{"not_picked":["Body Slam","True Grit"],"picked":"Flame Barrier+1","floor":18.0},{"not_picked":["Ghostly Armor","Perfected Strike"],"picked":"Wild Strike","floor":22.0},{"not_picked":["Clothesline","Uppercut","Perfected Strike"],"picked":"SKIP","floor":24.0},{"not_picked":["Perfected Strike","Armaments","Sword Boomerang"],"picked":"SKIP","floor":27.0},{"not_picked":["Ghostly Armor+1","Body Slam","Whirlwind+1"],"picked":"SKIP","floor":28.0},{"not_picked":["Combust","Armaments","Searing Blow"],"picked":"SKIP","floor":29.0},{"not_picked":["Combust","Armaments","Searing Blow"],"picked":"SKIP","floor":29.0},{"not_picked":["Barricade","Double Tap"],"picked":"Exhume","floor":33.0},{"not_picked":["Armaments","Flex"],"picked":"Metallicize","floor":35.0},{"not_picked":["Clash+1","Whirlwind+1"],"picked":"Feel No Pain+1","floor":36.0},{"not_picked":["Clash+1","Warcry","True Grit+1"],"picked":"SKIP","floor":37.0},{"not_picked":["Wild Strike","Clash"],"picked":"Immolate","floor":39.0},{"not_picked":["Rage+1","True Grit+1","Disarm"],"picked":"SKIP","floor":42.0},{"not_picked":["True Grit+1","Clash","Dropkick"],"picked":"SKIP","floor":45.0},{"not_picked":["Warcry","Headbutt+1"],"picked":"Fire Breathing+1","floor":46.0},{"not_picked":["Heavy Blade+1","Sword Boomerang+1","Perfected Strike"],"picked":"SKIP","floor":48.0}],"player_experience":165181,"relics_obtained":[{"floor":7.0,"key":"MealTicket"},{"floor":26.0,"key":"CeramicFish"},{"floor":43.0,"key":"Gremlin Horn"},{"floor":47.0,"key":"Pen Nib"}],"event_choices":[{"damage_healed":0.0,"max_hp_gain":0.0,"max_hp_loss":0.0,"gold_gain":0.0,"event_name":"Big Fish","player_choice":"Box","floor":3.0,"gold_loss":0.0,"damage_taken":0.0,"relics_obtained":["Juzu Bracelet"],"cards_obtained":["Regret"]},{"cards_removed":["Regret"],"damage_healed":0.0,"max_hp_gain":0.0,"max_hp_loss":0.0,"gold_gain":0.0,"event_name":"Golden Wing","player_choice":"Card Removal","floor":5.0,"gold_loss":0.0,"damage_taken":7.0},{"damage_healed":20.0,"max_hp_gain":0.0,"max_hp_loss":0.0,"gold_gain":0.0,"event_name":"The Cleric","player_choice":"Healed","floor":13.0,"gold_loss":35.0,"damage_taken":0.0},{"damage_healed":0.0,"max_hp_gain":0.0,"max_hp_loss":0.0,"gold_gain":175.0,"event_name":"Liars Game","player_choice":"AGREE","floor":14.0,"gold_loss":0.0,"damage_taken":0.0,"cards_obtained":["Doubt"]},{"damage_healed":0.0,"max_hp_gain":0.0,"max_hp_loss":0.0,"gold_gain":0.0,"event_name":"Addict","player_choice":"Stole Relic","floor":20.0,"gold_loss":0.0,"damage_taken":0.0,"relics_obtained":["Pear"],"cards_obtained":["Shame"]},{"damage_healed":0.0,"max_hp_gain":0.0,"max_hp_loss":0.0,"gold_gain":0.0,"event_name":"The Library","player_choice":"Read","floor":21.0,"gold_loss":0.0,"damage_taken":0.0,"cards_obtained":["Evolve"]},{"damage_healed":0.0,"max_hp_gain":0.0,"max_hp_loss":0.0,"gold_gain":0.0,"event_name":"Tomb of Lord Red Mask","player_choice":"Ignored","floor":38.0,"gold_loss":0.0,"damage_taken":0.0}],"is_beta":false,"boss_relics":[{"not_picked":["Runic Dome","SacredBark"],"picked":"Mark of Pain"},{"not_picked":["Busted Crown","Velvet Choker"],"picked":"Empty Cage"}],"items_purged_floors":[19,31],"is_endless":false,"potions_floor_spawned":[1,2,16,18,24,33,35,39,42,46],"killed_by":"Time Eater","ascension_level":0}}