{"host":"w14xfy17z3c5mpoi","time":1614115257,"event":{"mods":["AchievementEnabler","BaseMod","Minty Spire (QoL Compilation)","Relic Stats"],"gold_per_floor":[211,211,15,15,34,34,49,81,81,97,97,172,202,231,243,328,340,368,43,58,76,76,111,11,11,11,41,58,89,116,145,145,217,217,231,248,260,260,260,292,311,109,133,165,176,176,176,26,26,26],"floor_reached":51,"language":"ENG","playtime":4519,"items_purged":["Strike_G","Strike_G","Strike_G","Parasite"],"score":1344,"play_id":"d03e8bae-9f42-42b2-8d78-c6d4688a5f65","local_time":"20210223162057","is_ascension_mode":true,"campfire_choices":[{"data":"Neutralize","floor":6,"key":"SMITH"},{"data":"Blade Dance","floor":11,"key":"SMITH"},{"data":"Skewer","floor":15,"key":"SMITH"},{"floor":25,"key":"REST"},{"floor":32,"key":"REST"},{"data":"Well Laid Plans","floor":46,"key":"SMITH"},{"data":"Burst","floor":49,"key":"SMITH"}],"circlet_count":0,"master_deck":["AscendersBane","Strike_G","Defend_G","Defend_G","Defend_G","Defend_G","Defend_G","Survivor","Neutralize+1","Predator","Poisoned Stab","Blade Dance+1","PiercingWail","Endless Agony","Terror","Skewer+1","Malaise","Blade Dance+1","Footwork","Escape Plan","Blur","Backflip","Burst+1","Dodge and Roll+1","Deflect","Prepared","Venomology","Well Laid Plans+1","Escape Plan","Good Instincts","Blind","Good Instincts","Blade Dance","Footwork"],"relics":["Ring of the Snake","Sling","Mummified Hand","Ice Cream","Pear","MawBank","Black Star","Tingsha","Bag of Preparation","Shuriken","Strawberry","Oddly Smooth Stone","Matryoshka","Red Mask","PreservedInsect","Potion Belt","SlaversCollar","Centennial Puzzle","Singing Bowl","HornCleat","Orichalcum","CeramicFish","Bronze Scales"],"acts_visited":["Exordium","TheCity","TheBeyond"],"potions_floor_usage":[8,8,18,21,23,23,33,37,37,41,44,45,50,50],"damage_taken":[{"damage":3,"enemies":"2 Louse","floor":1,"turns":3},{"damage":1,"enemies":"Cultist","floor":5,"turns":4},{"damage":3,"enemies":"Small Slimes","floor":7,"turns":3},{"damage":16,"enemies":"3 Sentries","floor":8,"turns":5},{"damage":1,"enemies":"3 Louse","floor":10,"turns":4},{"damage":0,"enemies":"Lagavulin","floor":13,"turns":5},{"damage":0,"enemies":"2 Fungi Beasts","floor":14,"turns":3},{"damage":17,"enemies":"Slime Boss","floor":16,"turns":8},{"damage":1,"enemies":"Chosen","floor":18,"turns":3},{"damage":28,"enemies":"Spheric Guardian","floor":20,"turns":9},{"damage":8,"enemies":"Snecko","floor":21,"turns":3},{"damage":4,"enemies":"Book of Stabbing","floor":23,"turns":4},{"damage":6,"enemies":"Gremlin Leader","floor":27,"turns":7},{"damage":2,"enemies":"3 Cultists","floor":28,"turns":6},{"damage":3,"enemies":"Book of Stabbing","floor":29,"turns":5},{"damage":12,"enemies":"Masked Bandits","floor":30,"turns":5},{"damage":12,"enemies":"Slavers","floor":31,"turns":7},{"damage":38,"enemies":"Automaton","floor":33,"turns":11},{"damage":2,"enemies":"3 Shapes","floor":35,"turns":7},{"damage":13,"enemies":"3 Darklings","floor":36,"turns":9},{"damage":0,"enemies":"Maw","floor":37,"turns":7},{"damage":10,"enemies":"Reptomancer","floor":40,"turns":6},{"damage":7,"enemies":"Writhing Mass","floor":41,"turns":13},{"damage":22,"enemies":"Giant Head","floor":44,"turns":7},{"damage":4,"enemies":"Spire Growth","floor":45,"turns":9},{"damage":37,"enemies":"Time Eater","floor":50,"turns":15}],"seed_played":"5641709577654910406","potions_obtained":[{"floor":1,"key":"ColorlessPotion"},{"floor":7,"key":"BlessingOfTheForge"},{"floor":16,"key":"Energy Potion"},{"floor":20,"key":"LiquidMemories"},{"floor":21,"key":"SteroidPotion"},{"floor":23,"key":"SmokeBomb"},{"floor":28,"key":"FairyPotion"},{"floor":31,"key":"SpeedPotion"},{"floor":35,"key":"SkillPotion"},{"floor":44,"key":"Explosive Potion"},{"floor":45,"key":"DuplicationPotion"}],"is_trial":false,"path_per_floor":["M","?","$","T","M","R","M","E","T","M","R","?","E","M","R","B",null,"M","$","M","M","?","E","$","R","T","E","M","E","?","E","R","B",null,"M","M","M","?","?","E","M","$","T","E","M","R","?","$","R","B",null],"character_chosen":"THE_SILENT","items_purchased":["Sling","Block Potion","Footwork","Escape Plan","Blur","CunningPotion","Regen Potion"],"campfire_rested":2,"item_purchase_floors":[3,3,19,19,19,19,42],"current_hp_per_floor":[56,56,56,56,55,55,52,36,46,45,45,34,34,34,34,17,61,60,60,32,24,24,20,20,42,42,43,41,38,26,14,38,24,68,66,53,53,43,43,33,26,26,26,6,19,19,68,65,65,28],"gold":26,"neow_bonus":"HUNDRED_GOLD","is_daily":false,"chose_seed":false,"campfire_upgraded":5,"win_rate":0.0,"timestamp":1614115257,"path_taken":["M","?","$","?","M","R","M","E","T","M","R","?","E","M","R","BOSS","M","$","M","M","?","E","$","R","T","E","M","E","?","E","R","BOSS","M","M","M","?","?","E","M","$","T","E","M","R","?","$","R","BOSS"],"items_purchased_type":["Relic","Potion","Card","Card","Card","Potion","Potion"],"build_version":"2020-12-22","purchased_purges":4,"victory":true,"max_hp_per_floor":[66,66,66,66,66,66,66,66,76,76,76,76,76,76,76,76,76,76,76,76,76,76,76,76,76,76,83,83,83,83,83,83,83,83,83,83,83,83,79,79,79,79,79,81,83,83,68,65,65,65],"relic_stats":{"Singing Bowl":4,"counters":[26,168],"CeramicFish":0,"Tingsha":[78],"PreservedInsect":191,"Bag of Preparation":[28],"Orichalcum":[12],"MawBank":72,"Centennial Puzzle":[12],"Mummified Hand":[26],"Shuriken":[68],"Bronze Scales":[93],"Black Star":6,"obtain_stats":[{"Ice Cream":8,"Potion Belt":31,"Pear":9,"Singing Bowl":40,"CeramicFish":44,"Oddly Smooth Stone":27,"Tingsha":23,"PreservedInsect":31,"Bag of Preparation":23,"Orichalcum":43,"Sling":3,"MawBank":13,"SlaversCollar":34,"Centennial Puzzle":40,"Matryoshka":29,"HornCleat":43,"Mummified Hand":4,"Shuriken":26,"Strawberry":27,"Bronze Scales":44,"Black Star":17,"Red Mask":30,"Ring of the Snake":0},{"Ice Cream":4,"Potion Belt":17,"Pear":4,"Singing Bowl":22,"CeramicFish":24,"Oddly Smooth Stone":13,"Tingsha":12,"PreservedInsect":17,"Bag of Preparation":12,"Orichalcum":23,"Sling":1,"MawBank":6,"SlaversCollar":18,"Centennial Puzzle":22,"Matryoshka":15,"HornCleat":23,"Mummified Hand":1,"Shuriken":12,"Strawberry":13,"Bronze Scales":24,"Black Star":8,"Red Mask":16,"Ring of the Snake":0},{"Ice Cream":15,"Potion Belt":84,"Pear":15,"Singing Bowl":124,"CeramicFish":144,"Oddly Smooth Stone":61,"Tingsha":54,"PreservedInsect":84,"Bag of Preparation":54,"Orichalcum":137,"Sling":3,"MawBank":24,"SlaversCollar":95,"Centennial Puzzle":124,"Matryoshka":72,"HornCleat":137,"Mummified Hand":3,"Shuriken":54,"Strawberry":61,"Bronze Scales":144,"Black Star":35,"Red Mask":77,"Ring of the Snake":0}],"Ring of the Snake":[56]},"card_choices":[{"not_picked":["Prepared","Sucker Punch"],"picked":"Predator","floor":1},{"not_picked":["Noxious Fumes","Cloak And Dagger"],"picked":"Poisoned Stab","floor":5},{"not_picked":["Dodge and Roll","Underhanded Strike"],"picked":"Blade Dance","floor":7},{"not_picked":["Catalyst","Prepared"],"picked":"PiercingWail","floor":8},{"not_picked":["Underhanded Strike","Setup"],"picked":"Endless Agony","floor":10},{"not_picked":["Envenom","Setup"],"picked":"Terror","floor":13},{"not_picked":["Dodge and Roll","Well Laid Plans"],"picked":"Skewer","floor":14},{"not_picked":["Grand Finale","Corpse Explosion"],"picked":"Malaise","floor":16},{"not_picked":["Heel Hook","Finisher"],"picked":"Blade Dance+1","floor":18},{"not_picked":["Endless Agony","Blur","Sucker Punch"],"picked":"SKIP","floor":20},{"not_picked":["Blur","All Out Attack"],"picked":"Backflip","floor":21},{"not_picked":["Corpse Explosion","Flying Knee+1"],"picked":"Burst","floor":23},{"not_picked":["Blade Dance","Expertise"],"picked":"Dodge and Roll+1","floor":27},{"not_picked":["Tactician","Outmaneuver"],"picked":"Deflect","floor":28},{"not_picked":["Malaise","Flying Knee","Deflect"],"picked":"SKIP","floor":29},{"not_picked":["Slice","Deadly Poison"],"picked":"Prepared","floor":30},{"not_picked":["Flechettes","Acrobatics","Poisoned Stab"],"picked":"SKIP","floor":31},{"not_picked":["Grand Finale","Wraith Form v2"],"picked":"Venomology","floor":33},{"not_picked":["Deflect","Bouncing Flask+1","All Out Attack"],"picked":"SKIP","floor":35},{"not_picked":["Blur","Acrobatics"],"picked":"Well Laid Plans","floor":36},{"not_picked":["Riddle With Holes","All Out Attack+1"],"picked":"Escape Plan","floor":37},{"not_picked":["Deep Breath","Madness"],"picked":"Good Instincts","floor":38},{"not_picked":["Swift Strike","Mayhem"],"picked":"Blind","floor":38},{"not_picked":["PanicButton","Violence"],"picked":"Good Instincts","floor":38},{"not_picked":["Deadly Poison","Dagger Spray+1"],"picked":"Blade Dance","floor":40},{"not_picked":["PiercingWail","Infinite Blades+1"],"picked":"Footwork","floor":41},{"not_picked":["Quick Slash","Masterful Stab","Dash"],"picked":"Singing Bowl","floor":44},{"not_picked":["Outmaneuver","Crippling Poison","PiercingWail"],"picked":"Singing Bowl","floor":45}],"player_experience":785635,"relics_obtained":[{"floor":4,"key":"Mummified Hand"},{"floor":8,"key":"Ice Cream"},{"floor":9,"key":"Pear"},{"floor":13,"key":"MawBank"},{"floor":23,"key":"Tingsha"},{"floor":23,"key":"Bag of Preparation"},{"floor":26,"key":"Shuriken"},{"floor":27,"key":"Strawberry"},{"floor":27,"key":"Oddly Smooth Stone"},{"floor":29,"key":"Matryoshka"},{"floor":30,"key":"Red Mask"},{"floor":31,"key":"PreservedInsect"},{"floor":31,"key":"Potion Belt"},{"floor":40,"key":"Centennial Puzzle"},{"floor":40,"key":"Singing Bowl"},{"floor":43,"key":"HornCleat"},{"floor":43,"key":"Orichalcum"},{"floor":44,"key":"CeramicFish"},{"floor":44,"key":"Bronze Scales"}],"event_choices":[{"cards_removed":["Strike_G"],"damage_healed":0,"gold_gain":0,"player_choice":"Purged","damage_taken":0,"max_hp_gain":0,"max_hp_loss":0,"event_name":"Purifier","floor":2,"gold_loss":0},{"damage_healed":0,"gold_gain":75,"player_choice":"Gather Gold","damage_taken":11,"max_hp_gain":0,"max_hp_loss":0,"event_name":"World of Goop","floor":12,"gold_loss":0},{"damage_healed":0,"gold_gain":0,"player_choice":"Fought Bandits","damage_taken":0,"max_hp_gain":0,"max_hp_loss":0,"event_name":"Masked Bandits","floor":30,"gold_loss":0},{"damage_healed":0,"gold_gain":0,"player_choice":"Memory 3","damage_taken":10,"max_hp_gain":0,"max_hp_loss":0,"event_name":"SensoryStone","floor":38,"gold_loss":0},{"damage_healed":0,"gold_gain":0,"player_choice":"Max HP","damage_taken":0,"max_hp_gain":0,"max_hp_loss":4,"event_name":"Winding Halls","floor":39,"gold_loss":0},{"damage_healed":68,"gold_gain":0,"player_choice":"Heal","damage_taken":0,"max_hp_gain":0,"max_hp_loss":15,"event_name":"The Moai Head","floor":47,"gold_loss":0}],"is_beta":false,"boss_relics":[{"not_picked":["Busted Crown","Sozu"],"picked":"Black Star"},{"not_picked":["HoveringKite","Runic Pyramid"],"picked":"SlaversCollar"}],"items_purged_floors":[19,24,42,48],"is_endless":false,"potions_floor_spawned":[1,5,7,16,20,21,23,28,31,35,41,44,45],"ascension_level":15}}