{"host":"28p8ce41sjwa6lzf","time":1614093109,"event":{"mods":["BaseMod","Bestiary","Colored Map","Colored Powertips","Dark Map","Highlight Path","Minty Spire (QoL Compilation)","Permanent Neow","Quick Restart","Random Character Button","Rare Cards Sparkle","Relic Stats","StSLib","Unceasing Turn Reminder"],"gold_per_floor":[112,112,112,124,134,165,183,183,183,183,194,224,51,51,51,123,123,134,149,199,199,216,216,229,258,339,339,373,373,38,38,38,113,113,130,0,14,31,44,74,74,74,119,137,156,156,169,169,169,169,169,169,169,12,41,41],"floor_reached":57,"language":"ENG","playtime":5282,"items_purged":["Defend_G"],"score":2689,"play_id":"e441cbe6-6b58-4c86-9b3f-3f8e579468b8","local_time":"20210223091149","is_ascension_mode":true,"campfire_choices":[{"floor":8.0,"key":"REST"},{"data":"All Out Attack","floor":10.0,"key":"SMITH"},{"floor":15.0,"key":"REST"},{"data":"Outmaneuver","floor":23.0,"key":"SMITH"},{"data":"Catalyst","floor":27.0,"key":"SMITH"},{"data":"Venomology","floor":29.0,"key":"SMITH"},{"data":"Bouncing Flask","floor":32.0,"key":"SMITH"},{"data":"Wraith Form v2","floor":42.0,"key":"SMITH"},{"data":"Night Terror","floor":46.0,"key":"SMITH"},{"floor":49.0,"key":"RECALL"},{"data":"Adrenaline","floor":53.0,"key":"SMITH"}],"circlet_count":0,"master_deck":["AscendersBane","Strike_G","Strike_G","Strike_G","Strike_G","Defend_G","Defend_G","Defend_G","Survivor","Neutralize","Blur","Backflip","Prepared","All Out Attack+1","Corpse Explosion","Footwork+1","Outmaneuver+1","Deadly Poison","Crippling Poison","Backflip","Venomology+1","Noxious Fumes","Bouncing Flask+1","Choke","Catalyst+1","Footwork","Adrenaline+1","Wraith Form v2+1","Outmaneuver+1","Concentrate","Cloak And Dagger+1","Night Terror+1","Deflect","Noxious Fumes","Deflect","Footwork","Outmaneuver+1"],"relics":["Ring of the Snake","Torii","StoneCalendar","StrikeDummy","Shuriken","Bag of Marbles","Orrery","Runic Pyramid","Lizard Tail","Letter Opener","Molten Egg 2","Toy Ornithopter","Paper Crane","SacredBark","Sundial","Turnip"],"acts_visited":["Exordium","TheCity","TheBeyond","TheEnding"],"potions_floor_usage":[56,56,56,56,56],"damage_taken":[{"damage":0.0,"enemies":"2 Louse","floor":1.0,"turns":3.0},{"damage":1.0,"enemies":"Jaw Worm","floor":4.0,"turns":7.0},{"damage":1.0,"enemies":"Cultist","floor":5.0,"turns":6.0},{"damage":4.0,"enemies":"3 Sentries","floor":6.0,"turns":7.0},{"damage":1.0,"enemies":"Large Slime","floor":7.0,"turns":5.0},{"damage":0.0,"enemies":"Lots of Slimes","floor":11.0,"turns":1.0},{"damage":18.0,"enemies":"Gremlin Nob","floor":12.0,"turns":4.0},{"damage":9.0,"enemies":"The Guardian","floor":16.0,"turns":10.0},{"damage":0.0,"enemies":"Chosen","floor":18.0,"turns":5.0},{"damage":15.0,"enemies":"Shell Parasite","floor":19.0,"turns":7.0},{"damage":7.0,"enemies":"Snake Plant","floor":22.0,"turns":6.0},{"damage":9.0,"enemies":"Centurion and Healer","floor":24.0,"turns":6.0},{"damage":38.0,"enemies":"Slavers","floor":25.0,"turns":3.0},{"damage":4.0,"enemies":"Gremlin Leader","floor":28.0,"turns":6.0},{"damage":2.0,"enemies":"Champ","floor":33.0,"turns":9.0},{"damage":3.0,"enemies":"3 Shapes","floor":35.0,"turns":7.0},{"damage":4.0,"enemies":"3 Darklings","floor":37.0,"turns":4.0},{"damage":13.0,"enemies":"Sphere and 2 Shapes","floor":38.0,"turns":5.0},{"damage":9.0,"enemies":"Writhing Mass","floor":39.0,"turns":6.0},{"damage":0.0,"enemies":"Giant Head","floor":40.0,"turns":8.0},{"damage":3.0,"enemies":"Maw","floor":44.0,"turns":7.0},{"damage":4.0,"enemies":"Transient","floor":45.0,"turns":6.0},{"damage":0.0,"enemies":"4 Shapes","floor":47.0,"turns":6.0},{"damage":22.0,"enemies":"Awakened One","floor":50.0,"turns":20.0},{"damage":22.0,"enemies":"Time Eater","floor":51.0,"turns":4.0},{"damage":33.0,"enemies":"Shield and Spear","floor":55.0,"turns":7.0},{"damage":108,"enemies":"The Heart","floor":56,"turns":9}],"seed_played":"-5911003597559903389","potions_obtained":[{"floor":4.0,"key":"Fire Potion"},{"floor":6.0,"key":"CunningPotion"},{"floor":12.0,"key":"DistilledChaos"},{"floor":22.0,"key":"Swift Potion"},{"floor":25.0,"key":"Block Potion"},{"floor":44.0,"key":"LiquidBronze"},{"floor":45.0,"key":"Block Potion"}],"is_trial":false,"path_per_floor":["M","?","?","M","M","E","M","R","T","R","M","E","$","?","R","B",null,"M","M","?","?","M","R","M","E","T","R","E","R","$","T","R","B",null,"M","$","M","M","M","E","?","R","T","M","M","R","M","?","R","B","B",null,"R","$","E","B",null],"character_chosen":"THE_SILENT","items_purchased":["Orrery","Toy Ornithopter","Adrenaline","PowerPotion","DuplicationPotion","Footwork"],"campfire_rested":2,"item_purchase_floors":[13,30,30,36,54,54],"current_hp_per_floor":[44,37,19,18,17,13,12,31,31,31,31,13,13,13,32,23,55,55,55,55,55,48,48,39,1,1,1,30,30,30,30,30,28,57,54,54,50,37,38,43,43,43,43,55,61,61,66,66,66,59,37,59,59,59,43,39],"gold":41,"neow_bonus":"ONE_RARE_RELIC","is_daily":false,"chose_seed":false,"campfire_upgraded":8,"win_rate":0.0,"timestamp":1614093109,"path_taken":["M","?","?","M","?","E","M","R","T","R","M","E","?","?","R","BOSS","M","?","?","?","?","R","M","E","T","R","E","R","$","?","R","BOSS","M","$","M","M","M","E","?","R","T","M","M","R","M","?","R","BOSS","BOSS","R","$","E","BOSS"],"items_purchased_type":["Relic","Relic","Card","Potion","Potion","Card"],"build_version":"2020-12-22","purchased_purges":1,"victory":true,"max_hp_per_floor":[66,66,66,66,66,66,66,66,66,66,66,66,66,66,66,66,66,66,66,66,66,66,66,66,66,66,66,66,66,66,66,66,66,66,66,66,66,66,66,66,66,66,66,66,66,66,66,66,66,66,66,66,66,66,66,66],"relic_stats":{"Lizard Tail":33,"Torii":124,"counters":[27,174],"Shuriken":[20],"Sundial":[4],"StoneCalendar":[380],"Turnip":[2],"Letter Opener":[400],"obtain_stats":[{"Torii":0,"SacredBark":34,"StoneCalendar":3,"Letter Opener":26,"Paper Crane":31,"Lizard Tail":25,"Shuriken":9,"Sundial":40,"Orrery":13,"Molten Egg 2":28,"Turnip":55,"Bag of Marbles":12,"StrikeDummy":6,"Toy Ornithopter":30,"Ring of the Snake":0,"Runic Pyramid":17},{"Torii":0,"SacredBark":15,"StoneCalendar":1,"Letter Opener":13,"Paper Crane":14,"Lizard Tail":13,"Shuriken":5,"Sundial":20,"Orrery":7,"Molten Egg 2":14,"Turnip":26,"Bag of Marbles":7,"StrikeDummy":4,"Toy Ornithopter":14,"Ring of the Snake":0,"Runic Pyramid":8},{"Torii":0,"SacredBark":85,"StoneCalendar":3,"Letter Opener":70,"Paper Crane":76,"Lizard Tail":70,"Shuriken":28,"Sundial":115,"Orrery":33,"Molten Egg 2":76,"Turnip":165,"Bag of Marbles":33,"StrikeDummy":23,"Toy Ornithopter":76,"Ring of the Snake":0,"Runic Pyramid":43}],"Toy Ornithopter":102,"Ring of the Snake":[54]},"card_choices":[{"not_picked":["PiercingWail","Accuracy"],"picked":"Blur","floor":1.0},{"not_picked":["Sucker Punch","Slice"],"picked":"Backflip","floor":4.0},{"not_picked":["Bane","Deflect"],"picked":"Prepared","floor":5.0},{"not_picked":["Flechettes","PiercingWail"],"picked":"All Out Attack","floor":6.0},{"not_picked":["Underhanded Strike","Flying Knee","Setup"],"picked":"SKIP","floor":7.0},{"not_picked":["Infinite Blades","Flying Knee"],"picked":"Well Laid Plans","floor":11.0},{"not_picked":["Backstab","Underhanded Strike"],"picked":"Corpse Explosion","floor":12.0},{"not_picked":["Cloak And Dagger","Slice"],"picked":"Footwork","floor":13.0},{"not_picked":["Escape Plan","Prepared"],"picked":"Outmaneuver","floor":13.0},{"not_picked":["Caltrops","Flechettes"],"picked":"Deadly Poison","floor":13.0},{"not_picked":["Backflip","Dodge and Roll"],"picked":"Crippling Poison","floor":13.0},{"not_picked":["Night Terror","Terror"],"picked":"Backflip","floor":13.0},{"not_picked":["A Thousand Cuts","Tools of the Trade"],"picked":"Venomology","floor":16.0},{"not_picked":["Dodge and Roll","PiercingWail"],"picked":"Noxious Fumes","floor":18.0},{"not_picked":["Sucker Punch","Accuracy"],"picked":"Bouncing Flask","floor":19.0},{"not_picked":["Poisoned Stab","Quick Slash","Prepared"],"picked":"SKIP","floor":22.0},{"not_picked":["Backflip","Bouncing Flask"],"picked":"Catalyst","floor":24.0},{"not_picked":["Flechettes","Escape Plan","Poisoned Stab"],"picked":"SKIP","floor":25.0},{"not_picked":["Escape Plan","Bouncing Flask"],"picked":"Footwork","floor":28.0},{"not_picked":["Bullet Time","Storm of Steel"],"picked":"Wraith Form v2","floor":33.0},{"not_picked":["Backflip","Flying Knee+1","Bane+1"],"picked":"SKIP","floor":35.0},{"not_picked":["All Out Attack+1","Expertise"],"picked":"Outmaneuver+1","floor":37.0},{"not_picked":["Backflip","Eviscerate+1"],"picked":"Concentrate","floor":38.0},{"not_picked":["Underhanded Strike+1","Distraction+1"],"picked":"Cloak And Dagger+1","floor":39.0},{"not_picked":["Dagger Spray+1","Outmaneuver"],"picked":"Night Terror","floor":40.0},{"not_picked":["Endless Agony+1","Escape Plan+1"],"picked":"Deflect","floor":44.0},{"not_picked":["Slice+1","Deadly Poison"],"picked":"Noxious Fumes","floor":45.0},{"not_picked":["Choke+1","Backflip"],"picked":"Deflect","floor":47.0},{"not_picked":["Dagger Throw+1","Sucker Punch+1"],"picked":"Outmaneuver+1","floor":55.0}],"player_experience":1372444,"relics_obtained":[{"floor":6.0,"key":"StrikeDummy"},{"floor":9.0,"key":"Shuriken"},{"floor":12.0,"key":"Bag of Marbles"},{"floor":25.0,"key":"Lizard Tail"},{"floor":26.0,"key":"Letter Opener"},{"floor":28.0,"key":"Molten Egg 2"},{"floor":31.0,"key":"Paper Crane"},{"floor":40.0,"key":"Sundial"},{"floor":55.0,"key":"Turnip"}],"event_choices":[{"cards_removed":["Defend_G"],"damage_healed":0.0,"max_hp_gain":0.0,"max_hp_loss":0.0,"gold_gain":0.0,"event_name":"Golden Wing","player_choice":"Card Removal","floor":2.0,"gold_loss":0.0,"damage_taken":7.0},{"damage_healed":0.0,"max_hp_gain":0.0,"max_hp_loss":0.0,"gold_gain":0.0,"event_name":"Scrap Ooze","player_choice":"Success","floor":3.0,"gold_loss":0.0,"damage_taken":18.0,"relics_obtained":["StoneCalendar"]},{"damage_healed":0.0,"max_hp_gain":0.0,"max_hp_loss":0.0,"gold_gain":0.0,"event_name":"Upgrade Shrine","player_choice":"Upgraded","floor":14.0,"gold_loss":0.0,"damage_taken":0.0,"cards_upgraded":["Footwork"]},{"damage_healed":0.0,"max_hp_gain":0.0,"max_hp_loss":0.0,"gold_gain":50.0,"event_name":"Nest","player_choice":"Stole From Cult","floor":20.0,"gold_loss":0.0,"damage_taken":0.0},{"damage_healed":0.0,"max_hp_gain":0.0,"max_hp_loss":0.0,"gold_gain":0.0,"cards_transformed":["Strike_G"],"event_name":"Transmorgrifier","player_choice":"Transformed","floor":21.0,"gold_loss":0.0,"damage_taken":0.0,"cards_obtained":["Choke"]},{"cards_removed":["Well Laid Plans"],"damage_healed":0.0,"max_hp_gain":0.0,"max_hp_loss":0.0,"gold_gain":0.0,"event_name":"Falling","player_choice":"Removed Power","floor":41.0,"gold_loss":0.0,"damage_taken":0.0},{"damage_healed":0.0,"max_hp_gain":0.0,"max_hp_loss":0.0,"gold_gain":0.0,"event_name":"Tomb of Lord Red Mask","player_choice":"Ignored","floor":48.0,"gold_loss":0.0,"damage_taken":0.0}],"is_beta":false,"boss_relics":[{"not_picked":["Fusion Hammer","Philosopher\u0027s Stone"],"picked":"Runic Pyramid"},{"not_picked":["Empty Cage","Snecko Eye"],"picked":"SacredBark"}],"items_purged_floors":[36],"is_endless":false,"potions_floor_spawned":[4,6,12,16,19,22,25,35,38,44,45],"ascension_level":20}}