{"host":"nx6k9gttpbkpebht","time":1614113034,"event":{"mods":["BaseMod","Colored Map","Colored Powertips","DeckTracker","Downfall","Googly Eyes","Minty Spire (QoL Compilation)","StSLib"],"gold_per_floor":[118,7,7,20,36,36,62,62,62,95,95,95,105,139,139,243,243,261,325,171,184,234,268,286,286,286,336,349,363,363,696,696,801,801,821,871,364,428,440,474,474,524,547,651,684,684,205,62,62,62],"floor_reached":51,"language":"ENG","playtime":2477,"items_purged":["downfall:Aged","Strike_G","Defend_G+1","Strike_G+1"],"score":836,"play_id":"3de624e9-9a82-4efb-b1ea-ebd86f91b3bd","local_time":"20210223214354","is_ascension_mode":false,"campfire_choices":[{"data":"Infinite Blades","floor":6,"key":"SMITH"},{"floor":8,"key":"REST"},{"data":"Infinite Blades","floor":11,"key":"SMITH"},{"data":"Neutralize","floor":15,"key":"SMITH"},{"data":"Blade Dance","floor":25,"key":"SMITH"},{"data":"Phantasmal Killer","floor":30,"key":"SMITH"},{"data":"Envenom","floor":32,"key":"SMITH"},{"floor":41,"key":"REST"},{"floor":46,"key":"REST"},{"data":"Infinite Blades","floor":49,"key":"SMITH"}],"circlet_count":0,"master_deck":["Strike_G+1","Defend_G+1","Defend_G+1","Defend_G+1","Defend_G+1","Survivor","Neutralize+1","Footwork","Infinite Blades+1","Quick Slash","Infinite Blades+1","Finisher+1","Outmaneuver","Slice+1","Phantasmal Killer+1","Outmaneuver","Slice+1","Blade Dance+1","Envenom+1","Phantasmal Killer","Infinite Blades+1","Quick Slash+1","Infinite Blades+1"],"relics":["Ring of the Snake","Ginger","Pantograph","Molten Egg 2","Mango","Oddly Smooth Stone","SsserpentHead","Shuriken","Sozu","Eternal Feather","Paper Crane","Orichalcum","Old Coin","Empty Cage","Matryoshka","Bag of Preparation","Pear","Bronze Scales","Regal Pillow","FossilizedHelix","The Specimen","Ice Cream","Lantern"],"acts_visited":["Exordium","TheCity","TheBeyond"],"potions_floor_usage":[7,14,18],"damage_taken":[{"damage":0,"enemies":"Jaw Worm","floor":1,"turns":4},{"damage":4,"enemies":"Cultist","floor":4,"turns":4},{"damage":0,"enemies":"Small Slimes","floor":5,"turns":4},{"damage":11,"enemies":"Lagavulin","floor":7,"turns":7},{"damage":8,"enemies":"3 Sentries","floor":10,"turns":9},{"damage":7,"enemies":"Exordium Wildlife","floor":13,"turns":3},{"damage":2,"enemies":"Lagavulin","floor":14,"turns":6},{"damage":38,"enemies":"Hexaghost","floor":16,"turns":6},{"damage":5,"enemies":"Chosen","floor":18,"turns":4},{"damage":12,"enemies":"Shell Parasite","floor":19,"turns":2},{"damage":14,"enemies":"Sentry and Sphere","floor":21,"turns":4},{"damage":9,"enemies":"Gremlin Leader","floor":23,"turns":5},{"damage":0,"enemies":"Cultist and Chosen","floor":24,"turns":3},{"damage":1,"enemies":"Chosen and Byrds","floor":28,"turns":3},{"damage":2,"enemies":"Centurion and Healer","floor":29,"turns":4},{"damage":23,"enemies":"Slavers","floor":31,"turns":4},{"damage":13,"enemies":"Collector","floor":33,"turns":6},{"damage":13,"enemies":"3 Shapes","floor":35,"turns":3},{"damage":24,"enemies":"3 Darklings","floor":38,"turns":5},{"damage":18,"enemies":"Sphere and 2 Shapes","floor":39,"turns":3},{"damage":3,"enemies":"Reptomancer","floor":40,"turns":2},{"damage":44,"enemies":"2 Orb Walkers","floor":44,"turns":5},{"damage":2,"enemies":"Giant Head","floor":45,"turns":6},{"damage":35,"enemies":"Awakened One","floor":50,"turns":7}],"seed_played":"-6121793198231634437","potions_obtained":[{"floor":1,"key":"Poison Potion"},{"floor":13,"key":"Guardian:BlockOnCardUsePotion"},{"floor":16,"key":"sneckomod:MuddlingPotion"}],"is_trial":false,"path_per_floor":["M","$","?","M","M","R","E","R","T","E","R","?","M","E","R","B",null,"M","M","$","M","?","E","M","R","T","T","M","M","R","E","R","B",null,"M","?","$","M","M","E","R","?","T","?","E","R","$","$","R","B",null],"character_chosen":"THE_SILENT","items_purchased":["Infinite Blades","Slice+1","Matryoshka","Bag of Preparation","Ice Cream","Infinite Blades","Lantern"],"campfire_rested":3,"item_purchase_floors":[2,20,37,37,47,47,48],"current_hp_per_floor":[70,70,58,54,54,54,43,64,78,70,70,70,63,61,61,46,84,79,67,67,53,53,44,44,56,56,56,55,53,65,42,54,66,84,71,71,71,47,29,36,76,76,76,32,30,83,83,83,89,54],"gold":62,"neow_bonus":"ONE_RARE_RELIC","is_daily":false,"chose_seed":false,"campfire_upgraded":7,"win_rate":0.0,"timestamp":1614113034,"path_taken":["M","$","?","M","M","R","E","R","T","E","R","?","M","E","R","BOSS","M","?","$","M","?","E","M","R","T","?","M","M","R","E","R","BOSS","M","?","$","?","M","E","R","?","T","?","E","R","?","$","R","BOSS"],"items_purchased_type":["Card","Card","Relic","Relic","Relic","Card","Relic"],"build_version":"2020-12-22","purchased_purges":4,"victory":true,"max_hp_per_floor":[70,70,70,70,70,70,70,70,84,84,84,84,84,84,84,84,84,84,84,84,84,84,84,84,84,84,84,84,84,84,84,84,84,84,84,84,84,84,84,94,94,89,89,89,89,89,89,89,89,89],"card_choices":[{"not_picked":["Sucker Punch","Outmaneuver"],"picked":"Footwork","floor":1},{"not_picked":["Poisoned Stab","Well Laid Plans"],"picked":"Quick Slash","floor":4},{"not_picked":["Reflex","Blur"],"picked":"Infinite Blades","floor":5},{"not_picked":["Dodge and Roll","Leg Sweep","Terror"],"picked":"SKIP","floor":7},{"not_picked":["Backflip","Night Terror"],"picked":"Finisher+1","floor":10},{"not_picked":["Backflip","Well Laid Plans"],"picked":"Outmaneuver","floor":13},{"not_picked":["Sucker Punch+1","Endless Agony+1"],"picked":"Slice+1","floor":14},{"not_picked":["Doppelganger","Adrenaline"],"picked":"Phantasmal Killer","floor":16},{"not_picked":["Dagger Throw+1","Poisoned Stab+1"],"picked":"Outmaneuver","floor":18},{"not_picked":["Acrobatics","Quick Slash+1","Predator+1"],"picked":"SKIP","floor":19},{"not_picked":["Terror+1","Acrobatics","PiercingWail"],"picked":"SKIP","floor":21},{"not_picked":["Terror","Outmaneuver+1","Dagger Throw+1"],"picked":"SKIP","floor":23},{"not_picked":["Caltrops+1","Poisoned Stab+1"],"picked":"Blade Dance","floor":24},{"not_picked":["Deflect+1","Backstab+1","Outmaneuver"],"picked":"SKIP","floor":28},{"not_picked":["Well Laid Plans+1","Dagger Spray+1","Dodge and Roll"],"picked":"SKIP","floor":29},{"not_picked":["Expertise","Noxious Fumes"],"picked":"Envenom","floor":31},{"not_picked":["Burst","Malaise"],"picked":"Phantasmal Killer","floor":33},{"not_picked":["Deadly Poison","Bouncing Flask+1","Sucker Punch+1"],"picked":"SKIP","floor":35},{"not_picked":["Dagger Throw+1","Terror+1"],"picked":"Infinite Blades+1","floor":38},{"not_picked":["Flying Knee+1","Poisoned Stab+1","Noxious Fumes"],"picked":"SKIP","floor":39},{"not_picked":["Eviscerate+1","Deflect+1","Terror"],"picked":"SKIP","floor":40},{"not_picked":["Skewer+1","Flying Knee+1"],"picked":"Quick Slash+1","floor":44},{"not_picked":["Escape Plan","Masterful Stab+1","Tactician"],"picked":"SKIP","floor":45}],"player_experience":49932,"relics_obtained":[{"floor":7,"key":"Molten Egg 2"},{"floor":9,"key":"Mango"},{"floor":10,"key":"Oddly Smooth Stone"},{"floor":14,"key":"Shuriken"},{"floor":23,"key":"Eternal Feather"},{"floor":26,"key":"Paper Crane"},{"floor":27,"key":"Orichalcum"},{"floor":31,"key":"Old Coin"},{"floor":40,"key":"Pear"},{"floor":43,"key":"Bronze Scales"},{"floor":43,"key":"Regal Pillow"},{"floor":44,"key":"FossilizedHelix"},{"floor":45,"key":"The Specimen"}],"event_choices":[{"damage_healed":0,"gold_gain":0,"player_choice":"Success","damage_taken":12,"relics_obtained":["Pantograph"],"max_hp_gain":0,"max_hp_loss":0,"event_name":"Scrap Ooze","floor":3,"gold_loss":0},{"damage_healed":0,"gold_gain":0,"player_choice":"Trade","damage_taken":0,"relics_obtained":["SsserpentHead"],"max_hp_gain":0,"max_hp_loss":0,"event_name":"FaceTrader","floor":12,"gold_loss":0},{"damage_healed":0,"gold_gain":0,"player_choice":"Simplicity","damage_taken":0,"max_hp_gain":0,"max_hp_loss":0,"event_name":"Back to Basics","floor":22,"gold_loss":0,"cards_upgraded":["Strike_G","Strike_G","Strike_G","Strike_G","Defend_G","Defend_G","Defend_G","Defend_G","Defend_G"]},{"damage_healed":0,"gold_gain":0,"player_choice":"Bought 0 Potions","damage_taken":0,"max_hp_gain":0,"max_hp_loss":0,"event_name":"The Woman in Blue","floor":36,"gold_loss":0},{"damage_healed":0,"gold_gain":0,"player_choice":"Max HP","damage_taken":0,"max_hp_gain":0,"max_hp_loss":5,"event_name":"Winding Halls","floor":42,"gold_loss":0},{"damage_healed":0,"gold_gain":0,"player_choice":"Fight","damage_taken":0,"max_hp_gain":0,"max_hp_loss":0,"event_name":"Mysterious Sphere","floor":44,"gold_loss":0}],"is_beta":false,"boss_relics":[{"not_picked":["Busted Crown","Snecko Eye"],"picked":"Sozu"},{"not_picked":["bronze:MakeshiftBattery","HoveringKite"],"picked":"Empty Cage"}],"items_purged_floors":[2,20,37,47],"is_endless":false,"potions_floor_spawned":[1,13,16,19,23,24,33,38,39,40],"ascension_level":0}}