{"host":"en4narc5947t7k9n","time":1614095209,"event":{"mods":["AchievementEnabler","BaseMod","Colored Map","Minty Spire (QoL Compilation)","SuperFastMode"],"gold_per_floor":[115,115,132,151,70,70,97,97,149,163,163,163,176,202,202,302,302,318,318,299,659,670,670,5,5,85,85,85,13,46,66,66,167,167,186,205,225,240,240,240,256,181,181,191,191,191],"floor_reached":45,"language":"KOR","playtime":2735,"items_purged":["Defend_B"],"score":470,"play_id":"9e500b28-ecb9-4529-9e66-07512ab0e74d","local_time":"20210224004649","is_ascension_mode":false,"campfire_choices":[{"data":"Self Repair","floor":6,"key":"SMITH"},{"data":"Zap","floor":11,"key":"SMITH"},{"floor":15,"key":"RECALL"},{"data":"Lockon","floor":23,"key":"SMITH"},{"data":"Storm","floor":25,"key":"SMITH"},{"data":"Reinforced Body","floor":28,"key":"SMITH"},{"floor":32,"key":"REST"},{"floor":40,"key":"REST"}],"circlet_count":0,"master_deck":["Strike_B+1","Strike_B","Defend_B","Defend_B","Defend_B","Zap+1","Dualcast","Leap","Auto Shields","Ball Lightning","Self Repair+1","Storm+1","Beam Cell","Blizzard","Go for the Eyes+1","Buffer+1","Leap+1","Lockon+1","Capacitor+1","Cold Snap+1","Coolheaded","Reinforced Body+1","Capacitor+1","Leap+1","Echo Form+1","Seek","Glacier+1","Double Energy","Hologram+1","Double Energy","Barrage","Loop+1"],"relics":["Cracked Core","NeowsBlessing","Du-Vu Doll","GremlinMask","Bag of Preparation","Frozen Egg 2","Black Star","Cables","Letter Opener","Lee\u0027s Waffle","Blue Candle","Nunchaku","Whetstone","Nuclear Battery","The Courier"],"acts_visited":["Exordium","TheCity","TheBeyond"],"potions_floor_usage":[7,16,16,16,20,20,30,30,31,33,37,41],"damage_taken":[{"damage":0,"enemies":"Cultist","floor":1,"turns":1},{"damage":0,"enemies":"2 Louse","floor":3,"turns":1},{"damage":0,"enemies":"Small Slimes","floor":4,"turns":1},{"damage":10,"enemies":"Gremlin Nob","floor":7,"turns":4},{"damage":5,"enemies":"2 Fungi Beasts","floor":10,"turns":4},{"damage":1,"enemies":"Large Slime","floor":13,"turns":4},{"damage":38,"enemies":"3 Sentries","floor":14,"turns":10},{"damage":37,"enemies":"Slime Boss","floor":16,"turns":10},{"damage":11,"enemies":"Chosen","floor":18,"turns":6},{"damage":8,"enemies":"2 Thieves","floor":20,"turns":4},{"damage":14,"enemies":"Snake Plant","floor":22,"turns":5},{"damage":65,"enemies":"Slavers","floor":30,"turns":5},{"damage":28,"enemies":"Cultist and Chosen","floor":31,"turns":7},{"damage":27,"enemies":"Collector","floor":33,"turns":11},{"damage":23,"enemies":"3 Shapes","floor":35,"turns":5},{"damage":28,"enemies":"3 Darklings","floor":36,"turns":10},{"damage":37,"enemies":"Jaw Worm Horde","floor":37,"turns":5},{"damage":24,"enemies":"Maw","floor":38,"turns":8},{"damage":15,"enemies":"Transient","floor":41,"turns":5},{"damage":44,"enemies":"3 Darklings","floor":44,"turns":9},{"damage":19,"enemies":"Sphere and 2 Shapes","floor":45,"turns":2}],"seed_played":"4682235114349748817","potions_obtained":[{"floor":1,"key":"GamblersBrew"},{"floor":3,"key":"ColorlessPotion"},{"floor":10,"key":"PotionOfCapacity"},{"floor":14,"key":"Regen Potion"},{"floor":16,"key":"EntropicBrew"},{"floor":20,"key":"LiquidMemories"},{"floor":31,"key":"Weak Potion"},{"floor":35,"key":"Swift Potion"},{"floor":38,"key":"Regen Potion"}],"is_trial":false,"path_per_floor":["M","T","M","M","$","R","E","?","T","M","R","?","M","E","R","B",null,"M","?","M","?","M","R","$","R","T","?","R","$","E","M","R","B",null,"M","M","M","M","?","R","M","$","T","M","M"],"character_chosen":"DEFECT","items_purchased":["Self Repair","Cables","Letter Opener","Lee\u0027s Waffle","Capacitor+1"],"campfire_rested":2,"item_purchase_floors":[5,24,24,24,29],"current_hp_per_floor":[75,75,75,75,75,75,75,75,75,75,75,80,80,52,52,40,80,79,79,80,44,40,40,87,87,87,87,87,87,32,14,40,23,87,74,56,29,15,15,41,51,51,51,17,0,0],"gold":191,"neow_bonus":"THREE_ENEMY_KILL","is_daily":false,"chose_seed":false,"campfire_upgraded":5,"win_rate":0.0,"timestamp":1614095209,"path_taken":["M","?","?","M","$","R","E","?","T","?","R","?","M","E","R","BOSS","M","?","M","?","?","R","$","R","T","?","R","$","E","M","R","BOSS","M","M","M","M","?","R","M","$","T","M","M"],"items_purchased_type":["Card","Relic","Relic","Relic","Card"],"build_version":"2020-12-22","purchased_purges":1,"victory":false,"max_hp_per_floor":[75,75,75,75,75,75,75,75,75,75,75,80,80,80,80,80,80,80,80,80,80,80,80,87,87,87,87,87,87,87,87,87,87,87,87,87,87,87,87,87,87,87,87,87,87,87],"card_choices":[{"not_picked":["Force Field","Rebound"],"picked":"Leap","floor":1},{"not_picked":["Leap","Stack"],"picked":"Auto Shields","floor":3},{"not_picked":["Rebound","Compile Driver"],"picked":"Ball Lightning","floor":4},{"not_picked":["Ball Lightning","Aggregate"],"picked":"Storm","floor":7},{"not_picked":["Storm","Blizzard"],"picked":"Beam Cell","floor":10},{"not_picked":["Auto Shields","Stack"],"picked":"Blizzard","floor":13},{"not_picked":["Sweeping Beam","Auto Shields"],"picked":"Go for the Eyes","floor":14},{"not_picked":["Creative AI+1","Fission"],"picked":"Buffer+1","floor":16},{"not_picked":["Rebound","Turbo+1"],"picked":"Leap+1","floor":18},{"not_picked":["Sweeping Beam+1","Barrage"],"picked":"Cold Snap+1","floor":20},{"not_picked":["Steam","Doom and Gloom"],"picked":"Coolheaded","floor":22},{"not_picked":["Go for the Eyes+1","Storm+1"],"picked":"Leap+1","floor":30},{"not_picked":["Beam Cell+1","Rebound"],"picked":"Echo Form+1","floor":31},{"not_picked":["Multi-Cast","Meteor Strike"],"picked":"Seek","floor":33},{"not_picked":["Fusion","Steam"],"picked":"Glacier+1","floor":35},{"not_picked":["Ball Lightning+1","Doom and Gloom+1"],"picked":"Double Energy","floor":36},{"not_picked":["Ball Lightning","Beam Cell+1"],"picked":"Hologram+1","floor":37},{"not_picked":["Scrape","FTL"],"picked":"Double Energy","floor":38},{"not_picked":["Gash+1","Auto Shields+1"],"picked":"Barrage","floor":41},{"not_picked":["Leap","Sweeping Beam"],"picked":"Loop+1","floor":44}],"player_experience":185083,"relics_obtained":[{"floor":7,"key":"Du-Vu Doll"},{"floor":9,"key":"Bag of Preparation"},{"floor":14,"key":"Frozen Egg 2"},{"floor":26,"key":"Blue Candle"},{"floor":30,"key":"Nunchaku"},{"floor":30,"key":"Whetstone"},{"floor":43,"key":"The Courier"}],"event_choices":[{"damage_healed":0,"gold_gain":0,"player_choice":"Trade","damage_taken":0,"relics_obtained":["GremlinMask"],"max_hp_gain":0,"max_hp_loss":0,"event_name":"FaceTrader","floor":8,"gold_loss":0},{"damage_healed":0,"gold_gain":0,"player_choice":"Donut","damage_taken":0,"max_hp_gain":5,"max_hp_loss":0,"event_name":"Big Fish","floor":12,"gold_loss":0},{"damage_healed":0,"gold_gain":0,"cards_transformed":["Strike_B","Strike_B"],"player_choice":"Became Test Subject","damage_taken":0,"max_hp_gain":0,"max_hp_loss":0,"event_name":"Drug Dealer","floor":19,"gold_loss":0,"cards_obtained":["Lockon","Capacitor"]},{"damage_healed":0,"gold_gain":360,"player_choice":"GOLD GOLD GOLD GOLD ","damage_taken":36,"max_hp_gain":0,"max_hp_loss":0,"event_name":"Knowing Skull","floor":21,"potions_obtained":[],"gold_loss":0,"cards_obtained":[]},{"damage_healed":0,"gold_gain":0,"player_choice":"Read","damage_taken":0,"max_hp_gain":0,"max_hp_loss":0,"event_name":"The Library","floor":27,"gold_loss":0,"cards_obtained":["Reinforced Body"]},{"damage_healed":0,"gold_gain":0,"player_choice":"Ignored","damage_taken":0,"max_hp_gain":0,"max_hp_loss":0,"event_name":"The Moai Head","floor":39,"gold_loss":0}],"is_beta":false,"boss_relics":[{"not_picked":["Snecko Eye","Ectoplasm"],"picked":"Black Star"},{"not_picked":["Sozu","Empty Cage"],"picked":"Nuclear Battery"}],"items_purged_floors":[42],"is_endless":false,"potions_floor_spawned":[1,3,10,14,16,20,22,31,35,38],"killed_by":"Sphere and 2 Shapes","ascension_level":0}}