{"host":"mnpd8gh7cwxsn5kh","time":1614103045,"event":{"mods":["BaseMod","Bestiary","Block Reminder","Colored Map","Colored Powertips","Highlight Path","Minty Spire (QoL Compilation)","Relic Sorter","Relic Stats"],"gold_per_floor":[112,112,127,127,145,145,178,178,204,230,249,276,201,230,230,303,303,315,18,68,86,86,86,86,86,140,140,172,172,505,515,515,515,515],"floor_reached":33,"language":"ENG","playtime":1919,"items_purged":["Strike_R","Strike_R"],"score":618,"play_id":"a5ca6b45-f1da-46ff-862f-eb5417da3532","local_time":"20210223185725","is_ascension_mode":true,"campfire_choices":[{"data":"Armaments","floor":6.0,"key":"SMITH"},{"floor":15.0,"key":"REST"},{"data":"Uppercut","floor":23.0,"key":"SMITH"},{"floor":29.0,"key":"REST"},{"floor":32.0,"key":"REST"}],"circlet_count":0,"master_deck":["AscendersBane","Strike_R+1","Strike_R+1","Defend_R+1","Defend_R+1","Defend_R+1","Defend_R+1","Bash","Carnage","Headbutt","Fiend Fire","Uppercut+1","Armaments+1","Bludgeon","Ghostly Armor","Demon Form","Whirlwind","Immolate+1","Shrug It Off","Ghostly Armor","Reaper+1"],"relics":["Burning Blood","NeowsBlessing","Juzu Bracelet","Omamori","InkBottle","Matryoshka","Singing Bowl","Calling Bell","Orichalcum","Mercury Hourglass","Champion Belt","Whetstone","Molten Egg 2","Happy Flower","Anchor","StrikeDummy","Du-Vu Doll","Old Coin"],"acts_visited":["Exordium","TheCity"],"potions_floor_usage":[],"damage_taken":[{"damage":0.0,"enemies":"Jaw Worm","floor":1.0,"turns":1.0},{"damage":0.0,"enemies":"Small Slimes","floor":3.0,"turns":1.0},{"damage":0.0,"enemies":"Cultist","floor":5.0,"turns":1.0},{"damage":15.0,"enemies":"3 Sentries","floor":7.0,"turns":5.0},{"damage":15.0,"enemies":"Lagavulin","floor":10.0,"turns":7.0},{"damage":13.0,"enemies":"Red Slaver","floor":11.0,"turns":4.0},{"damage":29.0,"enemies":"Gremlin Nob","floor":12.0,"turns":4.0},{"damage":20.0,"enemies":"Lagavulin","floor":14.0,"turns":7.0},{"damage":6.0,"enemies":"The Guardian","floor":16.0,"turns":8.0},{"damage":20.0,"enemies":"Chosen","floor":18.0,"turns":5.0},{"damage":1.0,"enemies":"3 Byrds","floor":21.0,"turns":4.0},{"damage":23.0,"enemies":"Book of Stabbing","floor":28.0,"turns":5.0},{"damage":38.0,"enemies":"Slavers","floor":30.0,"turns":4.0},{"damage":17.0,"enemies":"Centurion and Healer","floor":31.0,"turns":9.0},{"damage":95,"enemies":"Automaton","floor":33,"turns":8}],"seed_played":"-8605703681242520287","potions_obtained":[{"floor":1.0,"key":"Explosive Potion"},{"floor":14.0,"key":"LiquidMemories"},{"floor":18.0,"key":"ElixirPotion"},{"floor":21.0,"key":"LiquidMemories"}],"is_trial":false,"path_per_floor":["M","?","M","?","M","R","E","?","T","E","M","E","$","E","R","B",null,"M","$","?","M","?","R","?","?","T","T","E","R","E","M","R","B"],"character_chosen":"IRONCLAD","items_purchased":["Shrug It Off","Whetstone"],"campfire_rested":3,"item_purchase_floors":[19,19],"current_hp_per_floor":[74,79,80,80,80,80,71,71,71,62,55,32,32,18,42,42,71,59,59,59,66,66,66,42,42,42,42,27,54,22,48,75,0,0],"gold":515,"neow_bonus":"THREE_ENEMY_KILL","is_daily":false,"chose_seed":false,"campfire_upgraded":2,"win_rate":0.0,"timestamp":1614103045,"path_taken":["M","?","M","?","M","R","E","?","T","E","M","E","?","E","R","BOSS","M","$","?","M","?","R","?","?","T","?","E","R","E","M","R","BOSS"],"items_purchased_type":["Card","Relic"],"build_version":"2020-12-22","purchased_purges":2,"victory":false,"max_hp_per_floor":[75,80,80,80,80,80,80,80,80,80,80,80,80,80,80,80,80,82,82,82,84,84,84,89,89,89,89,91,91,91,93,93,93,93],"relic_stats":{"Singing Bowl":8,"Happy Flower":[8],"counters":[15,73],"Juzu Bracelet":1,"Champion Belt":[7],"Whetstone":["Immolate","Strike_R"],"Orichalcum":[84],"obtain_stats":[{"NeowsBlessing":0,"Singing Bowl":14,"Happy Flower":26,"Juzu Bracelet":7,"Omamori":9,"Whetstone":19,"Orichalcum":17,"Burning Blood":0,"Mercury Hourglass":17,"Old Coin":30,"Calling Bell":17,"Du-Vu Doll":28,"Anchor":27,"Matryoshka":12,"Molten Egg 2":26,"Champion Belt":17,"StrikeDummy":27,"InkBottle":10},{"NeowsBlessing":0,"Singing Bowl":8,"Happy Flower":11,"Juzu Bracelet":4,"Omamori":4,"Whetstone":10,"Orichalcum":9,"Burning Blood":0,"Mercury Hourglass":9,"Old Coin":13,"Calling Bell":9,"Du-Vu Doll":12,"Anchor":11,"Matryoshka":7,"Molten Egg 2":11,"Champion Belt":9,"StrikeDummy":11,"InkBottle":5},{"NeowsBlessing":0,"Singing Bowl":30,"Happy Flower":47,"Juzu Bracelet":8,"Omamori":8,"Whetstone":43,"Orichalcum":38,"Burning Blood":0,"Mercury Hourglass":38,"Old Coin":56,"Calling Bell":38,"Du-Vu Doll":52,"Anchor":47,"Matryoshka":23,"Molten Egg 2":47,"Champion Belt":38,"StrikeDummy":47,"InkBottle":15}],"Burning Blood":73,"InkBottle":[10],"Mercury Hourglass":[171]},"card_choices":[{"not_picked":["Spot Weakness","Clash"],"picked":"Carnage","floor":1.0},{"not_picked":["Havoc","Wild Strike"],"picked":"Headbutt","floor":3.0},{"not_picked":["Iron Wave","Rupture"],"picked":"Bludgeon","floor":5.0},{"not_picked":["Flex","Wild Strike","Anger"],"picked":"SKIP","floor":7.0},{"not_picked":["Pommel Strike","Sever Soul"],"picked":"Ghostly Armor","floor":10.0},{"not_picked":["Clash","Wild Strike","Pommel Strike"],"picked":"SKIP","floor":11.0},{"not_picked":["Cleave","Twin Strike"],"picked":"Demon Form","floor":12.0},{"not_picked":["Thunderclap","Sword Boomerang"],"picked":"Whirlwind","floor":14.0},{"not_picked":["Offering","Limit Break"],"picked":"Immolate","floor":16.0},{"not_picked":["Body Slam","Clash","Armaments"],"picked":"Singing Bowl","floor":18.0},{"not_picked":["Second Wind","Dropkick","Cleave"],"picked":"Singing Bowl","floor":21.0},{"not_picked":["Dark Embrace+1","Feel No Pain","Rupture+1"],"picked":"Singing Bowl","floor":28.0},{"not_picked":["Dark Embrace","Feed+1"],"picked":"Reaper+1","floor":30.0},{"not_picked":["Wild Strike+1","Sentinel","Evolve"],"picked":"Singing Bowl","floor":31.0}],"player_experience":693090,"relics_obtained":[{"floor":7.0,"key":"Juzu Bracelet"},{"floor":9.0,"key":"Omamori"},{"floor":10.0,"key":"InkBottle"},{"floor":12.0,"key":"Matryoshka"},{"floor":14.0,"key":"Singing Bowl"},{"floor":17.0,"key":"Orichalcum"},{"floor":17.0,"key":"Mercury Hourglass"},{"floor":17.0,"key":"Champion Belt"},{"floor":26.0,"key":"Molten Egg 2"},{"floor":26.0,"key":"Happy Flower"},{"floor":27.0,"key":"Anchor"},{"floor":27.0,"key":"StrikeDummy"},{"floor":28.0,"key":"Du-Vu Doll"},{"floor":30.0,"key":"Old Coin"}],"event_choices":[{"damage_healed":0.0,"max_hp_gain":5.0,"max_hp_loss":0.0,"gold_gain":0.0,"event_name":"Big Fish","player_choice":"Donut","floor":2.0,"gold_loss":0.0,"damage_taken":0.0},{"damage_healed":0.0,"max_hp_gain":0.0,"max_hp_loss":0.0,"gold_gain":0.0,"event_name":"Match and Keep!","player_choice":"3 cards matched","floor":4.0,"gold_loss":0.0,"damage_taken":0.0,"cards_obtained":["Fiend Fire","Uppercut","Armaments"]},{"cards_removed":["Strike_R"],"damage_healed":0.0,"max_hp_gain":0.0,"max_hp_loss":0.0,"gold_gain":0.0,"event_name":"Purifier","player_choice":"Purged","floor":8.0,"gold_loss":0.0,"damage_taken":0.0},{"damage_healed":0.0,"max_hp_gain":0.0,"max_hp_loss":0.0,"gold_gain":50.0,"event_name":"Nest","player_choice":"Stole From Cult","floor":20.0,"gold_loss":0.0,"damage_taken":0.0},{"damage_healed":0.0,"max_hp_gain":0.0,"max_hp_loss":0.0,"gold_gain":0.0,"event_name":"Back to Basics","player_choice":"Simplicity","floor":22.0,"gold_loss":0.0,"damage_taken":0.0,"cards_upgraded":["Strike_R","Defend_R","Defend_R","Defend_R","Defend_R"]},{"damage_healed":0.0,"max_hp_gain":5.0,"max_hp_loss":0.0,"gold_gain":0.0,"event_name":"Forgotten Altar","player_choice":"Shed Blood","floor":24.0,"gold_loss":0.0,"damage_taken":29.0},{"damage_healed":0.0,"max_hp_gain":0.0,"max_hp_loss":0.0,"gold_gain":0.0,"event_name":"The Library","player_choice":"Read","floor":25.0,"gold_loss":0.0,"damage_taken":0.0,"cards_obtained":["Ghostly Armor"]}],"is_beta":false,"boss_relics":[{"not_picked":["SacredBark","Astrolabe"],"picked":"Calling Bell"}],"items_purged_floors":[13,19],"is_endless":false,"potions_floor_spawned":[1,14,18,21],"killed_by":"Automaton","ascension_level":20}}