{"host":"7yuv8uj1t8ip67ez","time":1614123718,"event":{"mods":["BaseMod","Best Route Mod","Bestiary","Block Reminder","Colored Map","Colored Powertips","Curses Come First","DeckTracker","Highlight Path","Keyboard Shortcuts","Minty Spire (QoL Compilation)","Potion Indicator Mod","Quick Restart","Random Character Button","Relic Sorter","StSLib"],"gold_per_floor":[117,192,8,8,25,25,37,37,37,68,84,100,100,113,113,218,218,228,245,265,282,282,282],"floor_reached":22,"language":"ENG","playtime":1871,"items_purged":[],"score":247,"play_id":"9a201f26-0c2e-49a9-b50f-24ddc3a3c487","local_time":"20210223154158","is_ascension_mode":true,"campfire_choices":[{"data":"Panache","floor":6,"key":"SMITH"},{"data":"Dodge and Roll","floor":8,"key":"SMITH"},{"floor":13,"key":"REST"},{"floor":15,"key":"REST"}],"circlet_count":0,"master_deck":["Strike_G","Strike_G","Strike_G","Strike_G","Strike_G","Defend_G","Defend_G","Defend_G","Defend_G","Defend_G","Survivor","Neutralize","Dodge and Roll+1","Panache+1","Dagger Spray","Die Die Die","Well Laid Plans","Finisher","Footwork","Choke","Bullet Time","Acrobatics+1","Backstab","Slice","Outmaneuver"],"relics":["Ring of the Snake","Bronze Scales","Toy Ornithopter","SlaversCollar"],"acts_visited":["Exordium","TheCity"],"potions_floor_usage":[10,16,20,20,22],"damage_taken":[{"damage":0,"enemies":"Jaw Worm","floor":1,"turns":4},{"damage":0,"enemies":"2 Louse","floor":5,"turns":4},{"damage":6,"enemies":"Cultist","floor":7,"turns":4},{"damage":38,"enemies":"Gremlin Nob","floor":10,"turns":5},{"damage":0,"enemies":"2 Fungi Beasts","floor":11,"turns":2},{"damage":0,"enemies":"Large Slime","floor":12,"turns":5},{"damage":0,"enemies":"Blue Slaver","floor":14,"turns":4},{"damage":35,"enemies":"Slime Boss","floor":16,"turns":15},{"damage":17,"enemies":"Chosen","floor":18,"turns":4},{"damage":22,"enemies":"2 Thieves","floor":19,"turns":4},{"damage":23,"enemies":"Cultist and Chosen","floor":20,"turns":7},{"damage":8,"enemies":"Snecko","floor":21,"turns":3},{"damage":18,"enemies":"Chosen and Byrds","floor":22,"turns":8}],"seed_played":"-4342292621680252713","potions_obtained":[{"floor":7,"key":"Energy Potion"},{"floor":10,"key":"EssenceOfSteel"},{"floor":12,"key":"Fire Potion"},{"floor":14,"key":"EssenceOfSteel"},{"floor":20,"key":"Block Potion"},{"floor":21,"key":"CultistPotion"}],"is_trial":false,"path_per_floor":["M","?","$","?","M","R","M","R","T","E","M","M","R","M","R","B",null,"M","M","M","M","M"],"character_chosen":"THE_SILENT","items_purchased":["Panache"],"campfire_rested":2,"item_purchase_floors":[3],"current_hp_per_floor":[70,59,59,59,59,59,53,53,53,15,15,15,38,38,61,31,66,49,27,14,6,0,0],"gold":282,"neow_bonus":"TEN_PERCENT_HP_BONUS","is_daily":false,"chose_seed":false,"campfire_upgraded":2,"win_rate":0.0,"timestamp":1614123718,"path_taken":["M","?","$","?","M","R","M","R","T","E","M","M","R","?","R","BOSS","M","M","M","M","M"],"items_purchased_type":["Card"],"build_version":"2020-12-22","purchased_purges":0,"victory":false,"max_hp_per_floor":[77,77,77,77,77,77,77,77,77,77,77,77,77,77,77,77,77,77,77,77,77,77,77],"card_choices":[{"not_picked":["Blade Dance","Poisoned Stab"],"picked":"Dodge and Roll","floor":1},{"not_picked":["Terror","Backstab"],"picked":"Dagger Spray","floor":5},{"not_picked":["Masterful Stab","Eviscerate"],"picked":"Die Die Die","floor":7},{"not_picked":["Backflip","Glass Knife"],"picked":"Well Laid Plans","floor":10},{"not_picked":["Flying Knee","Endless Agony"],"picked":"Finisher","floor":11},{"not_picked":["Deadly Poison","Sucker Punch"],"picked":"Footwork","floor":12},{"not_picked":["Heel Hook","Dagger Spray"],"picked":"Choke","floor":14},{"not_picked":["Adrenaline","Die Die Die"],"picked":"Bullet Time","floor":16},{"not_picked":["Deadly Poison","Skewer+1"],"picked":"Acrobatics+1","floor":18},{"not_picked":["Leg Sweep","Poisoned Stab"],"picked":"Backstab","floor":19},{"not_picked":["Backflip","PiercingWail"],"picked":"Slice","floor":20},{"not_picked":["Dodge and Roll","Riddle With Holes"],"picked":"Outmaneuver","floor":21}],"player_experience":504302,"relics_obtained":[{"floor":9,"key":"Bronze Scales"},{"floor":10,"key":"Toy Ornithopter"}],"event_choices":[{"damage_healed":0,"gold_gain":75,"player_choice":"Gather Gold","damage_taken":11,"max_hp_gain":0,"max_hp_loss":0,"event_name":"World of Goop","floor":2,"gold_loss":0},{"damage_healed":0,"gold_gain":0,"player_choice":"Ignored","damage_taken":0,"max_hp_gain":0,"max_hp_loss":0,"event_name":"WeMeetAgain","floor":4,"gold_loss":0}],"is_beta":false,"boss_relics":[{"not_picked":["Snecko Eye","Velvet Choker"],"picked":"SlaversCollar"}],"items_purged_floors":[],"is_endless":false,"potions_floor_spawned":[7,10,12,14,20,21],"killed_by":"Chosen and Byrds","ascension_level":6}}