{"host":"z9rwthyxsf7d04ix","time":1614091778,"event":{"mods":["AchievementEnabler","BaseMod","Colored Map","Colored Powertips","Minty Spire (QoL Compilation)","Quick Restart"],"gold_per_floor":[12,12,22,122,141,141,167,167,190,190,207,226,259,55,55,157,157,169,169,169,179,179,206,206,206],"floor_reached":24,"language":"ENG","playtime":2026,"items_purged":[],"score":269,"play_id":"22b7ad28-d739-4ee6-9a53-c64609348777","local_time":"20210223164938","is_ascension_mode":true,"campfire_choices":[{"data":"1","floor":6,"key":"LIFT"},{"data":"2","floor":8,"key":"LIFT"},{"data":"3","floor":10,"key":"LIFT"},{"data":"Feel No Pain","floor":15,"key":"SMITH"}],"circlet_count":0,"master_deck":["Strike_R+1","Strike_R+1","Strike_R+1","Strike_R+1","Strike_R+1","Defend_R+1","Defend_R+1","Defend_R+1","Defend_R+1","Bash+1","Dropkick","Battle Trance","Warcry","Corruption","Feel No Pain+1","Magnetism","Offering","Iron Wave","Dark Embrace"],"relics":["Burning Blood","Girya","Ancient Tea Set","Bronze Scales","Toy Ornithopter","Black Star","Singing Bowl","Oddly Smooth Stone"],"acts_visited":["Exordium","TheCity"],"potions_floor_usage":[13,13,16,21],"damage_taken":[{"damage":2,"enemies":"Small Slimes","floor":1,"turns":4},{"damage":10,"enemies":"2 Louse","floor":3,"turns":3},{"damage":6,"enemies":"Cultist","floor":5,"turns":3},{"damage":8,"enemies":"Gremlin Nob","floor":7,"turns":3},{"damage":3,"enemies":"3 Louse","floor":11,"turns":2},{"damage":3,"enemies":"Blue Slaver","floor":12,"turns":2},{"damage":2,"enemies":"Lagavulin","floor":13,"turns":3},{"damage":36,"enemies":"The Guardian","floor":16,"turns":7},{"damage":17,"enemies":"Spheric Guardian","floor":18,"turns":5},{"damage":14,"enemies":"3 Byrds","floor":21,"turns":4},{"damage":53,"enemies":"Slavers","floor":23,"turns":6},{"damage":24,"enemies":"Snecko","floor":24,"turns":5}],"seed_played":"-7263796442756893634","potions_obtained":[{"floor":7,"key":"Swift Potion"},{"floor":11,"key":"HeartOfIron"},{"floor":12,"key":"Block Potion"},{"floor":13,"key":"ColorlessPotion"},{"floor":23,"key":"BlessingOfTheForge"}],"is_trial":false,"path_per_floor":["M","?","M","?","M","R","E","R","T","R","M","M","E","$","R","B",null,"M","$","?","M","?","E","M"],"character_chosen":"IRONCLAD","items_purchased":["Feel No Pain","Magnetism"],"campfire_rested":0,"item_purchase_floors":[14,14],"current_hp_per_floor":[80,80,76,76,76,76,74,74,74,74,77,80,80,80,80,50,80,69,69,69,66,66,19,0,0],"gold":206,"neow_bonus":"ONE_RARE_RELIC","is_daily":false,"chose_seed":false,"campfire_upgraded":1,"win_rate":0.0,"timestamp":1614091778,"path_taken":["M","?","M","?","M","R","E","R","T","R","M","M","E","$","R","BOSS","M","$","?","M","?","E","M"],"items_purchased_type":["Card","Card"],"build_version":"2020-12-22","purchased_purges":0,"victory":false,"max_hp_per_floor":[80,80,80,80,80,80,80,80,80,80,80,80,80,80,80,80,80,80,80,80,80,80,80,80,80],"card_choices":[{"not_picked":["Wild Strike","Pommel Strike","Power Through"],"picked":"SKIP","floor":1},{"not_picked":["Wild Strike","Sentinel"],"picked":"Dropkick","floor":3},{"not_picked":["Power Through","Feel No Pain"],"picked":"Battle Trance","floor":5},{"not_picked":["Clothesline","Wild Strike"],"picked":"Warcry","floor":7},{"not_picked":["Wild Strike","Cleave","Headbutt"],"picked":"SKIP","floor":11},{"not_picked":["Clash","Sentinel","Sword Boomerang"],"picked":"SKIP","floor":12},{"not_picked":["Power Through","Havoc"],"picked":"Corruption","floor":13},{"not_picked":["Impervious","Demon Form"],"picked":"Offering","floor":16},{"not_picked":["Heavy Blade","Headbutt","Blood for Blood"],"picked":"SKIP","floor":18},{"not_picked":["Entrench","Fire Breathing"],"picked":"Iron Wave","floor":21},{"not_picked":["Demon Form","Entrench"],"picked":"Dark Embrace","floor":23}],"player_experience":779231,"relics_obtained":[{"floor":7,"key":"Ancient Tea Set"},{"floor":9,"key":"Bronze Scales"},{"floor":13,"key":"Toy Ornithopter"},{"floor":23,"key":"Singing Bowl"},{"floor":23,"key":"Oddly Smooth Stone"}],"event_choices":[{"damage_healed":0,"gold_gain":0,"player_choice":"Grow","damage_taken":0,"max_hp_gain":0,"max_hp_loss":0,"event_name":"Living Wall","floor":2,"gold_loss":0,"cards_upgraded":["Bash"]},{"damage_healed":0,"gold_gain":100,"player_choice":"Pray","damage_taken":0,"max_hp_gain":0,"max_hp_loss":0,"event_name":"Golden Shrine","floor":4,"gold_loss":0},{"damage_healed":0,"gold_gain":0,"player_choice":"Ignored","damage_taken":0,"max_hp_gain":0,"max_hp_loss":0,"event_name":"Ghosts","floor":20,"gold_loss":0},{"damage_healed":0,"gold_gain":0,"player_choice":"Simplicity","damage_taken":0,"max_hp_gain":0,"max_hp_loss":0,"event_name":"Back to Basics","floor":22,"gold_loss":0,"cards_upgraded":["Strike_R","Strike_R","Strike_R","Strike_R","Strike_R","Defend_R","Defend_R","Defend_R","Defend_R"]}],"is_beta":false,"boss_relics":[{"not_picked":["Busted Crown","Mark of Pain"],"picked":"Black Star"}],"items_purged_floors":[],"is_endless":false,"potions_floor_spawned":[7,11,12,13,23],"killed_by":"Snecko","ascension_level":4}}