{"host":"6406jj8da6015sxr","time":1614068616,"event":{"mods":["AchievementEnabler","BaseMod","Colored Map","DeckTracker","Keyboard Shortcuts","Minty Spire (QoL Compilation)","Permanent Neow","Relic Stats","SuperFastMode","everything is the same but u backflip on backflip"],"gold_per_floor":[113,128,128,128,143,143,163,190,213,213,240,255,72,90,90,167,167,178,178,195,212,52,65,95,111,138,148,148,161,161,172,172,245,245,256,270,318,318,318],"floor_reached":38,"language":"KOR","playtime":1547,"items_purged":["Defend_G"],"score":974,"play_id":"c96e7803-455d-44af-8b93-560d0e97eae0","local_time":"20210223172336","is_ascension_mode":true,"campfire_choices":[{"data":"Dagger Spray","floor":6.0,"key":"SMITH"},{"floor":10.0,"key":"REST"},{"data":"Apotheosis","floor":15.0,"key":"SMITH"},{"data":"Calculated Gamble","floor":28,"key":"SMITH"},{"floor":30,"key":"REST"},{"data":"Prepared","floor":32,"key":"SMITH"}],"circlet_count":0,"master_deck":["AscendersBane","Strike_G","Strike_G","Strike_G","Strike_G","Defend_G","Defend_G","Defend_G","Survivor","Neutralize","Terror+1","Dagger Spray+1","PiercingWail+1","Predator","Blade Dance","Poisoned Stab","Eviscerate","Dagger Spray","Apotheosis+1","Backstab","Storm of Steel","Reflex","Prepared+1","Wraith Form v2","Calculated Gamble+1","Well Laid Plans","PiercingWail+1","Underhanded Strike","Envenom","Backflip","Calculated Gamble+1"],"relics":["Ring of the Snake","Happy Flower","Regal Pillow","Centennial Puzzle","Philosopher\u0027s Stone","Mercury Hourglass","Snake Skull","HoveringKite","Unceasing Top"],"acts_visited":["Exordium","TheCity","TheBeyond"],"potions_floor_usage":[21,24,25,33],"damage_taken":[{"damage":1.0,"enemies":"Cultist","floor":1.0,"turns":4.0},{"damage":4.0,"enemies":"Small Slimes","floor":2.0,"turns":3.0},{"damage":0.0,"enemies":"Jaw Worm","floor":5.0,"turns":4.0},{"damage":6.0,"enemies":"Blue Slaver","floor":7.0,"turns":4.0},{"damage":16.0,"enemies":"3 Sentries","floor":8.0,"turns":7.0},{"damage":17.0,"enemies":"Lagavulin","floor":11.0,"turns":5.0},{"damage":0.0,"enemies":"3 Louse","floor":12.0,"turns":2.0},{"damage":4.0,"enemies":"Red Slaver","floor":14.0,"turns":2.0},{"damage":0.0,"enemies":"Slime Boss","floor":16.0,"turns":4.0},{"damage":10,"enemies":"3 Byrds","floor":18,"turns":4},{"damage":0,"enemies":"Chosen","floor":20,"turns":2},{"damage":1,"enemies":"Snecko","floor":21,"turns":3},{"damage":2,"enemies":"Cultist and Chosen","floor":23,"turns":5},{"damage":0,"enemies":"Book of Stabbing","floor":24,"turns":4},{"damage":0,"enemies":"Chosen and Byrds","floor":25,"turns":3},{"damage":0,"enemies":"Snecko","floor":27,"turns":3},{"damage":1,"enemies":"Centurion and Healer","floor":29,"turns":4},{"damage":0,"enemies":"Snake Plant","floor":31,"turns":4},{"damage":64,"enemies":"Champ","floor":33,"turns":11},{"damage":14,"enemies":"3 Darklings","floor":35,"turns":4},{"damage":4,"enemies":"3 Shapes","floor":36,"turns":2},{"damage":20,"enemies":"2 Orb Walkers","floor":37,"turns":4},{"damage":13,"enemies":"Jaw Worm Horde","floor":38,"turns":1}],"seed_played":"952060990714180942","potions_obtained":[{"floor":5.0,"key":"SpeedPotion"},{"floor":7.0,"key":"Energy Potion"},{"floor":8.0,"key":"Fire Potion"},{"floor":19,"key":"LiquidMemories"},{"floor":19,"key":"GhostInAJar"},{"floor":21,"key":"AttackPotion"},{"floor":25,"key":"SpeedPotion"},{"floor":29,"key":"GhostInAJar"},{"floor":33,"key":"LiquidBronze"},{"floor":35,"key":"Weak Potion"}],"is_trial":false,"path_per_floor":["M","M","?","?","M","R","M","E","T","R","E","M","$","M","R","B",null,"M","?","M","M","$","M","E","M","T","M","R","M","R","M","R","B",null,"M","M","?","M"],"character_chosen":"THE_SILENT","items_purchased":["Apotheosis","Calculated Gamble"],"campfire_rested":2,"item_purchase_floors":[13,22],"current_hp_per_floor":[58,54,34,34,34,34,28,12,12,46,29,29,29,25,25,25,56,46,46,46,45,45,43,43,43,43,43,43,42,66,66,66,2,50,36,32,12,0,0],"gold":318,"neow_bonus":"TRANSFORM_CARD","is_daily":false,"chose_seed":false,"campfire_upgraded":4,"win_rate":0.0,"timestamp":1614068616,"path_taken":["M","M","?","?","M","R","?","E","T","R","E","M","$","M","R","BOSS","M","?","M","?","?","?","E","M","T","?","R","M","R","M","R","BOSS","M","M","?","M"],"items_purchased_type":["Card","Card"],"build_version":"2020-12-22","purchased_purges":1,"victory":false,"max_hp_per_floor":[66,66,66,66,66,66,66,66,66,66,66,66,66,66,66,66,66,66,66,66,66,66,66,66,66,66,66,66,66,66,66,66,66,66,66,66,66,66,66],"relic_stats":{"Regal Pillow":20,"Centennial Puzzle":[27],"Happy Flower":[22],"counters":[23,89],"HoveringKite":[5],"Snake Skull":[54],"obtain_stats":[{"Regal Pillow":9,"Centennial Puzzle":11,"Happy Flower":8,"HoveringKite":34,"Philosopher\u0027s Stone":17,"Snake Skull":26,"Unceasing Top":37,"Ring of the Snake":0,"Mercury Hourglass":24},{"Regal Pillow":5,"Centennial Puzzle":6,"Happy Flower":5,"HoveringKite":19,"Philosopher\u0027s Stone":9,"Snake Skull":15,"Unceasing Top":22,"Ring of the Snake":0,"Mercury Hourglass":14},{"Regal Pillow":22,"Centennial Puzzle":27,"Happy Flower":22,"HoveringKite":78,"Philosopher\u0027s Stone":35,"Snake Skull":56,"Unceasing Top":88,"Ring of the Snake":0,"Mercury Hourglass":53}],"Unceasing Top":[3],"Ring of the Snake":[46],"Mercury Hourglass":[120]},"card_choices":[{"not_picked":["Quick Slash","Riddle With Holes"],"picked":"Dagger Spray","floor":1.0},{"not_picked":["Blur","Prepared"],"picked":"PiercingWail","floor":2.0},{"not_picked":["Concentrate","Cloak And Dagger"],"picked":"Predator","floor":5.0},{"not_picked":["Underhanded Strike","Dodge and Roll"],"picked":"Blade Dance","floor":7.0},{"not_picked":["Calculated Gamble","Bouncing Flask"],"picked":"Poisoned Stab","floor":8.0},{"not_picked":["Flying Knee","Prepared"],"picked":"Eviscerate","floor":11.0},{"not_picked":["Deflect","Flying Knee"],"picked":"Dagger Spray","floor":12.0},{"not_picked":["Deadly Poison","PiercingWail"],"picked":"Backstab","floor":14.0},{"not_picked":["A Thousand Cuts","Venomology"],"picked":"Storm of Steel","floor":16.0},{"not_picked":["Dagger Throw+1","Flying Knee"],"picked":"Reflex","floor":18},{"not_picked":["Dagger Throw","Endless Agony"],"picked":"Prepared","floor":20},{"not_picked":["Leg Sweep","Underhanded Strike"],"picked":"Wraith Form v2","floor":21},{"not_picked":["Quick Slash","Flying Knee","Prepared"],"picked":"SKIP","floor":23},{"not_picked":["Endless Agony","Escape Plan"],"picked":"Well Laid Plans","floor":24},{"not_picked":["Poisoned Stab+1","Prepared","Cloak And Dagger"],"picked":"SKIP","floor":25},{"not_picked":["Malaise","Flying Knee","Outmaneuver"],"picked":"SKIP","floor":27},{"not_picked":["Deadly Poison","Prepared"],"picked":"PiercingWail+1","floor":29},{"not_picked":["PiercingWail","Deadly Poison"],"picked":"Underhanded Strike","floor":31},{"not_picked":["Glass Knife","Grand Finale"],"picked":"Envenom","floor":33},{"not_picked":["Underhanded Strike+1","Flying Knee"],"picked":"Backflip","floor":35},{"not_picked":["Distraction","Skewer","Catalyst"],"picked":"SKIP","floor":36},{"not_picked":["Blade Dance","Slice"],"picked":"Calculated Gamble+1","floor":37}],"player_experience":85201,"relics_obtained":[{"floor":8.0,"key":"Happy Flower"},{"floor":9.0,"key":"Regal Pillow"},{"floor":11.0,"key":"Centennial Puzzle"},{"floor":24,"key":"Mercury Hourglass"},{"floor":26,"key":"Snake Skull"},{"floor":37,"key":"Unceasing Top"}],"event_choices":[{"damage_healed":0.0,"max_hp_gain":0.0,"max_hp_loss":0.0,"gold_gain":0.0,"event_name":"Shining Light","player_choice":"Entered Light","floor":3.0,"gold_loss":0.0,"damage_taken":20.0,"cards_upgraded":["Terror","PiercingWail"]},{"cards_removed":["Defend_G"],"damage_healed":0.0,"max_hp_gain":0.0,"max_hp_loss":0.0,"gold_gain":0.0,"event_name":"Bonfire Elementals","player_choice":"Offered Basic","floor":4.0,"gold_loss":0.0,"damage_taken":0.0},{"damage_healed":0,"gold_gain":0,"player_choice":"Got Potions","damage_taken":0,"max_hp_gain":0,"max_hp_loss":0,"event_name":"Lab","floor":19,"gold_loss":0},{"damage_healed":0,"gold_gain":0,"player_choice":"Fight","damage_taken":0,"max_hp_gain":0,"max_hp_loss":0,"event_name":"Mysterious Sphere","floor":37,"gold_loss":0}],"is_beta":false,"boss_relics":[{"not_picked":["Velvet Choker","Calling Bell"],"picked":"Philosopher\u0027s Stone"},{"not_picked":["SacredBark","Runic Pyramid"],"picked":"HoveringKite"}],"items_purged_floors":[22],"is_endless":false,"potions_floor_spawned":[5,7,8,20,21,23,25,29,33,35],"killed_by":"Jaw Worm Horde","ascension_level":20}}