{"host":"adt9pv9dmmkchns7","time":1614103858,"event":{"mods":["AchievementEnabler","Aspiration","BaseMod","Beaked The Cultist","Better Third Choice","Curses Come First","Energized Spire","Minty Spire (QoL Compilation)","Permanent Neow","Potionbrewer","Quick Restart","Reliquary","Replay The Spire","Robot Space Explorer","Shade Mod","Spicy Shops","StSLib","The Blackbeard","The Cursed","The Forsaken","The Gatherer","The Necromancer","Wandering Minibosses"],"gold_per_floor":[118,134,153,153,170,170,198,198,198,225,235,235,249,278,278,380,380,305,655,657,657],"floor_reached":20,"language":"ENG","playtime":2093,"items_purged":[],"score":296,"play_id":"44a814d7-06d9-4337-86d0-423b176e2455","local_time":"20210223191058","is_ascension_mode":true,"campfire_choices":[{"floor":6,"key":"RECALL"},{"data":"potionbrewer:ChokingPowder","floor":8,"key":"SMITH"},{"floor":15,"key":"REST"}],"circlet_count":0,"master_deck":["potionbrewer:PotionbrewerStrike","potionbrewer:PotionbrewerStrike","potionbrewer:PotionbrewerStrike","potionbrewer:PotionbrewerStrike+1","potionbrewer:PotionbrewerDefend","potionbrewer:PotionbrewerDefend","potionbrewer:PotionbrewerDefend","potionbrewer:PotionbrewerDefend","potionbrewer:Collect","potionbrewer:ChemicalSpill","ReplayTheSpireMod:Private Reserves","potionbrewer:Refill","potionbrewer:ChokingPowder+1","potionbrewer:ChemicalRage","theForsaken:PlagueCurse","potionbrewer:Prototype","potionbrewer:ChemicalWeapons","potionbrewer:Fuel","potionbrewer:Toxicity","potionbrewer:Discombobulate","potionbrewer:PotentialEnergy","potionbrewer:HazardousWaste","potionbrewer:QuickStep+1","ReplayTheSpireMod:Splinters","ReplayTheSpireMod:Doomed"],"relics":["potionbrewer:PotionKit","theForsaken:PlagueMask","reliquary:SilkGlove","reliquary:RosewoodLute","Toy Ornithopter","energizedSpire:OgreHead","Ring of Greed","Ring of Fury","Old Coin","Replay:Bandana"],"acts_visited":["Exordium","TheCity"],"potions_floor_usage":[3,5,5,7,7,7,7,10,10,10,11,11,11,12,14,14,16,16,16,18],"damage_taken":[{"damage":5,"enemies":"Small Slimes","floor":1,"turns":4},{"damage":0,"enemies":"2 Louse","floor":2,"turns":6},{"damage":0,"enemies":"Cultist","floor":3,"turns":4},{"damage":3,"enemies":"2 Fungi Beasts","floor":5,"turns":4},{"damage":31,"enemies":"3 Sentries","floor":7,"turns":10},{"damage":3,"enemies":"Lagavulin","floor":10,"turns":6},{"damage":3,"enemies":"Blue Slaver","floor":11,"turns":5},{"damage":0,"enemies":"Lots of Slimes","floor":12,"turns":1},{"damage":0,"enemies":"3 Louse","floor":13,"turns":3},{"damage":17,"enemies":"3 Sentries","floor":14,"turns":8},{"damage":14,"enemies":"Hexaghost","floor":16,"turns":8},{"damage":35,"enemies":"2 Thieves","floor":18,"turns":6},{"damage":0,"enemies":"3 Byrds","floor":20,"turns":2}],"seed_played":"-7811413172098050088","potions_obtained":[{"floor":2,"key":"potionbrewer:SplittingPotion"},{"floor":7,"key":"Energy Potion"},{"floor":10,"key":"Ancient Potion"}],"is_trial":false,"path_per_floor":["M","M","M","?","M","R","E","R","T","E","M","M","M","E","R","B",null,"M","?","M"],"character_chosen":"POTIONBREWER","items_purchased":[],"campfire_rested":1,"item_purchase_floors":[],"current_hp_per_floor":[63,63,63,63,60,60,29,29,29,26,23,23,23,6,28,29,64,34,34,34,34],"gold":657,"neow_bonus":"RANDOM_COLORLESS","is_daily":false,"chose_seed":false,"campfire_upgraded":1,"win_rate":0.0,"timestamp":1614103858,"path_taken":["M","M","M","?","M","R","E","R","T","E","M","M","M","E","R","BOSS","M","?","M"],"items_purchased_type":[],"build_version":"2020-12-22","purchased_purges":0,"victory":false,"max_hp_per_floor":[75,75,75,75,75,75,75,75,75,75,75,75,75,75,75,75,75,75,75,75,75],"card_choices":[{"not_picked":["Specialist","Impatience"],"picked":"ReplayTheSpireMod:Private Reserves","floor":0},{"not_picked":["potionbrewer:BalancedFormula","potionbrewer:CausticBarrier"],"picked":"potionbrewer:Refill","floor":1},{"not_picked":["potionbrewer:Smack","potionbrewer:EmptyBottle"],"picked":"potionbrewer:ChokingPowder","floor":2},{"not_picked":["potionbrewer:AlchemistForm","potionbrewer:Brandish"],"picked":"potionbrewer:ChemicalRage","floor":3},{"not_picked":["potionbrewer:CrossReference","potionbrewer:ExplosiveReaction","potionbrewer:Smokescreen"],"picked":"potionbrewer:Prototype","floor":5},{"not_picked":["potionbrewer:Refill","potionbrewer:Brandish"],"picked":"potionbrewer:ChemicalWeapons","floor":7},{"not_picked":["potionbrewer:BlindingMist","potionbrewer:FortifiedSerum"],"picked":"potionbrewer:Fuel","floor":10},{"not_picked":["potionbrewer:OneTwoPunch","potionbrewer:Smack"],"picked":"potionbrewer:Toxicity","floor":11},{"not_picked":["potionbrewer:TestFormula","potionbrewer:BalancedFormula"],"picked":"potionbrewer:Discombobulate","floor":13},{"not_picked":["potionbrewer:Brandish","potionbrewer:VolatileSolution"],"picked":"potionbrewer:PotentialEnergy","floor":14},{"not_picked":["potionbrewer:Transmute","potionbrewer:EquivalentExchange"],"picked":"potionbrewer:HazardousWaste","floor":16},{"not_picked":["potionbrewer:Toxicity","potionbrewer:Smack"],"picked":"potionbrewer:QuickStep+1","floor":18}],"player_experience":1002488,"relics_obtained":[{"floor":7,"key":"reliquary:SilkGlove"},{"floor":10,"key":"reliquary:RosewoodLute"},{"floor":14,"key":"Toy Ornithopter"},{"floor":19,"key":"Ring of Greed"},{"floor":19,"key":"Ring of Fury"},{"floor":19,"key":"Old Coin"},{"floor":19,"key":"Replay:Bandana"}],"event_choices":[{"damage_healed":0,"gold_gain":0,"player_choice":"Obtain Plague Curse","damage_taken":0,"max_hp_gain":0,"max_hp_loss":0,"event_name":"Plague Doctor","floor":4,"gold_loss":0,"cards_obtained":["theForsaken:PlagueCurse"]}],"is_beta":false,"boss_relics":[{"not_picked":["Coffee Dripper","aspiration:WatcherSkillbook"],"picked":"energizedSpire:OgreHead"}],"items_purged_floors":[],"is_endless":false,"potions_floor_spawned":[2,7,10,12],"killed_by":"3 Byrds","ascension_level":7}}