{"host":"1vy6j31128f61x2z","time":1614053568,"event":{"mods":["AchievementEnabler","BaseMod","Colored Powertips","Minty Spire (QoL Compilation)","Permanent Neow"],"gold_per_floor":[112,112,130,305,325,352,366,366,421,57,57,91,145,155,155,250,250,261,261,280,280,280,280,311,311,311,339,339,351,68,93,93,190,190,202,220,172,172,182,208,220,255,255,28,28,28,43,60,60,60],"floor_reached":51,"language":"ENG","playtime":1988,"items_purged":["Strike_G"],"score":1072,"play_id":"998ff6a2-267f-48bc-b69b-91a02a269378","local_time":"20210222231248","is_ascension_mode":true,"campfire_choices":[{"data":"Leg Sweep","floor":8.0,"key":"SMITH"},{"data":"Deadly Poison","floor":11.0,"key":"SMITH"},{"data":"Blade Dance","floor":15.0,"key":"SMITH"},{"data":"Blade Dance","floor":23.0,"key":"SMITH"},{"floor":25.0,"key":"REST"},{"data":"Infinite Blades","floor":28.0,"key":"SMITH"},{"data":"1","floor":32.0,"key":"LIFT"},{"data":"2","floor":46,"key":"LIFT"},{"data":"3","floor":49,"key":"LIFT"}],"circlet_count":0,"master_deck":["Strike_G","Strike_G","Strike_G","Strike_G","Defend_G","Defend_G","Defend_G","Defend_G","Defend_G","Survivor","Neutralize","Glass Knife+1","Infinite Blades+1","Deadly Poison+1","Leg Sweep+1","Deflect","Blade Dance+1","Blade Dance+1","Adrenaline","PiercingWail","Noxious Fumes","Dash","Backstab","Backflip","Finisher","Blade Dance","Escape Plan","After Image","Cloak And Dagger+1","Blade Dance","Madness","Madness","Leg Sweep+1","Burst","Finisher","Escape Plan+1"],"relics":["Ring of the Snake","Sundial","Nunchaku","Blood Vial","ClockworkSouvenir","Bronze Scales","WristBlade","StrikeDummy","Omamori","Dream Catcher","Mercury Hourglass","Mango","Akabeko","Girya","SlaversCollar","Bottled Tornado","Mummified Hand","Gremlin Horn","Vajra"],"acts_visited":["Exordium","TheCity","TheBeyond"],"potions_floor_usage":[33,33,50,50,50],"damage_taken":[{"damage":0.0,"enemies":"2 Louse","floor":1.0,"turns":1.0},{"damage":2.0,"enemies":"Jaw Worm","floor":3.0,"turns":4.0},{"damage":0.0,"enemies":"Small Slimes","floor":5.0,"turns":2.0},{"damage":19.0,"enemies":"Lagavulin","floor":6.0,"turns":8.0},{"damage":24.0,"enemies":"Exordium Wildlife","floor":7.0,"turns":8.0},{"damage":13.0,"enemies":"3 Sentries","floor":12.0,"turns":7.0},{"damage":0.0,"enemies":"Red Slaver","floor":14.0,"turns":2.0},{"damage":5.0,"enemies":"Hexaghost","floor":16.0,"turns":10.0},{"damage":9.0,"enemies":"2 Thieves","floor":18.0,"turns":3.0},{"damage":0.0,"enemies":"Spheric Guardian","floor":20.0,"turns":3.0},{"damage":10.0,"enemies":"Slavers","floor":24.0,"turns":3.0},{"damage":12.0,"enemies":"Gremlin Leader","floor":27.0,"turns":6.0},{"damage":1.0,"enemies":"Shelled Parasite and Fungi","floor":29.0,"turns":3.0},{"damage":11.0,"enemies":"Slavers","floor":31.0,"turns":3.0},{"damage":19,"enemies":"Champ","floor":33,"turns":5},{"damage":0,"enemies":"3 Shapes","floor":35,"turns":2},{"damage":0,"enemies":"3 Darklings","floor":36,"turns":2},{"damage":0,"enemies":"Jaw Worm Horde","floor":39,"turns":2},{"damage":22,"enemies":"Nemesis","floor":40,"turns":5},{"damage":3,"enemies":"Spire Growth","floor":41,"turns":4},{"damage":0,"enemies":"Reptomancer","floor":42,"turns":4},{"damage":0,"enemies":"4 Shapes","floor":47,"turns":1},{"damage":0,"enemies":"Jaw Worm Horde","floor":48,"turns":2},{"damage":22,"enemies":"Awakened One","floor":50,"turns":9}],"seed_played":"8626358621600502967","potions_obtained":[{"floor":1.0,"key":"LiquidBronze"},{"floor":7.0,"key":"FearPotion"},{"floor":20.0,"key":"Explosive Potion"},{"floor":27.0,"key":"GamblersBrew"},{"floor":31.0,"key":"Strength Potion"},{"floor":39,"key":"Strength Potion"},{"floor":42,"key":"DuplicationPotion"},{"floor":47,"key":"CunningPotion"}],"is_trial":false,"path_per_floor":["M","?","M","?","M","E","M","R","T","$","R","E","?","M","R","B",null,"M","?","M","T","?","R","E","R","T","E","R","M","$","E","R","B",null,"M","M","$","?","M","E","M","E","T","$","?","R","M","M","R","B",null],"character_chosen":"THE_SILENT","items_purchased":["Blood Vial","ClockworkSouvenir","Finisher","Blade Dance","Akabeko","Blade Dance","Vajra","Finisher"],"campfire_rested":1,"item_purchase_floors":[10,10,30,30,30,37,44,44],"current_hp_per_floor":[63,63,61,61,61,42,18,18,18,18,18,7,7,9,9,6,49,42,31,33,33,33,33,25,45,45,49,49,50,50,41,41,24,68,70,72,72,62,64,44,43,45,45,45,45,45,47,49,49,29],"gold":60,"neow_bonus":"THREE_RARE_CARDS","is_daily":false,"chose_seed":false,"campfire_upgraded":5,"win_rate":0.0,"timestamp":1614053568,"path_taken":["M","?","M","?","M","E","?","R","T","$","R","E","?","M","R","BOSS","M","?","M","?","?","R","E","R","T","E","R","M","$","E","R","BOSS","M","M","$","?","M","E","M","E","T","$","?","R","M","M","R","BOSS"],"items_purchased_type":["Relic","Relic","Card","Card","Relic","Card","Relic","Card"],"build_version":"2020-12-22","purchased_purges":1,"victory":true,"max_hp_per_floor":[63,63,63,63,63,63,63,63,63,63,63,63,63,63,63,63,63,63,68,68,68,68,68,68,68,68,82,82,82,82,82,82,82,82,82,82,82,82,82,82,82,82,82,82,82,82,82,82,82,82],"card_choices":[{"not_picked":["Tools of the Trade","Burst"],"picked":"Glass Knife","floor":0.0},{"not_picked":["Bouncing Flask","Flying Knee"],"picked":"Infinite Blades","floor":1.0},{"not_picked":["Dagger Throw","Bane"],"picked":"Deadly Poison","floor":3.0},{"not_picked":["Prepared","Infinite Blades"],"picked":"Leg Sweep","floor":5.0},{"not_picked":["Dodge and Roll","Slice"],"picked":"Deflect","floor":6.0},{"not_picked":["Prepared","Reflex","Expertise"],"picked":"SKIP","floor":7.0},{"not_picked":["Setup","Crippling Poison"],"picked":"Blade Dance","floor":12.0},{"not_picked":["PiercingWail","Flying Knee"],"picked":"Blade Dance","floor":14.0},{"not_picked":["Malaise","Doppelganger"],"picked":"Adrenaline","floor":16.0},{"not_picked":["Dagger Throw+1","Sucker Punch","Poisoned Stab"],"picked":"SKIP","floor":18.0},{"not_picked":["Bouncing Flask","Dodge and Roll+1"],"picked":"PiercingWail","floor":20.0},{"not_picked":["Underhanded Strike+1","Sucker Punch"],"picked":"Noxious Fumes","floor":24.0},{"not_picked":["Deflect","Distraction+1"],"picked":"Dash","floor":25.0},{"not_picked":["Eviscerate","PiercingWail"],"picked":"Backstab","floor":27.0},{"not_picked":["Bane","Dagger Throw"],"picked":"Backflip","floor":29.0},{"not_picked":["Slice","Crippling Poison"],"picked":"Escape Plan","floor":31.0},{"not_picked":["Unload","Bullet Time"],"picked":"After Image","floor":33},{"not_picked":["Blade Dance","Choke+1"],"picked":"Cloak And Dagger+1","floor":35},{"not_picked":["Bouncing Flask","Tactician+1","Bane+1"],"picked":"SKIP","floor":36},{"not_picked":["Endless Agony+1","Cloak And Dagger"],"picked":"Leg Sweep+1","floor":39},{"not_picked":["Tactician+1","Eviscerate"],"picked":"Burst","floor":40},{"not_picked":["Blade Dance","Poisoned Stab","Outmaneuver+1"],"picked":"SKIP","floor":41},{"not_picked":["All Out Attack","Deflect","Outmaneuver+1"],"picked":"SKIP","floor":42},{"not_picked":["Flying Knee","Prepared","Outmaneuver"],"picked":"SKIP","floor":47},{"not_picked":["Tactician+1","Dash+1"],"picked":"Escape Plan+1","floor":48}],"player_experience":127088,"relics_obtained":[{"floor":6.0,"key":"Sundial"},{"floor":9.0,"key":"Nunchaku"},{"floor":12.0,"key":"Bronze Scales"},{"floor":21.0,"key":"StrikeDummy"},{"floor":24.0,"key":"Dream Catcher"},{"floor":26.0,"key":"Mercury Hourglass"},{"floor":27.0,"key":"Mango"},{"floor":31.0,"key":"Girya"},{"floor":40,"key":"Bottled Tornado"},{"floor":42,"key":"Mummified Hand"},{"floor":43,"key":"Gremlin Horn"}],"event_choices":[{"damage_healed":0.0,"max_hp_gain":0.0,"max_hp_loss":0.0,"gold_gain":0.0,"event_name":"Living Wall","player_choice":"Grow","floor":2.0,"gold_loss":0.0,"damage_taken":0.0,"cards_upgraded":["Glass Knife"]},{"damage_healed":0.0,"max_hp_gain":0.0,"max_hp_loss":0.0,"gold_gain":175.0,"event_name":"Liars Game","player_choice":"AGREE","floor":4.0,"gold_loss":0.0,"damage_taken":0.0,"cards_obtained":["Doubt"]},{"damage_healed":0.0,"max_hp_gain":0.0,"max_hp_loss":0.0,"gold_gain":54.0,"event_name":"Golden Wing","player_choice":"Gained Gold","floor":13.0,"gold_loss":0.0,"damage_taken":0.0},{"damage_healed":0.0,"max_hp_gain":5.0,"max_hp_loss":0.0,"gold_gain":0.0,"event_name":"Forgotten Altar","player_choice":"Shed Blood","floor":19.0,"gold_loss":0.0,"damage_taken":16.0},{"damage_healed":0.0,"max_hp_gain":0.0,"max_hp_loss":0.0,"gold_gain":0.0,"event_name":"The Mausoleum","player_choice":"Opened","floor":22.0,"gold_loss":0.0,"damage_taken":0.0,"relics_obtained":["Omamori"]},{"damage_healed":0,"gold_gain":0,"player_choice":"Embrace Madness","damage_taken":10,"max_hp_gain":0,"max_hp_loss":0,"event_name":"Winding Halls","floor":38,"gold_loss":0,"cards_obtained":["Madness","Madness"]},{"cards_removed":["Doubt"],"damage_healed":0,"gold_gain":0,"player_choice":"Removed Curses","damage_taken":0,"max_hp_gain":0,"max_hp_loss":0,"event_name":"Fountain of Cleansing","floor":45,"gold_loss":0}],"is_beta":false,"boss_relics":[{"not_picked":["Snecko Eye","Empty Cage"],"picked":"WristBlade"},{"not_picked":["Sozu","Calling Bell"],"picked":"SlaversCollar"}],"items_purged_floors":[10],"is_endless":false,"potions_floor_spawned":[1,7,20,27,31,39,42,47,48],"ascension_level":6}}