{"host":"w8xisjf5mgmfjvmt","time":1614040297,"event":{"mods":["BaseMod","BetterRewards","Challenge The Spire","Conspire","Energized Spire","Filter the Spire","Minty Spire (QoL Compilation)","Quarter Circle Forward PUNCH!","Quick Restart","Relic Filter Mod","Relic Stats","Reliquary","Replay The Spire","Say the Spire","Shop Mod","Spicy Shops","StSLib","¡¾ÒÅÎï¿¨ÅÆ¡¿REMEMod","óô»ðÖ¸ÄÏ"],"gold_per_floor":[110,110,110,124,142,142,142],"floor_reached":6,"language":"ZHS","playtime":177,"items_purged":[],"score":72,"play_id":"b1269304-7c34-48f5-8553-1c367de2c656","local_time":"20210223083137","is_ascension_mode":true,"campfire_choices":[],"circlet_count":0,"master_deck":["AscendersBane","Strike_R","Strike_R","Strike_R","Strike_R","Defend_R","Defend_R","Defend_R","Defend_R","Bash","Doubt","Deep Breath","Evolve","CommonCold","Body Slam"],"relics":["Burning Blood","REME_ComplimentaryCards","Gambling Chip","Ring of Hypnosis","Ring of Fury"],"acts_visited":["Exordium"],"potions_floor_usage":[6,6],"damage_taken":[{"damage":4.0,"enemies":"Small Slimes","floor":1.0,"turns":4.0},{"damage":15.0,"enemies":"Jaw Worm","floor":4.0,"turns":5.0},{"damage":5.0,"enemies":"2 Louse","floor":5.0,"turns":3.0},{"damage":37,"enemies":"Gremlin Nob","floor":6,"turns":4}],"seed_played":"6446651851734269556","potions_obtained":[{"floor":1.0,"key":"Weak Potion"},{"floor":4.0,"key":"LiquidMemories"},{"floor":5.0,"key":"Block Potion"}],"is_trial":false,"path_per_floor":["M","?","?","M","M","E"],"character_chosen":"IRONCLAD","items_purchased":[],"campfire_rested":0,"item_purchase_floors":[],"current_hp_per_floor":[70,70,70,61,62,25,25],"gold":142,"neow_bonus":"ONE_RARE_RELIC","is_daily":false,"chose_seed":false,"campfire_upgraded":0,"win_rate":0.0,"timestamp":1614040297,"path_taken":["M","?","?","M","M","E"],"items_purchased_type":[],"build_version":"2020-12-22","purchased_purges":0,"victory":false,"max_hp_per_floor":[75,75,75,75,75,75,75],"relic_stats":{"counters":[4,16],"Gambling Chip":[10],"obtain_stats":[{"Ring of Hypnosis":3,"Gambling Chip":0,"Ring of Fury":3,"Burning Blood":0,"REME_ComplimentaryCards":0},{"Ring of Hypnosis":1,"Gambling Chip":0,"Ring of Fury":1,"Burning Blood":0,"REME_ComplimentaryCards":0},{"Ring of Hypnosis":4,"Gambling Chip":0,"Ring of Fury":4,"Burning Blood":0,"REME_ComplimentaryCards":0}],"Burning Blood":18},"card_choices":[{"not_picked":["Infernal Blade","Run Through"],"picked":"Evolve","floor":1.0},{"not_picked":["Rampage","Bloodletting"],"picked":"Body Slam","floor":4.0},{"not_picked":["Anger","REME_SingleHolding","REME_Cut"],"picked":"SKIP","floor":5.0}],"player_experience":1395406,"relics_obtained":[{"floor":3.0,"key":"Ring of Hypnosis"},{"floor":3.0,"key":"Ring of Fury"}],"event_choices":[],"is_beta":false,"boss_relics":[],"items_purged_floors":[],"is_endless":false,"potions_floor_spawned":[1,4,5],"killed_by":"Gremlin Nob","ascension_level":20}}