{"host":"py7qdianp3jrm8dm","time":1614102073,"event":{"mods":["AchievementEnabler","BaseMod","Bestiary","Downfall","Highlight Path","Minty Spire (QoL Compilation)","Relic Stats","StSLib"],"gold_per_floor":[110,110,127,202,222,254,254,254,254,254,264,299,299,299,299,403,403,414,427,427,441,59,90,90,90],"floor_reached":24,"language":"ENG","playtime":1337,"items_purged":["Strike_B"],"score":386,"play_id":"e4f62727-14cf-4d92-98ca-a92d04425898","local_time":"20210223174113","is_ascension_mode":true,"campfire_choices":[{"data":"Chaos","floor":8,"key":"SMITH"},{"floor":10,"key":"REST"},{"floor":13,"key":"REST"},{"floor":15,"key":"REST"}],"circlet_count":0,"master_deck":["AscendersBane","Strike_B","Strike_B","Strike_B","Defend_B","Defend_B","Defend_B","Defend_B","Zap","Dualcast","Chaos+1","Ball Lightning","Hologram","Melter+1","Cold Snap+1","Chaos+1","Buffer+1","Cold Snap+1","Biased Cognition+1","Aggregate","Chill","Defragment+1","Steam","Streamline+1"],"relics":["SlaversCollar","Molten Egg 2","Cables","Frozen Egg 2","Runic Pyramid","Peace Pipe"],"acts_visited":["Exordium","TheCity"],"potions_floor_usage":[6,12,16,21,23,23,23,23,24],"damage_taken":[{"damage":14,"enemies":"Jaw Worm","floor":1,"turns":5},{"damage":2,"enemies":"2 Louse","floor":3,"turns":3},{"damage":12,"enemies":"Small Slimes","floor":5,"turns":4},{"damage":32,"enemies":"Gremlin Nob","floor":6,"turns":4},{"damage":7,"enemies":"Exordium Wildlife","floor":11,"turns":4},{"damage":30,"enemies":"Lagavulin","floor":12,"turns":4},{"damage":19,"enemies":"The Guardian","floor":16,"turns":10},{"damage":9,"enemies":"Shell Parasite","floor":18,"turns":5},{"damage":22,"enemies":"3 Byrds","floor":19,"turns":5},{"damage":29,"enemies":"Shelled Parasite and Fungi","floor":21,"turns":5},{"damage":0,"enemies":"Gremlin Leader","floor":23,"turns":4},{"damage":3,"enemies":"Snecko","floor":24,"turns":4}],"seed_played":"8913573960246274279","potions_obtained":[{"floor":1,"key":"FocusPotion"},{"floor":3,"key":"Strength Potion"},{"floor":12,"key":"Fire Potion"},{"floor":19,"key":"LiquidMemories"},{"floor":23,"key":"SkillPotion"}],"is_trial":false,"path_per_floor":["M","?","M","?","M","E","?","R","T","R","M","E","R","?","R","B",null,"M","M","?","M","$","E","M"],"character_chosen":"DEFECT","items_purchased":["PowerPotion","EntropicBrew","Chill","Defragment+1","Steam"],"campfire_rested":3,"item_purchase_floors":[22,22,22,22,22],"current_hp_per_floor":[54,75,73,62,50,18,18,18,18,40,33,3,25,25,47,28,63,54,32,32,3,3,3,0,0],"gold":90,"neow_bonus":"BOSS_RELIC","is_daily":false,"chose_seed":false,"campfire_upgraded":1,"win_rate":0.0,"timestamp":1614102073,"path_taken":["M","?","M","?","?","E","?","R","T","R","M","E","R","?","R","BOSS","M","M","?","M","$","E","M"],"items_purchased_type":["Potion","Potion","Card","Card","Card"],"build_version":"2020-12-22","purchased_purges":1,"victory":false,"max_hp_per_floor":[75,75,75,75,75,75,75,75,75,75,75,75,75,75,75,75,75,75,75,75,75,75,75,75,75],"relic_stats":{"Peace Pipe":0,"counters":[12,57],"obtain_stats":[{"Peace Pipe":23,"SlaversCollar":0,"Molten Egg 2":6,"Frozen Egg 2":12,"Cracked Core":0,"Cables":9,"Runic Pyramid":17},{"Peace Pipe":11,"SlaversCollar":0,"Molten Egg 2":4,"Frozen Egg 2":6,"Cracked Core":0,"Cables":4,"Runic Pyramid":7},{"Peace Pipe":53,"SlaversCollar":0,"Molten Egg 2":16,"Frozen Egg 2":24,"Cracked Core":0,"Cables":16,"Runic Pyramid":34}],"Cables":[32,12,14,2,4]},"card_choices":[{"not_picked":["Turbo","Go for the Eyes"],"picked":"Chaos","floor":1},{"not_picked":["Steam","Storm"],"picked":"Ball Lightning","floor":3},{"not_picked":["Barrage","Undo"],"picked":"Hologram","floor":5},{"not_picked":["Beam Cell+1","Ball Lightning+1"],"picked":"Melter+1","floor":6},{"not_picked":["Turbo","Go for the Eyes+1"],"picked":"Cold Snap+1","floor":11},{"not_picked":["Meteor Strike+1","Force Field"],"picked":"Chaos","floor":12},{"not_picked":["Creative AI+1","Meteor Strike+1"],"picked":"Buffer+1","floor":16},{"not_picked":["Barrage+1","Beam Cell+1"],"picked":"Cold Snap+1","floor":18},{"not_picked":["Darkness","Lockon+1"],"picked":"Biased Cognition+1","floor":19},{"not_picked":["Storm+1","Fusion"],"picked":"Aggregate","floor":21},{"not_picked":["Leap+1","Self Repair+1"],"picked":"Streamline+1","floor":23}],"player_experience":657828,"relics_obtained":[{"floor":6,"key":"Molten Egg 2"},{"floor":9,"key":"Cables"},{"floor":12,"key":"Frozen Egg 2"},{"floor":23,"key":"Peace Pipe"}],"event_choices":[{"damage_healed":25,"gold_gain":0,"player_choice":"Banana","damage_taken":0,"max_hp_gain":0,"max_hp_loss":0,"event_name":"Big Fish","floor":2,"gold_loss":0},{"damage_healed":0,"gold_gain":75,"player_choice":"Gather Gold","damage_taken":11,"max_hp_gain":0,"max_hp_loss":0,"event_name":"World of Goop","floor":4,"gold_loss":0},{"damage_healed":0,"gold_gain":0,"player_choice":"Ignored","damage_taken":0,"max_hp_gain":0,"max_hp_loss":0,"event_name":"Liars Game","floor":7,"gold_loss":0},{"damage_healed":0,"gold_gain":0,"player_choice":"Grow","damage_taken":0,"max_hp_gain":0,"max_hp_loss":0,"event_name":"Living Wall","floor":14,"gold_loss":0,"cards_upgraded":["Chaos"]}],"is_beta":false,"boss_relics":[{"not_picked":["SacredBark","Velvet Choker"],"picked":"Runic Pyramid"}],"items_purged_floors":[22],"is_endless":false,"potions_floor_spawned":[1,3,12,19,23],"killed_by":"Snecko","ascension_level":11}}