{"host":"5qewjvycy34u7aeo","time":1614041528,"event":{"mods":["BaseMod","Curses Come First","Downfall","GifTheSpireLib","Infinite Spire","Minty Spire (QoL Compilation)","Permanent Neow","Replay The Spire","StSLib","Wandering Minibosses"],"gold_per_floor":[117,135,150,325,336,369,369,383,407,407,395,395,412,362,362,362,362],"floor_reached":16,"language":"ENG","playtime":1053,"items_purged":[],"score":114,"play_id":"df77b157-fecb-4dd7-bdda-af86ac613c00","local_time":"20210222185208","is_ascension_mode":true,"campfire_choices":[{"floor":7,"key":"REST"},{"floor":12,"key":"REST"},{"floor":15,"key":"REST"}],"circlet_count":0,"master_deck":["Strike_P","Strike_P","Strike_P","Strike_P+1","Defend_P+1","Defend_P+1","Defend_P","Defend_P","Eruption+1","Vigilance","LessonLearned+1","Replay:ManipulateFuture+1","Weave","ClearTheMind","JustLucky","Replay:Hum","Sanctity+1","Judgement"],"relics":["PureWater","Ancient Tea Set"],"acts_visited":["Exordium"],"potions_floor_usage":[6,6,11],"damage_taken":[{"damage":0,"enemies":"2 Louse","floor":1,"turns":4},{"damage":0,"enemies":"Small Slimes","floor":2,"turns":2},{"damage":0,"enemies":"Cultist","floor":3,"turns":4},{"damage":21,"enemies":"3 Louse","floor":5,"turns":3},{"damage":38,"enemies":"Gremlin Nob","floor":6,"turns":6},{"damage":0,"enemies":"Blue Slaver","floor":8,"turns":2},{"damage":7,"enemies":"Red Slaver","floor":11,"turns":6},{"damage":13,"enemies":"Exordium Wildlife","floor":13,"turns":5},{"damage":50,"enemies":"Hexaghost","floor":16,"turns":14}],"seed_played":"6355203074242797474","potions_obtained":[{"floor":3,"key":"Block Potion"},{"floor":5,"key":"Adrenaline Potion"},{"floor":6,"key":"SteroidPotion"},{"floor":8,"key":"Weak Potion"}],"is_trial":false,"path_per_floor":["M","M","M","?","M","E","R","M","T","?","M","R","M","?","R","B"],"character_chosen":"WATCHER","items_purchased":[],"campfire_rested":3,"item_purchase_floors":[],"current_hp_per_floor":[65,65,65,65,44,6,25,25,25,25,18,37,24,24,43,0,0],"gold":362,"neow_bonus":"THREE_RARE_CARDS","is_daily":false,"chose_seed":false,"campfire_upgraded":0,"win_rate":0.0,"timestamp":1614041528,"path_taken":["M","M","M","?","M","E","R","M","T","?","M","R","M","?","R","BOSS"],"items_purchased_type":[],"build_version":"2020-12-22","purchased_purges":0,"victory":false,"max_hp_per_floor":[65,65,65,65,65,65,65,65,65,65,65,65,65,65,65,65,65],"card_choices":[{"not_picked":["Devotion","Vault"],"picked":"LessonLearned","floor":0},{"not_picked":["Prostrate","Vengeance"],"picked":"Replay:ManipulateFuture","floor":1},{"not_picked":["WheelKick","DeceiveReality"],"picked":"Weave","floor":2},{"not_picked":["PathToVictory","Prostrate","Halt"],"picked":"SKIP","floor":3},{"not_picked":["PathToVictory","Prostrate","Halt"],"picked":"SKIP","floor":3},{"not_picked":["FlurryOfBlows","Evaluate"],"picked":"ClearTheMind","floor":5},{"not_picked":["Sanctity","Consecrate"],"picked":"JustLucky","floor":6},{"not_picked":["FlurryOfBlows","Pray"],"picked":"Replay:Hum","floor":8},{"not_picked":["FearNoEvil","Swivel"],"picked":"Sanctity","floor":11},{"not_picked":["ThirdEye","ReachHeaven"],"picked":"Judgement","floor":13}],"player_experience":509837,"relics_obtained":[{"floor":6,"key":"Ancient Tea Set"},{"floor":9,"key":"Bronze Scales"}],"event_choices":[{"damage_healed":0,"gold_gain":175,"player_choice":"AGREE","damage_taken":0,"max_hp_gain":0,"max_hp_loss":0,"event_name":"Liars Game","floor":4,"gold_loss":0,"cards_obtained":["Doubt"]},{"cards_removed":["Doubt"],"damage_healed":0,"gold_gain":0,"player_choice":"Card Removal","damage_taken":0,"max_hp_gain":0,"max_hp_loss":0,"event_name":"The Cleric","floor":14,"gold_loss":50}],"is_beta":false,"boss_relics":[],"items_purged_floors":[],"is_endless":false,"potions_floor_spawned":[3,5,6,8],"killed_by":"Hexaghost","ascension_level":2}}