{"host":"np4f5reu8f2vit8r","time":1614064153,"event":{"mods":["BaseMod","Bestiary","Curses Come First","Minty Spire (QoL Compilation)","Permanent Neow","Relic Stats","StSLib"],"gold_per_floor":[119,132,132,27,47,47,80,80,80,100,119,130,130,144,144,220,220,235,249,249,64,64,64],"floor_reached":22,"language":"ENG","playtime":2866,"items_purged":[],"score":376,"play_id":"7c45978e-1760-4f44-b2ba-5e25412eb0f0","local_time":"20210223200913","is_ascension_mode":true,"campfire_choices":[{"floor":6,"key":"REST"},{"floor":8,"key":"REST"},{"floor":13,"key":"REST"},{"data":"Defragment","floor":15,"key":"SMITH"}],"circlet_count":0,"master_deck":["AscendersBane","Strike_B","Strike_B","Strike_B","Strike_B","Defend_B","Defend_B","Defend_B","Defend_B","Zap","Dualcast","Auto Shields","Cold Snap","Defragment+1","Darkness","Consume","Biased Cognition+1","Self Repair+1","Ball Lightning","Capacitor+1"],"relics":["Runic Dome","FossilizedHelix","Pantograph","Frozen Egg 2","Inserter"],"acts_visited":["Exordium","TheCity"],"potions_floor_usage":[7,14],"damage_taken":[{"damage":2.0,"enemies":"Jaw Worm","floor":1.0,"turns":3.0},{"damage":2.0,"enemies":"Cultist","floor":2.0,"turns":4.0},{"damage":0,"enemies":"Small Slimes","floor":5,"turns":4},{"damage":22,"enemies":"Lagavulin","floor":7,"turns":10},{"damage":8,"enemies":"Exordium Wildlife","floor":10,"turns":4},{"damage":0,"enemies":"Blue Slaver","floor":11,"turns":4},{"damage":7,"enemies":"Red Slaver","floor":12,"turns":5},{"damage":10,"enemies":"Gremlin Gang","floor":14,"turns":5},{"damage":42,"enemies":"Hexaghost","floor":16,"turns":11},{"damage":37,"enemies":"3 Byrds","floor":18,"turns":6},{"damage":1,"enemies":"Shell Parasite","floor":19,"turns":8},{"damage":16,"enemies":"Snake Plant","floor":22,"turns":1}],"seed_played":"4211086411197875701","potions_obtained":[{"floor":1.0,"key":"Weak Potion"},{"floor":7,"key":"Block Potion"},{"floor":10,"key":"Strength Potion"},{"floor":14,"key":"SteroidPotion"}],"is_trial":false,"path_per_floor":["M","M","?","$","M","R","E","R","T","M","M","M","R","M","R","B",null,"M","M","?","$","M"],"character_chosen":"DEFECT","items_purchased":["Cold Snap","Defragment","Ball Lightning","Capacitor+1","DistilledChaos"],"campfire_rested":3,"item_purchase_floors":[4,4,21,21,21],"current_hp_per_floor":[62,60,4,4,4,25,3,24,24,16,16,9,30,20,20,3,54,17,16,16,16,0,0],"gold":64,"neow_bonus":"BOSS_RELIC","is_daily":false,"chose_seed":false,"campfire_upgraded":1,"win_rate":0.0,"timestamp":1614064153,"path_taken":["M","M","?","$","M","R","E","R","T","M","M","M","R","M","R","BOSS","M","M","?","$","?"],"items_purchased_type":["Card","Card","Card","Card","Potion"],"build_version":"2020-12-22","purchased_purges":0,"victory":false,"max_hp_per_floor":[71,71,71,71,71,71,71,71,71,71,71,71,71,71,71,71,71,71,71,71,71,71,71],"relic_stats":{"Inserter":[7],"counters":[12,65],"Pantograph":25,"obtain_stats":[{"Runic Dome":0,"Inserter":17,"Pantograph":7,"Frozen Egg 2":9,"Cracked Core":0,"FossilizedHelix":3},{"Runic Dome":0,"Inserter":9,"Pantograph":4,"Frozen Egg 2":4,"Cracked Core":0,"FossilizedHelix":2},{"Runic Dome":0,"Inserter":50,"Pantograph":21,"Frozen Egg 2":21,"Cracked Core":0,"FossilizedHelix":7}]},"card_choices":[{"not_picked":["Fusion","Chaos","Recycle"],"picked":"SKIP","floor":1.0},{"not_picked":["Turbo","Gash"],"picked":"Auto Shields","floor":2.0},{"not_picked":["Stack","Barrage","Turbo"],"picked":"SKIP","floor":5},{"not_picked":["Go for the Eyes","Steam","Redo"],"picked":"SKIP","floor":7},{"not_picked":["Turbo","Thunder Strike"],"picked":"Darkness","floor":10},{"not_picked":["Steam","Leap","Tempest"],"picked":"SKIP","floor":11},{"not_picked":["Gash","Coolheaded","Stack"],"picked":"SKIP","floor":12},{"not_picked":["Chill","Undo"],"picked":"Consume","floor":14},{"not_picked":["Meteor Strike","Rainbow"],"picked":"Biased Cognition+1","floor":16},{"not_picked":["Steam Power","Auto Shields","Streamline"],"picked":"SKIP","floor":18},{"not_picked":["Barrage","BootSequence"],"picked":"Self Repair+1","floor":19}],"player_experience":973073,"relics_obtained":[{"floor":7,"key":"Pantograph"},{"floor":9,"key":"Frozen Egg 2"}],"event_choices":[{"damage_healed":0,"gold_gain":0,"player_choice":"Success","damage_taken":56,"relics_obtained":["FossilizedHelix"],"max_hp_gain":0,"max_hp_loss":0,"event_name":"Scrap Ooze","floor":3,"gold_loss":0},{"damage_healed":0,"gold_gain":0,"player_choice":"Ignored","damage_taken":0,"max_hp_gain":0,"max_hp_loss":0,"event_name":"N\u0027loth","floor":20,"gold_loss":0}],"is_beta":false,"boss_relics":[{"not_picked":["Ectoplasm","Tiny House"],"picked":"Inserter"}],"items_purged_floors":[],"is_endless":false,"potions_floor_spawned":[1,7,10,11,14],"killed_by":"Snake Plant","ascension_level":20}}