{"host":"juqmwis5balotvcq","time":1614061358,"event":{"mods":["AchievementEnabler","Aspiration","BaseMod","Better Altar","Better Match","Better Note","Better Sensory Stone","Better Skull","Better Third Choice","BetterRewards","CCEM2","Colored Map","Conspire","Downfall","GifTheSpireLib","Googly Eyes","Highlight Path","Minty Spire (QoL Compilation)","Permanent Neow","Replay The Spire","Spicy Shops","StSLib","The IronCluck","Unceasing Turn Reminder","everything is the same but u backflip on backflip"],"gold_per_floor":[99,117,132,132,149,183,231,247,267,278,9,9,9,21,36,137,137,137,148,148,148,58,91,91,76,89,105,5,5,5,21,33,134,134,134,154,61,78,78,95,95,95,120,155,191,191,24,56,94,114],"floor_reached":51,"language":"ENG","playtime":5920,"items_purged":["bronze:Strike","bronze:Strike"],"score":820,"play_id":"cc06a294-b0ba-4adf-919e-c951f73e4de4","local_time":"20210222222238","is_ascension_mode":false,"campfire_choices":[{"floor":1.0,"key":"DIG"},{"data":"bronze:Assembly","floor":12.0,"key":"SMITH"},{"floor":18.0,"key":"RECALL"},{"data":"conspire:Banana","floor":28.0,"key":"SMITH"},{"data":"bronze:Repulsor","floor":30.0,"key":"SMITH"},{"data":"bronze:MaxOutput","floor":35.0,"key":"SMITH"},{"data":"bronze:AlphaBuild","floor":46.0,"key":"SMITH"}],"circlet_count":0,"master_deck":["bronze:Strike","bronze:Defend","bronze:Defend","bronze:Defend","bronze:Defend","bronze:Replicate","bronze:Goto+1","bronze:MaxOutput+1","bronze:ForceShield","bronze:ChildClass","bronze:Repulsor+1","bronze:Fortify","bronze:Fortify","bronze:BronzeOrb","bronze:Repair","bronze:Assembly+1","bronze:DelayedGuard","bronze:Flail","bronze:Mutator","bronze:Frontload","conspire:Banana+1","bronze:Optimize+1","bronze:ChosenStrike+1","bronze:ChildClass+1","bronze:ShipIt","bronze:ItsAFeature","bronze:AlphaBuild+1","CurseOfTheBell","bronze:Allocate","bronze:OilSpill","bronze:DarkDash+1","Replay:SS_hec_1","Replay:SS_fish_1","expansioncontent:Chronoboost","bronze:Repair+1","bronze:CutThrough+1","bronze:BronzeOrb+1","bronze:FineTuning+1","ReplayTheSpireMod:Brewmster","bronze:Optimize","bronze:CloningBeam+1","bronze:BuggyMess"],"relics":["bronze:BronzeCore","Vajra","Strawberry","ReplayTheSpireMod:TigerMarble","Oddly Smooth Stone","CCEMRelics:FiftyFTOfRope","aspiration:SecretTechniqueScroll","Replay:Accelerometer","downfall:HeartBlessingRed","Calling Bell","CCEMRelics:TeddyBear","Blue Candle","conspire:Boomerang","Omamori","Dead Branch","Replay:Bandana"],"acts_visited":["Exordium","TheCity","TheBeyond"],"potions_floor_usage":[50,50,50,50,50],"damage_taken":[{"damage":2.0,"enemies":"2 Louse","floor":2.0,"turns":4.0},{"damage":2.0,"enemies":"Jaw Worm","floor":3.0,"turns":5.0},{"damage":0.0,"enemies":"Small Slimes","floor":5.0,"turns":3.0},{"damage":27.0,"enemies":"conspire:MimicChest","floor":6.0,"turns":6.0},{"damage":5.0,"enemies":"Exordium Thugs","floor":8.0,"turns":4.0},{"damage":0.0,"enemies":"Red Slaver","floor":9.0,"turns":1.0},{"damage":6.0,"enemies":"Exordium Wildlife","floor":10.0,"turns":6.0},{"damage":0.0,"enemies":"downfall:FleeingMerchant","floor":11.0,"turns":4.0},{"damage":0.0,"enemies":"2 Fungi Beasts","floor":14.0,"turns":4.0},{"damage":0.0,"enemies":"Gremlin Gang","floor":15.0,"turns":3.0},{"damage":52.0,"enemies":"IC_STATUS_ARCHETYPE","floor":16.0,"turns":17.0},{"damage":0.0,"enemies":"downfall:LooterAlt2","floor":19.0,"turns":2.0},{"damage":0.0,"enemies":"downfall:FleeingMerchant","floor":22.0,"turns":4.0},{"damage":0.0,"enemies":"Slavers","floor":23.0,"turns":5.0},{"damage":0.0,"enemies":"downfall:FleeingMerchant","floor":25.0,"turns":4.0},{"damage":0.0,"enemies":"Spheric Guardian","floor":26.0,"turns":3.0},{"damage":0.0,"enemies":"Snecko","floor":27.0,"turns":4.0},{"damage":0.0,"enemies":"3 Cultists","floor":31.0,"turns":2.0},{"damage":3.0,"enemies":"Snake Plant","floor":32.0,"turns":6.0},{"damage":0.0,"enemies":"WA_ARCHETYPE_CALM","floor":33.0,"turns":7.0},{"damage":6.0,"enemies":"Orb Walker","floor":36.0,"turns":5.0},{"damage":1.0,"enemies":"downfall:FleeingMerchant","floor":37.0,"turns":4.0},{"damage":17.0,"enemies":"3 Shapes","floor":38.0,"turns":3.0},{"damage":5.0,"enemies":"Spire Growth","floor":40.0,"turns":6.0},{"damage":72.0,"enemies":"Giant Head","floor":43.0,"turns":9.0},{"damage":1.0,"enemies":"Transient","floor":44.0,"turns":5.0},{"damage":1.0,"enemies":"Jaw Worm Horde","floor":45.0,"turns":5.0},{"damage":0.0,"enemies":"downfall:FleeingMerchant","floor":47.0,"turns":3.0},{"damage":26.0,"enemies":"Spire Growth","floor":48.0,"turns":7.0},{"damage":0.0,"enemies":"Sphere and 2 Shapes","floor":49.0,"turns":8.0},{"damage":13,"enemies":"SI_POISON_ARCHETYPE","floor":50,"turns":12}],"seed_played":"-3065368735152030905","potions_obtained":[{"floor":3.0,"key":"AttackPotion"},{"floor":5.0,"key":"Toxic Potion"},{"floor":8.0,"key":"Explosive Potion"},{"floor":14.0,"key":"FearPotion"},{"floor":15.0,"key":"Weak Potion"},{"floor":26.0,"key":"hexamod:SoulburnPotion"},{"floor":32.0,"key":"Swift Potion"},{"floor":33.0,"key":"SteroidPotion"},{"floor":38.0,"key":"Adrenaline Potion"},{"floor":44.0,"key":"Energy Potion"},{"floor":49.0,"key":"LiquidMemories"}],"is_trial":false,"path_per_floor":["R_BF","M","M","?","M","?","T","M","M","M","$","R","?","M","M","B",null,"R","M","?","?","$","E","T","$","M","M","R","?","R","M","M","B",null,"R","M","$","M","?","M","T","?","E","M","M","R","$","M","M","B",null],"character_chosen":"THE_AUTOMATON","items_purchased":["CCEMRelics:FiftyFTOfRope","Omamori","ReplayTheSpireMod:Brewmster","Swift Potion","bronze:Optimize"],"campfire_rested":0,"item_purchase_floors":[11,37,47,47,47],"current_hp_per_floor":[77,75,73,73,73,46,46,41,41,35,42,42,42,49,57,12,78,78,78,78,78,79,80,80,81,82,83,83,59,59,69,75,84,87,87,84,91,86,76,80,80,80,27,48,66,66,73,69,88,87],"gold":114,"neow_bonus":"RANDOM_COMMON_RELIC","is_daily":false,"chose_seed":false,"campfire_upgraded":5,"win_rate":0.0,"timestamp":1614061358,"path_taken":["R_BF","M","M","?","M","?","T","?","M","M","?","R","?","M","M","BOSS","R","M","?","?","$","E","T","$","?","M","R","?","R","?","M","BOSS","R","M","$","?","?","M","T","?","E","M","M","R","$","M","M","BOSS"],"items_purchased_type":["Relic","Relic","Card","Potion","Card"],"build_version":"2020-12-22","purchased_purges":2,"victory":true,"max_hp_per_floor":[77,77,77,77,77,77,77,77,77,77,77,77,77,77,78,78,78,78,78,78,78,79,80,80,81,82,83,83,83,83,83,85,87,87,87,89,91,93,93,95,95,95,97,99,101,101,101,103,105,107],"card_choices":[{"not_picked":["bronze:Shield","bronze:NullPointer"],"picked":"bronze:MaxOutput","floor":2.0},{"not_picked":["bronze:DelayedSlice","bronze:Branch"],"picked":"bronze:ForceShield","floor":3.0},{"not_picked":["bronze:Iterate","bronze:Constructor"],"picked":"bronze:Repulsor","floor":5.0},{"not_picked":["bronze:Overload","bronze:Overheat"],"picked":"bronze:Fortify","floor":6.0},{"not_picked":["bronze:Constructor","bronze:BugBarrage"],"picked":"bronze:Fortify","floor":8.0},{"not_picked":["bronze:FineTuning","bronze:Invalidate"],"picked":"bronze:BronzeOrb","floor":9.0},{"not_picked":["bronze:Overheat","bronze:Deprecate"],"picked":"bronze:Repair","floor":10.0},{"not_picked":["bronze:BugBarrage","bronze:FollowUp"],"picked":"bronze:Assembly","floor":11.0},{"not_picked":["bronze:Backtrace","bronze:Branch"],"picked":"bronze:DelayedGuard","floor":14.0},{"not_picked":["bronze:OilSpill","bronze:Shield"],"picked":"bronze:Flail","floor":15.0},{"not_picked":["bronze:CleanCode","bronze:AlphaBuild"],"picked":"bronze:Mutator","floor":16.0},{"not_picked":["bronze:Shield+1","bronze:BuggyMess"],"picked":"bronze:Frontload","floor":19.0},{"not_picked":["bronze:CutThrough","bronze:Shield"],"picked":"bronze:Optimize+1","floor":22.0},{"not_picked":["bronze:Frontload","bronze:BronzeArmor+1","bronze:Invalidate+1"],"picked":"SKIP","floor":23.0},{"not_picked":["bronze:BugBarrage+1","bronze:CutThrough+1"],"picked":"bronze:ChosenStrike+1","floor":25.0},{"not_picked":["bronze:DelayedSlice","bronze:Iterate"],"picked":"bronze:ChildClass+1","floor":26.0},{"not_picked":["bronze:OilSpill","bronze:Iterate"],"picked":"bronze:ShipIt","floor":27.0},{"not_picked":["bronze:FollowUp","bronze:DelayedGuard"],"picked":"bronze:ItsAFeature","floor":31.0},{"not_picked":["bronze:CutThrough","bronze:DelayedGuard","bronze:Overheat+1"],"picked":"SKIP","floor":32.0},{"not_picked":["bronze:Assembly","bronze:Virus"],"picked":"bronze:AlphaBuild","floor":33.0},{"not_picked":["bronze:Shield","bronze:BuggyMess+1"],"picked":"bronze:Allocate","floor":36.0},{"not_picked":["bronze:Assembly","bronze:WildBeam+1"],"picked":"bronze:OilSpill","floor":37.0},{"not_picked":["bronze:Invalidate+1","bronze:OilSpill"],"picked":"bronze:DarkDash+1","floor":38.0},{"not_picked":["expansioncontent:Hexaburn","expansioncontent:Chronoboost"],"picked":"Replay:SS_hec_1","floor":39.0},{"not_picked":["expansioncontent:PolyBeam","expansioncontent:LastStand"],"picked":"Replay:SS_fish_1","floor":39.0},{"not_picked":["expansioncontent:YouAreMine","expansioncontent:PrepareCrush"],"picked":"expansioncontent:Chronoboost","floor":39.0},{"not_picked":["bronze:NullPointer+1","bronze:Safeguard"],"picked":"bronze:Repair+1","floor":40.0},{"not_picked":["bronze:BugBarrage","bronze:Branch+1"],"picked":"bronze:CutThrough+1","floor":43.0},{"not_picked":["bronze:DigitalCarnage","bronze:WhirlingStrike+1","bronze:BugBarrage"],"picked":"SKIP","floor":44.0},{"not_picked":["bronze:BitShift","bronze:Repair"],"picked":"bronze:BronzeOrb+1","floor":45.0},{"not_picked":["bronze:Flail","bronze:Branch"],"picked":"bronze:FineTuning+1","floor":47.0},{"not_picked":["bronze:Shield","bronze:Assembly"],"picked":"bronze:CloningBeam+1","floor":48.0},{"not_picked":["bronze:Separator+1","bronze:DelayedSlice"],"picked":"bronze:BuggyMess","floor":49.0}],"player_experience":337622,"relics_obtained":[{"floor":1.0,"key":"Strawberry"},{"floor":6.0,"key":"ReplayTheSpireMod:TigerMarble"},{"floor":7.0,"key":"Oddly Smooth Stone"},{"floor":23.0,"key":"Replay:Accelerometer"},{"floor":34.0,"key":"CCEMRelics:TeddyBear"},{"floor":34.0,"key":"Blue Candle"},{"floor":34.0,"key":"conspire:Boomerang"},{"floor":41.0,"key":"Dead Branch"},{"floor":43.0,"key":"Replay:Bandana"}],"event_choices":[{"cards_removed":["bronze:Strike"],"damage_healed":0.0,"max_hp_gain":0.0,"max_hp_loss":0.0,"gold_gain":0.0,"event_name":"betterNote:BetterNote","player_choice":"Give","floor":20.0,"gold_loss":0.0,"damage_taken":0.0,"cards_obtained":["Pain"]}],"is_beta":false,"boss_relics":[{"not_picked":["Kintsugi","aspiration:WatcherSkillbook"],"picked":"aspiration:SecretTechniqueScroll"},{"not_picked":["Ring of Chaos","ReplayTheSpireMod:DimensionalGlitch"],"picked":"Calling Bell"}],"items_purged_floors":[22,47],"is_endless":false,"potions_floor_spawned":[3,5,8,14,15,26,32,33,36,38,44,49],"ascension_level":0}}