{"host":"zxkjcgzis4pm3za5","time":1614053677,"event":{"mods":["2.2 Compatiblity","AchievementEnabler","BaseMod","Colored Map","Colored Powertips","Minty Spire (QoL Compilation)","Quick Restart","Random Character Button","Relic Filter Mod","Relic Sorter","Relic Stats","StSLib","ojb\u0027s Info Mod"],"gold_per_floor":[109,129,140,215,180,209,209,240,240,79,109,109,143,159,159,236,236,251,261,261,311,49,75,75,110,110,121,121,121,121,151,151,225,225,239,258,23,37,55,88,105,121,121,121,150,176,202,242,254,266,278,278],"floor_reached":51,"language":"ENG","playtime":3188,"items_purged":["Strike_P","Prostrate","Nirvana+1"],"score":1875,"play_id":"ff3769c7-1796-40f0-95e3-414e07466ff6","local_time":"20210223094437","is_ascension_mode":true,"campfire_choices":[{"data":"TalkToTheHand","floor":15.0,"key":"SMITH"},{"floor":24.0,"key":"REST"},{"data":"Scrawl","floor":28.0,"key":"SMITH"},{"floor":32.0,"key":"REST"},{"floor":44.0,"key":"REST"},{"floor":49.0,"key":"RECALL"}],"circlet_count":0,"master_deck":["AscendersBane","Eruption","Vigilance","Consecrate","FollowUp","BowlingBash","TalkToTheHand+1","MentalFortress+1","Scrawl+1","TalkToTheHand+1","EmptyBody","Vault","Scrawl","Adaptation+1","Blasphemy","Fasting2+1","Scrawl","Study+1","EmptyFist","Tantrum","WheelKick","EmptyMind","FlurryOfBlows","MentalFortress+1","Ragnarok","TalkToTheHand"],"relics":["PureWater","Happy Flower","Boot","Frozen Egg 2","Pocketwatch","Ginger","Bottled Tornado","Pandora\u0027s Box","OrangePellets","Omamori","Anchor","Singing Bowl","Akabeko","Cursed Key","Membership Card","Lantern","Pear","MawBank","Turnip"],"acts_visited":["TheCity","TheBeyond"],"potions_floor_usage":[],"damage_taken":[{"damage":2.0,"enemies":"Small Slimes","floor":1.0,"turns":4.0},{"damage":0.0,"enemies":"2 Louse","floor":2.0,"turns":2.0},{"damage":0.0,"enemies":"Cultist","floor":3.0,"turns":2.0},{"damage":16.0,"enemies":"Gremlin Nob","floor":6.0,"turns":3.0},{"damage":24.0,"enemies":"Lagavulin","floor":8.0,"turns":9.0},{"damage":0.0,"enemies":"3 Sentries","floor":11.0,"turns":4.0},{"damage":0.0,"enemies":"Lagavulin","floor":13.0,"turns":4.0},{"damage":3.0,"enemies":"3 Louse","floor":14.0,"turns":3.0},{"damage":0.0,"enemies":"Hexaghost","floor":16.0,"turns":7.0},{"damage":4.0,"enemies":"3 Byrds","floor":18.0,"turns":4.0},{"damage":7.0,"enemies":"Shell Parasite","floor":19.0,"turns":6.0},{"damage":11.0,"enemies":"Gremlin Leader","floor":23.0,"turns":6.0},{"damage":18.0,"enemies":"Book of Stabbing","floor":25.0,"turns":5.0},{"damage":0.0,"enemies":"3 Cultists","floor":27.0,"turns":2.0},{"damage":0.0,"enemies":"Slavers","floor":31.0,"turns":5.0},{"damage":52.0,"enemies":"Automaton","floor":33.0,"turns":10.0},{"damage":2.0,"enemies":"3 Darklings","floor":35.0,"turns":4.0},{"damage":0.0,"enemies":"Orb Walker","floor":36.0,"turns":2.0},{"damage":16.0,"enemies":"Sphere and 2 Shapes","floor":38.0,"turns":5.0},{"damage":0.0,"enemies":"Transient","floor":39.0,"turns":7.0},{"damage":14.0,"enemies":"Reptomancer","floor":40.0,"turns":3.0},{"damage":0.0,"enemies":"Jaw Worm Horde","floor":41.0,"turns":2.0},{"damage":0.0,"enemies":"Spire Growth","floor":42.0,"turns":4.0},{"damage":0.0,"enemies":"Giant Head","floor":45.0,"turns":5.0},{"damage":8.0,"enemies":"Maw","floor":46.0,"turns":6.0},{"damage":0.0,"enemies":"Writhing Mass","floor":47.0,"turns":6.0},{"damage":11.0,"enemies":"Nemesis","floor":48.0,"turns":6.0},{"damage":65,"enemies":"Awakened One","floor":50,"turns":10},{"damage":15,"enemies":"Donu and Deca","floor":51,"turns":3}],"seed_played":"1738147201789154128","potions_obtained":[{"floor":1.0,"key":"StancePotion"},{"floor":6.0,"key":"Energy Potion"},{"floor":13.0,"key":"Dexterity Potion"},{"floor":14.0,"key":"BlessingOfTheForge"},{"floor":23.0,"key":"PowerPotion"},{"floor":25.0,"key":"SteroidPotion"},{"floor":27.0,"key":"Block Potion"},{"floor":33.0,"key":"Explosive Potion"},{"floor":35.0,"key":"Swift Potion"},{"floor":40.0,"key":"LiquidMemories"},{"floor":41.0,"key":"SpeedPotion"},{"floor":45.0,"key":"Regen Potion"},{"floor":47.0,"key":"SteroidPotion"}],"is_trial":false,"path_per_floor":["M","M","M","?","?","E","?","E","T","$","E","?","E","M","R","B",null,"M","M","$","?","$","E","R","E","T","M","R","?","?","E","R","B",null,"M","M","$","M","M","E","M","M","T","R","E","M","M","E","R","B","B"],"character_chosen":"WATCHER","items_purchased":["Scrawl","OrangePellets","Membership Card","FlurryOfBlows"],"campfire_rested":3,"item_purchase_floors":[10,22,37,37],"current_hp_per_floor":[59,59,59,48,65,49,38,14,14,14,14,14,14,11,11,11,54,50,43,43,43,43,32,52,34,34,34,34,34,34,36,57,7,56,56,58,58,42,44,32,34,34,44,71,73,79,81,72,72,7,0,0],"gold":278,"neow_bonus":"RANDOM_COMMON_RELIC","is_daily":false,"chose_seed":false,"campfire_upgraded":2,"win_rate":0.0,"timestamp":1614053677,"path_taken":["M","M","M","?","?","E","?","E","T","$","E","?","E","M","R","BOSS","M","?","$","?","$","E","R","E","T","M","R","?","?","E","R","BOSS","M","M","$","M","M","E","M","M","T","R","E","M","M","E","R","BOSS","BOSS"],"items_purchased_type":["Card","Relic","Relic","Card"],"build_version":"2020-12-22","purchased_purges":3,"victory":false,"max_hp_per_floor":[68,68,68,68,68,68,68,68,68,68,68,68,68,68,68,68,68,68,68,68,68,68,68,68,68,68,68,68,68,68,70,70,72,72,74,76,76,76,78,80,82,82,92,92,94,94,96,98,98,98,98,98],"relic_stats":{"OrangePellets":[18],"Happy Flower":[46],"Singing Bowl":20,"counters":[29,139],"Pandora\u0027s Box":["Adaptation","Blasphemy","Nirvana","Prostrate","Fasting2","Scrawl","Study"],"Turnip":[0],"Ginger":[14],"Boot":[141],"Cursed Key":1,"MawBank":72,"obtain_stats":[{"Lantern":40,"Pear":43,"Happy Flower":0,"Singing Bowl":26,"Omamori":23,"Ginger":11,"Frozen Egg 2":7,"Bottled Tornado":13,"Boot":6,"Cursed Key":34,"MawBank":45,"Akabeko":31,"OrangePellets":22,"Anchor":25,"Pandora\u0027s Box":17,"Turnip":48,"Membership Card":37,"PureWater":0,"Pocketwatch":8},{"Lantern":21,"Pear":23,"Happy Flower":0,"Singing Bowl":13,"Omamori":12,"Ginger":6,"Frozen Egg 2":4,"Bottled Tornado":7,"Boot":4,"Cursed Key":16,"MawBank":24,"Akabeko":15,"OrangePellets":11,"Anchor":13,"Pandora\u0027s Box":9,"Turnip":27,"Membership Card":18,"PureWater":0,"Pocketwatch":5},{"Lantern":97,"Pear":103,"Happy Flower":0,"Singing Bowl":59,"Omamori":54,"Ginger":24,"Frozen Egg 2":11,"Bottled Tornado":28,"Boot":11,"Cursed Key":76,"MawBank":108,"Akabeko":66,"OrangePellets":48,"Anchor":59,"Pandora\u0027s Box":38,"Turnip":126,"Membership Card":82,"PureWater":0,"Pocketwatch":20}],"Pocketwatch":[81]},"card_choices":[{"not_picked":["EmptyMind","BowlingBash"],"picked":"Consecrate","floor":1.0},{"not_picked":["Protect","Meditate"],"picked":"FollowUp","floor":2.0},{"not_picked":["Nirvana","EmptyMind"],"picked":"BowlingBash","floor":3.0},{"not_picked":["EmptyBody","Fasting2"],"picked":"TalkToTheHand","floor":6.0},{"not_picked":["FollowUp","CutThroughFate"],"picked":"MentalFortress+1","floor":8.0},{"not_picked":["CutThroughFate","MentalFortress+1"],"picked":"TalkToTheHand","floor":11.0},{"not_picked":["ThirdEye","CrushJoints"],"picked":"EmptyBody","floor":13.0},{"not_picked":["CarveReality","CrushJoints"],"picked":"Vault","floor":14.0},{"not_picked":["DevaForm+1","MasterReality+1"],"picked":"Scrawl","floor":16.0},{"not_picked":["BowlingBash","FlyingSleeves"],"picked":"EmptyFist","floor":18.0},{"not_picked":["EmptyMind","Prostrate+1"],"picked":"Tantrum","floor":19.0},{"not_picked":["Brilliance","WindmillStrike"],"picked":"WheelKick","floor":23.0},{"not_picked":["PathToVictory","Pray","Nirvana+1"],"picked":"SKIP","floor":25.0},{"not_picked":["ClearTheMind","FlurryOfBlows"],"picked":"EmptyMind","floor":27.0},{"not_picked":["Pray","Perseverance","Consecrate"],"picked":"Singing Bowl","floor":31.0},{"not_picked":["Brilliance","Devotion+1","MasterReality+1"],"picked":"Singing Bowl","floor":33.0},{"not_picked":["PathToVictory+1","Meditate","EmptyFist"],"picked":"Singing Bowl","floor":35.0},{"not_picked":["Adaptation+1","CutThroughFate","JustLucky"],"picked":"Singing Bowl","floor":36.0},{"not_picked":["CrushJoints","Halt+1"],"picked":"MentalFortress+1","floor":38.0},{"not_picked":["FlyingSleeves+1","SashWhip","BattleHymn+1"],"picked":"Singing Bowl","floor":39.0},{"not_picked":["JustLucky","Crescendo","Wireheading+1"],"picked":"Singing Bowl","floor":40.0},{"not_picked":["ThirdEye","PathToVictory","BattleHymn+1"],"picked":"Singing Bowl","floor":41.0},{"not_picked":["EmptyFist","ForeignInfluence"],"picked":"Ragnarok","floor":42.0},{"not_picked":["EmptyMind","EmptyFist","JustLucky"],"picked":"Singing Bowl","floor":45.0},{"not_picked":["Halt","PathToVictory+1"],"picked":"TalkToTheHand","floor":46.0},{"not_picked":["ThirdEye","BowlingBash+1","Brilliance"],"picked":"Singing Bowl","floor":47.0},{"not_picked":["ThirdEye","FlurryOfBlows","Crescendo+1"],"picked":"Singing Bowl","floor":48.0}],"player_experience":423035,"relics_obtained":[{"floor":6.0,"key":"Boot"},{"floor":8.0,"key":"Pocketwatch"},{"floor":11.0,"key":"Ginger"},{"floor":13.0,"key":"Bottled Tornado"},{"floor":23.0,"key":"Omamori"},{"floor":25.0,"key":"Anchor"},{"floor":26.0,"key":"Singing Bowl"},{"floor":31.0,"key":"Akabeko"},{"floor":40.0,"key":"Lantern"},{"floor":43.0,"key":"Pear"},{"floor":45.0,"key":"MawBank"},{"floor":48.0,"key":"Turnip"}],"event_choices":[{"damage_healed":0.0,"max_hp_gain":0.0,"max_hp_loss":0.0,"gold_gain":75.0,"event_name":"World of Goop","player_choice":"Gather Gold","floor":4.0,"gold_loss":0.0,"damage_taken":11.0},{"damage_healed":17.0,"max_hp_gain":0.0,"max_hp_loss":0.0,"gold_gain":0.0,"event_name":"The Cleric","player_choice":"Healed","floor":5.0,"gold_loss":35.0,"damage_taken":0.0},{"damage_healed":0.0,"max_hp_gain":0.0,"max_hp_loss":0.0,"gold_gain":0.0,"event_name":"Scrap Ooze","player_choice":"Success","floor":7.0,"gold_loss":0.0,"damage_taken":11.0,"relics_obtained":["Frozen Egg 2"]},{"damage_healed":0.0,"max_hp_gain":0.0,"max_hp_loss":0.0,"gold_gain":0.0,"event_name":"Accursed Blacksmith","player_choice":"Forge","floor":12.0,"gold_loss":0.0,"damage_taken":0.0,"cards_upgraded":["TalkToTheHand"]},{"damage_healed":0.0,"max_hp_gain":0.0,"max_hp_loss":0.0,"gold_gain":50.0,"event_name":"Nest","player_choice":"Stole From Cult","floor":21.0,"gold_loss":0.0,"damage_taken":0.0},{"damage_healed":0.0,"max_hp_gain":0.0,"max_hp_loss":0.0,"gold_gain":0.0,"event_name":"Ghosts","player_choice":"Ignored","floor":29.0,"gold_loss":0.0,"damage_taken":0.0},{"damage_healed":0.0,"max_hp_gain":0.0,"max_hp_loss":0.0,"gold_gain":0.0,"event_name":"Forgotten Altar","player_choice":"Smashed Altar","floor":30.0,"gold_loss":0.0,"damage_taken":0.0,"cards_obtained":["Decay"]}],"is_beta":false,"boss_relics":[{"not_picked":["SlaversCollar","Fusion Hammer"],"picked":"Pandora\u0027s Box"},{"not_picked":["HolyWater","Philosopher\u0027s Stone"],"picked":"Cursed Key"}],"items_purged_floors":[10,22,37],"is_endless":false,"potions_floor_spawned":[1,6,13,14,23,25,27,33,35,40,41,45,47],"killed_by":"Donu and Deca","ascension_level":20}}