{"host":"n3r7007bx0xr1slw","time":1614067246,"event":{"mods":["BaseMod","Colored Powertips","DeckTracker","Googly Eyes","Highlight Path","Minty Spire (QoL Compilation)","Relic Stats","StSLib"],"gold_per_floor":[111,61,61,61,61,72,72,84,111,122,122,133,58,74,74,175,175,192,192,192,205,218,248,268,268,268,268,268,300,312,43,43,142,142,174,61,61,111,111,111,111],"floor_reached":40,"language":"ENG","playtime":1983,"items_purged":["Hello World","Decay","Strike_B"],"score":414,"play_id":"01b629d2-d589-4a7b-9403-8d02a6aadf11","local_time":"20210223030046","is_ascension_mode":false,"campfire_choices":[{"data":"Capacitor","floor":7,"key":"SMITH"},{"data":"Tempest","floor":11,"key":"SMITH"},{"data":"Storm","floor":15,"key":"SMITH"},{"data":"Defragment","floor":25,"key":"SMITH"},{"data":"Electrodynamics","floor":27,"key":"SMITH"},{"data":"Static Discharge","floor":32,"key":"SMITH"}],"circlet_count":0,"master_deck":["Defend_B","Defend_B","Defend_B","Defend_B","Zap","Dualcast","White Noise+1","Purity","Capacitor+1","Tempest+1","Storm+1","Machine Learning","Self Repair+1","Melter","Defragment+1","Electrodynamics+1","Amplify","Conserve Battery","Static Discharge+1","CurseOfTheBell","Consume","Madness","Madness"],"relics":["Cracked Core","Bronze Scales","Strawberry","Nuclear Battery","Lizard Tail","Eternal Feather","Ancient Tea Set","Calling Bell","MawBank","Question Card","Incense Burner","Gambling Chip"],"acts_visited":["Exordium","TheCity","TheBeyond"],"potions_floor_usage":[16,16,16,22,30,38,38,40,40],"damage_taken":[{"damage":0,"enemies":"Small Slimes","floor":1,"turns":2},{"damage":11,"enemies":"Jaw Worm","floor":6,"turns":2},{"damage":1,"enemies":"2 Louse","floor":8,"turns":2},{"damage":8,"enemies":"Red Slaver","floor":10,"turns":3},{"damage":24,"enemies":"Gremlin Gang","floor":12,"turns":3},{"damage":9,"enemies":"2 Fungi Beasts","floor":14,"turns":4},{"damage":28,"enemies":"The Guardian","floor":16,"turns":10},{"damage":0,"enemies":"Chosen","floor":18,"turns":4},{"damage":4,"enemies":"3 Byrds","floor":21,"turns":3},{"damage":22,"enemies":"Centurion and Healer","floor":22,"turns":6},{"damage":46,"enemies":"Book of Stabbing","floor":23,"turns":4},{"damage":10,"enemies":"Snecko","floor":24,"turns":3},{"damage":27,"enemies":"Slavers","floor":29,"turns":2},{"damage":16,"enemies":"Snake Plant","floor":30,"turns":2},{"damage":27,"enemies":"Automaton","floor":33,"turns":5},{"damage":0,"enemies":"3 Shapes","floor":35,"turns":2},{"damage":32,"enemies":"Mind Bloom Boss Battle","floor":38,"turns":4},{"damage":77,"enemies":"Nemesis","floor":40,"turns":4}],"seed_played":"7402292777734226247","potions_obtained":[{"floor":10,"key":"DuplicationPotion"},{"floor":12,"key":"Weak Potion"},{"floor":14,"key":"DistilledChaos"},{"floor":16,"key":"SneckoOil"},{"floor":18,"key":"GamblersBrew"},{"floor":21,"key":"FearPotion"},{"floor":33,"key":"Regen Potion"},{"floor":35,"key":"Weak Potion"},{"floor":38,"key":"BlessingOfTheForge"}],"is_trial":false,"path_per_floor":["M","?","?","?","$","M","R","M","T","M","R","M","$","M","R","B",null,"M","?","?","M","M","E","M","R","T","R","?","E","M","$","R","B",null,"M","$","?","?","?","E"],"character_chosen":"DEFECT","items_purchased":["Conserve Battery","Static Discharge","Fire Potion"],"campfire_rested":0,"item_purchase_floors":[31,31,31],"current_hp_per_floor":[75,75,75,75,75,64,64,63,70,62,62,38,38,29,29,1,82,82,82,82,82,70,34,24,24,24,33,33,16,51,51,63,46,82,82,82,72,64,64,0,0],"gold":111,"neow_bonus":"RANDOM_COMMON_RELIC","is_daily":false,"chose_seed":false,"campfire_upgraded":6,"win_rate":0.0,"timestamp":1614067246,"path_taken":["M","?","?","?","$","M","R","M","T","?","R","M","$","?","R","BOSS","M","?","?","M","?","E","M","R","T","R","?","E","M","$","R","BOSS","M","$","?","?","?","E"],"items_purchased_type":["Card","Card","Potion"],"build_version":"2020-12-22","purchased_purges":3,"victory":false,"max_hp_per_floor":[75,75,75,75,75,75,75,75,82,82,82,82,82,82,82,82,82,82,82,82,82,82,82,82,82,82,82,82,82,82,82,82,82,82,82,82,82,82,82,82,82],"relic_stats":{"Lizard Tail":41,"counters":[18,65],"Bronze Scales":[222],"Gambling Chip":[1],"Eternal Feather":21,"MawBank":24,"Question Card":2,"obtain_stats":[{"Calling Bell":34,"Lizard Tail":23,"Bronze Scales":0,"Strawberry":9,"Gambling Chip":38,"Eternal Feather":26,"Incense Burner":34,"Cracked Core":0,"Ancient Tea Set":29,"MawBank":34,"Question Card":34,"Nuclear Battery":17},{"Calling Bell":15,"Lizard Tail":11,"Bronze Scales":0,"Strawberry":3,"Gambling Chip":17,"Eternal Feather":12,"Incense Burner":15,"Cracked Core":0,"Ancient Tea Set":13,"MawBank":15,"Question Card":15,"Nuclear Battery":7},{"Calling Bell":55,"Lizard Tail":43,"Bronze Scales":0,"Strawberry":6,"Gambling Chip":61,"Eternal Feather":46,"Incense Burner":55,"Cracked Core":0,"Ancient Tea Set":48,"MawBank":55,"Question Card":55,"Nuclear Battery":26}]},"card_choices":[{"not_picked":["Streamline","Ball Lightning"],"picked":"White Noise","floor":1},{"not_picked":["Streamline","Redo"],"picked":"Capacitor","floor":6},{"not_picked":["Streamline","Cold Snap"],"picked":"Hello World","floor":8},{"not_picked":["Reprogram","Steam"],"picked":"Tempest","floor":10},{"not_picked":["Coolheaded","Rip and Tear"],"picked":"Meteor Strike","floor":12},{"not_picked":["Undo","Beam Cell"],"picked":"Storm","floor":14},{"not_picked":["Meteor Strike","All For One"],"picked":"Machine Learning","floor":16},{"not_picked":["Conserve Battery+1","Streamline"],"picked":"Self Repair+1","floor":18},{"not_picked":["Ball Lightning","Reprogram+1","Barrage"],"picked":"SKIP","floor":21},{"not_picked":["Leap","Beam Cell"],"picked":"Defragment","floor":22},{"not_picked":["Steam Power","Leap+1"],"picked":"Electrodynamics","floor":23},{"not_picked":["Streamline","Sweeping Beam","Lockon+1"],"picked":"SKIP","floor":24},{"not_picked":["Turbo+1","Rebound","Chaos"],"picked":"SKIP","floor":29},{"not_picked":["Compile Driver+1","Beam Cell"],"picked":"Amplify","floor":30},{"not_picked":["Conserve Battery+1","Steam+1","Turbo"],"picked":"Consume","floor":35}],"player_experience":161132,"relics_obtained":[{"floor":9,"key":"Strawberry"},{"floor":23,"key":"Lizard Tail"},{"floor":26,"key":"Eternal Feather"},{"floor":29,"key":"Ancient Tea Set"},{"floor":34,"key":"MawBank"},{"floor":34,"key":"Question Card"},{"floor":34,"key":"Incense Burner"},{"floor":38,"key":"Gambling Chip"}],"event_choices":[{"cards_removed":["Strike_B"],"damage_healed":0,"gold_gain":0,"player_choice":"Card Removal","damage_taken":0,"max_hp_gain":0,"max_hp_loss":0,"event_name":"The Cleric","floor":2,"gold_loss":50},{"damage_healed":0,"gold_gain":0,"player_choice":"Grow","damage_taken":0,"max_hp_gain":0,"max_hp_loss":0,"event_name":"Living Wall","floor":3,"gold_loss":0,"cards_upgraded":["White Noise"]},{"damage_healed":0,"gold_gain":0,"player_choice":"1 cards matched","damage_taken":0,"max_hp_gain":0,"max_hp_loss":0,"event_name":"Match and Keep!","floor":4,"gold_loss":0,"cards_obtained":["Purity"]},{"damage_healed":0,"gold_gain":0,"cards_transformed":["Strike_B","Strike_B"],"player_choice":"Became Test Subject","damage_taken":0,"max_hp_gain":0,"max_hp_loss":0,"event_name":"Drug Dealer","floor":19,"gold_loss":0,"cards_obtained":["Blizzard","Melter"]},{"cards_removed":["Blizzard"],"damage_healed":0,"gold_gain":0,"player_choice":"Purged","damage_taken":0,"max_hp_gain":0,"max_hp_loss":0,"event_name":"Purifier","floor":20,"gold_loss":0},{"damage_healed":0,"gold_gain":0,"player_choice":"Smashed Altar","damage_taken":0,"max_hp_gain":0,"max_hp_loss":0,"event_name":"Forgotten Altar","floor":28,"gold_loss":0,"cards_obtained":["Decay"]},{"damage_healed":0,"gold_gain":0,"player_choice":"Embrace Madness","damage_taken":10,"max_hp_gain":0,"max_hp_loss":0,"event_name":"Winding Halls","floor":37,"gold_loss":0,"cards_obtained":["Madness","Madness"]},{"damage_healed":0,"gold_gain":0,"player_choice":"Fight","damage_taken":0,"max_hp_gain":0,"max_hp_loss":0,"event_name":"MindBloom","floor":38,"gold_loss":0},{"cards_removed":["Meteor Strike"],"damage_healed":0,"gold_gain":0,"player_choice":"Removed Attack","damage_taken":0,"max_hp_gain":0,"max_hp_loss":0,"event_name":"Falling","floor":39,"gold_loss":0}],"is_beta":false,"boss_relics":[{"not_picked":["Ectoplasm","Pandora\u0027s Box"],"picked":"Nuclear Battery"},{"not_picked":["Runic Dome","Astrolabe"],"picked":"Calling Bell"}],"items_purged_floors":[13,31,36],"is_endless":false,"potions_floor_spawned":[10,12,14,16,18,21,33,35,38],"killed_by":"Nemesis","ascension_level":0}}