{"host":"k919bq8mkuzdqhzi","time":1614050533,"event":{"mods":["AchievementEnabler","BaseMod","Colored Map","Colored Powertips","DeckTracker","Minty Spire (QoL Compilation)","Relic Sorter","SuperFastMode"],"gold_per_floor":[113,127,143,162,0,0,14,30,30,30,47,78,78,97,97,197,197,217,228,228,228,143,143,143,143],"floor_reached":24,"language":"ENG","playtime":1357,"items_purged":[],"score":200,"play_id":"fb1cf4cd-76a2-41ab-8cb8-f2499ef33554","local_time":"20210222222213","is_ascension_mode":false,"campfire_choices":[{"data":"Wish","floor":6,"key":"SMITH"},{"data":"WaveOfTheHand","floor":10,"key":"SMITH"},{"floor":15,"key":"REST"},{"floor":23,"key":"REST"}],"circlet_count":0,"master_deck":["Eruption","Vigilance","WaveOfTheHand+1","EmptyBody","CutThroughFate","Crescendo","Wish+1","Protect","Perseverance","WindmillStrike","CrushJoints","BattleHymn","LessonLearned","ConjureBlade","Pray","MasterReality","BattleHymn","Scrawl","Evaluate","DeusExMachina","Study"],"relics":["Snecko Eye","Juzu Bracelet","White Beast Statue","Pandora\u0027s Box","PreservedInsect","MutagenicStrength","Frozen Egg 2"],"acts_visited":["Exordium","TheCity"],"potions_floor_usage":[16,18,19,24,24],"damage_taken":[{"damage":0,"enemies":"Cultist","floor":1,"turns":2},{"damage":0,"enemies":"Jaw Worm","floor":2,"turns":1},{"damage":0,"enemies":"Small Slimes","floor":3,"turns":2},{"damage":1,"enemies":"Exordium Thugs","floor":4,"turns":5},{"damage":2,"enemies":"Looter","floor":7,"turns":3},{"damage":6,"enemies":"2 Fungi Beasts","floor":8,"turns":3},{"damage":0,"enemies":"Lots of Slimes","floor":11,"turns":4},{"damage":25,"enemies":"Gremlin Nob","floor":12,"turns":4},{"damage":7,"enemies":"Gremlin Gang","floor":14,"turns":4},{"damage":32,"enemies":"The Guardian","floor":16,"turns":10},{"damage":5,"enemies":"Chosen","floor":18,"turns":6},{"damage":32,"enemies":"Shell Parasite","floor":19,"turns":8},{"damage":68,"enemies":"Gremlin Leader","floor":24,"turns":6}],"seed_played":"2204017262026393054","potions_obtained":[{"floor":1,"key":"SmokeBomb"},{"floor":4,"key":"BlessingOfTheForge"},{"floor":8,"key":"SpeedPotion"},{"floor":12,"key":"BottledMiracle"},{"floor":16,"key":"BottledMiracle"},{"floor":18,"key":"Energy Potion"},{"floor":19,"key":"ColorlessPotion"}],"is_trial":false,"path_per_floor":["M","M","M","M","$","R","M","M","T","R","M","E","?","M","R","B",null,"M","M","?","?","?","R","E"],"character_chosen":"WATCHER","items_purchased":["Wish"],"campfire_rested":2,"item_purchase_floors":[5],"current_hp_per_floor":[72,72,72,71,71,71,69,63,63,63,63,38,38,31,52,20,72,67,35,35,35,35,56,0,0],"gold":143,"neow_bonus":"BOSS_RELIC","is_daily":false,"chose_seed":false,"campfire_upgraded":2,"win_rate":0.0,"timestamp":1614050533,"path_taken":["M","M","M","M","$","R","M","M","T","R","M","E","?","M","R","BOSS","M","M","?","?","?","R","E"],"items_purchased_type":["Card"],"build_version":"2020-12-22","purchased_purges":0,"victory":false,"max_hp_per_floor":[72,72,72,72,72,72,72,72,72,72,72,72,72,72,72,72,72,72,72,72,72,72,72,72,72],"card_choices":[{"not_picked":["JustLucky","FlyingSleeves"],"picked":"WaveOfTheHand","floor":1},{"not_picked":["Halt","LikeWater"],"picked":"EmptyBody","floor":2},{"not_picked":["EmptyBody","SandsOfTime"],"picked":"CutThroughFate","floor":3},{"not_picked":["Study","BowlingBash"],"picked":"Crescendo","floor":4},{"not_picked":["PathToVictory","Consecrate"],"picked":"Protect","floor":7},{"not_picked":["ThirdEye","Pray"],"picked":"Perseverance","floor":8},{"not_picked":["Pray","Fasting2"],"picked":"WindmillStrike","floor":11},{"not_picked":["Omniscience","ReachHeaven"],"picked":"CrushJoints","floor":12},{"not_picked":["Weave","Prostrate"],"picked":"BattleHymn","floor":14},{"not_picked":["Vault","SpiritShield"],"picked":"LessonLearned","floor":16},{"not_picked":["FearNoEvil","JustLucky","LikeWater"],"picked":"SKIP","floor":18},{"not_picked":["BowlingBash","CrushJoints","Protect"],"picked":"SKIP","floor":19}],"player_experience":177656,"relics_obtained":[{"floor":9,"key":"Juzu Bracelet"},{"floor":12,"key":"White Beast Statue"}],"event_choices":[{"damage_healed":0,"gold_gain":0,"player_choice":"Ignored","damage_taken":0,"max_hp_gain":0,"max_hp_loss":0,"event_name":"Liars Game","floor":13,"gold_loss":0},{"damage_healed":0,"gold_gain":0,"player_choice":"Opened","damage_taken":0,"relics_obtained":["PreservedInsect"],"max_hp_gain":0,"max_hp_loss":0,"event_name":"The Mausoleum","floor":20,"gold_loss":0},{"damage_healed":0,"gold_gain":0,"player_choice":"Inject Mutagens","damage_taken":0,"relics_obtained":["MutagenicStrength"],"max_hp_gain":0,"max_hp_loss":0,"event_name":"Drug Dealer","floor":21,"gold_loss":0},{"damage_healed":0,"gold_gain":0,"player_choice":"Obtained Relic","damage_taken":0,"relics_obtained":["Frozen Egg 2"],"max_hp_gain":0,"max_hp_loss":0,"event_name":"Addict","floor":22,"gold_loss":85}],"is_beta":false,"boss_relics":[{"not_picked":["Black Star","Calling Bell"],"picked":"Pandora\u0027s Box"}],"items_purged_floors":[],"is_endless":false,"potions_floor_spawned":[1,4,8,12,14,16,18,19],"killed_by":"Gremlin Leader","ascension_level":0}}