{"host":"df48i9djcn92c5sx","time":1614061137,"event":{"mods":["Act Like it!","Arknights","BaseMod","Decade(王小明)","Downfall","Gensokyo","Marisa（F雨　魔理沙）","Minty Spire (QoL Compilation)","READ ME - Guardian Mod","READ ME - Snecko Mod","Reimu（博丽灵梦）","Remilia（蕾米莉亚）","Shop Mod","StSLib","The Jungle","The Servant 0.9.4"],"gold_per_floor":[115,115,128,128,128,128,108,108,131,131,141,20,34,46,46,123,123,142,160,173,173,173],"floor_reached":21,"language":"ZHS","playtime":548,"items_purged":[],"score":398,"play_id":"82f29046-9e68-4439-ada8-9ecafb7fe38f","local_time":"20210223141857","is_ascension_mode":true,"campfire_choices":[{"data":"Glacier","floor":6,"key":"SMITH"},{"data":"Storm","floor":8,"key":"SMITH"},{"data":"Zap","floor":10,"key":"SMITH"},{"data":"Defragment","floor":15,"key":"SMITH"}],"circlet_count":0,"master_deck":["AscendersBane","Strike_B","Strike_B","Strike_B","Defend_B","Defend_B","Defend_B","Defend_B","Zap+1","Dualcast","Glacier+1","Storm+1","Defragment+1","Doom and Gloom","Cold Snap","Creative AI","Consume"],"relics":["Cracked Core","NeowsBlessing","PreservedInsect","bronze:MakeshiftBattery"],"acts_visited":["Exordium","TheCity"],"potions_floor_usage":[16,16,20],"damage_taken":[{"damage":0,"enemies":"Small Slimes","floor":1,"turns":1},{"damage":0,"enemies":"Cultist","floor":3,"turns":1},{"damage":0,"enemies":"2 Louse","floor":11,"turns":1},{"damage":0,"enemies":"2 Fungi Beasts","floor":13,"turns":3},{"damage":0,"enemies":"3 Louse","floor":14,"turns":3},{"damage":0,"enemies":"The Guardian","floor":16,"turns":8},{"damage":12,"enemies":"Chosen","floor":18,"turns":3},{"damage":12,"enemies":"Spheric Guardian","floor":19,"turns":5},{"damage":47,"enemies":"3 Cultists","floor":20,"turns":6},{"damage":9,"enemies":"Centurion and Healer","floor":21,"turns":1}],"seed_played":"4652289251019083237","potions_obtained":[{"floor":3,"key":"FocusPotion"},{"floor":7,"key":"CultistPotion"},{"floor":11,"key":"PotionOfCapacity"},{"floor":18,"key":"Guardian:BlockOnCardUsePotion"}],"is_trial":false,"path_per_floor":["M","?","M","?","?","R","?","R","T","R","M","$","M","M","R","B",null,"M","M","M","M"],"character_chosen":"DEFECT","items_purchased":["Defragment","Doom and Gloom"],"campfire_rested":0,"item_purchase_floors":[12,12],"current_hp_per_floor":[64,57,57,62,62,62,62,62,62,62,62,62,62,62,62,62,73,61,51,6,0,0],"gold":173,"neow_bonus":"THREE_ENEMY_KILL","is_daily":false,"chose_seed":false,"campfire_upgraded":4,"win_rate":0.0,"timestamp":1614061137,"path_taken":["M","?","M","?","?","R","?","R","T","R","?","$","?","M","R","BOSS","M","M","M","?"],"items_purchased_type":["Card","Card"],"build_version":"2020-12-22","purchased_purges":0,"victory":false,"max_hp_per_floor":[71,71,71,76,76,76,76,76,76,76,76,76,76,76,76,76,76,76,76,76,76,76],"card_choices":[{"not_picked":["Turbo","Compile Driver"],"picked":"Glacier","floor":1},{"not_picked":["Streamline","Scrape"],"picked":"Storm","floor":3},{"not_picked":["Darkness","Sweeping Beam","Compile Driver"],"picked":"SKIP","floor":11},{"not_picked":["Double Energy","Beam Cell"],"picked":"Cold Snap","floor":13},{"not_picked":["Barrage","Storm","Sweeping Beam"],"picked":"SKIP","floor":14},{"not_picked":["Core Surge","Fission"],"picked":"Creative AI","floor":16},{"not_picked":["Aggregate","Doom and Gloom","Sweeping Beam"],"picked":"SKIP","floor":18},{"not_picked":["Cold Snap+1","Go for the Eyes","Hologram"],"picked":"SKIP","floor":19},{"not_picked":["Coolheaded+1","Rip and Tear"],"picked":"Consume","floor":20}],"player_experience":1615622,"relics_obtained":[{"floor":9,"key":"PreservedInsect"}],"event_choices":[{"cards_removed":["Strike_B"],"damage_healed":0,"gold_gain":0,"player_choice":"Card Removal","damage_taken":7,"max_hp_gain":0,"max_hp_loss":0,"event_name":"Golden Wing","floor":2,"gold_loss":0},{"damage_healed":0,"gold_gain":0,"player_choice":"Donut","damage_taken":0,"max_hp_gain":5,"max_hp_loss":0,"event_name":"Big Fish","floor":4,"gold_loss":0},{"damage_healed":0,"gold_gain":0,"player_choice":"Ignored","damage_taken":0,"max_hp_gain":0,"max_hp_loss":0,"event_name":"Liars Game","floor":5,"gold_loss":0},{"damage_healed":0,"gold_gain":0,"player_choice":"Bought 1 Potion","damage_taken":0,"max_hp_gain":0,"max_hp_loss":0,"event_name":"The Woman in Blue","floor":7,"gold_loss":0}],"is_beta":false,"boss_relics":[{"not_picked":["Cursed Key","expansioncontent:StudyCardRelic"],"picked":"bronze:MakeshiftBattery"}],"items_purged_floors":[],"is_endless":false,"potions_floor_spawned":[3,11,13,18],"killed_by":"Centurion and Healer","ascension_level":16}}