{"host":"3z4ju2qnfrhpg6py","time":1614089360,"event":{"mods":["Act Like it!","Arknights","BaseMod","Colored Powertips","Minty Spire (QoL Compilation)","Spicy Shops","StSLib","UnlockEverythingMod","Wide Potions","noobMod","¡¾ÒÅÎï¿¨ÅÆ¡¿REMEMod"],"gold_per_floor":[11,11,186,204,215,250,16,44,123,123,137,170,170,170,170,294,294,309,332,332,332,332,367,367,401,471,515,536,575,598,662,662,791,791,827,858,858,936,495,596,596,649,691,184,218,218,271,619,619,1141,1141,1141,180,520,736],"floor_reached":56,"language":"ZHS","playtime":2162,"items_purged":["Regret","Doubt","Injury","ats:Defend+1"],"score":1941,"play_id":"cac57fcb-d497-4ab2-aed2-51160b8131f6","local_time":"20210223220920","is_ascension_mode":true,"campfire_choices":[{"data":"ats:Emotion Absorption","floor":13,"key":"SMITH"},{"data":"ats:Apocalypse","floor":15,"key":"SMITH"},{"data":"ats:Serious Mode","floor":24,"key":"SMITH"},{"data":"ats:Absolute Focus","floor":32,"key":"SMITH"},{"data":"REME_WheelOfFate","floor":41,"key":"SMITH"},{"data":"REME_BattleFury","floor":46,"key":"SMITH"},{"floor":49,"key":"RECALL"},{"data":"ats:Echo Reverb","floor":52,"key":"SMITH"}],"circlet_count":0,"master_deck":["ats:Strike C+1","ats:Strike G+1","ats:Strike S+1","ats:Strike V+1","ats:Armor Crushing Shot","ats:Defend+1","ats:Defend+1","ats:Emotion Absorption+1","Well Laid Plans","ats:Composite Medical Shells","ats:Curse Doll","ats:Chain Hook","ats:Absolute Focus+1","ats:Blood Oath","ats:Soul Rend","ats:Apocalypse+1","ats:Blood Oath","ats:Cat Scratch","ats:Durian","ats:Sashimi Platter+1","ats:Support Order","ats:Serious Mode+1","ats:True Silver Slash","ats:Calcification","ats:Demon Strength","ats:Powerful Strike+1","ats:Demon Strength","ats:Echo Reverb+1","CurseOfTheBell","ats:Counter Healing Mode+1","ats:Blood Oath","Bandage Up","Trip","REME_WheelOfFate+1","ats:Support Order","ats:Demon Strength+1","REME_BattleFury+1","Enlightenment","ats:Mental Burst","ats:Powerful Strike","ats:Composite Medical Shells","Transmutation","ats:Defend Order"],"relics":["ats:Sanity Plus","REME_ComplimentaryCards","ice","Calipers","ats:Originium","Unceasing Top","Strawberry","Bag of Preparation","Torii","Shuriken","Enchiridion","MealTicket","REME_HandOfSuture","Mercury Hourglass","Pear","White Beast Statue","ats:Industrial Water Cannon","Calling Bell","Vajra","InkBottle","ats:Gyao","TungstenRod","ats:Attack","StrikeDummy","Boot","Blood Vial","Happy Flower","REME_ArchaeologicalTools","ats:Spiritual Recovery","REME_PuzzleBoxRelic","Strange Spoon","Oddly Smooth Stone"],"acts_visited":["Exordium","TheCity","TheBeyond","TheEnding"],"potions_floor_usage":[31,31,40,55,55,55],"damage_taken":[{"damage":5,"enemies":"2 Louse","floor":1,"turns":4},{"damage":20,"enemies":"ats:Genji","floor":4,"turns":4},{"damage":14,"enemies":"Small Slimes","floor":5,"turns":3},{"damage":55,"enemies":"Gremlin Nob","floor":6,"turns":6},{"damage":35,"enemies":"Lagavulin","floor":8,"turns":5},{"damage":22,"enemies":"Looter","floor":11,"turns":3},{"damage":1,"enemies":"Gremlin Nob","floor":12,"turns":4},{"damage":14,"enemies":"The Guardian","floor":16,"turns":4},{"damage":6,"enemies":"Spheric Guardian","floor":18,"turns":3},{"damage":4,"enemies":"Shell Parasite","floor":19,"turns":2},{"damage":6,"enemies":"Gremlin Leader","floor":23,"turns":3},{"damage":14,"enemies":"Slavers","floor":25,"turns":3},{"damage":7,"enemies":"Gremlin Leader","floor":27,"turns":2},{"damage":5,"enemies":"Centurion and Healer","floor":28,"turns":1},{"damage":6,"enemies":"REME_1_Revenger","floor":29,"turns":2},{"damage":8,"enemies":"Snecko","floor":30,"turns":2},{"damage":0,"enemies":"Book of Stabbing","floor":31,"turns":2},{"damage":13,"enemies":"Automaton","floor":33,"turns":3},{"damage":0,"enemies":"3 Darklings","floor":35,"turns":1},{"damage":15,"enemies":"3 Shapes","floor":36,"turns":3},{"damage":45,"enemies":"Mind Bloom Boss Battle","floor":38,"turns":3},{"damage":0,"enemies":"Nemesis","floor":40,"turns":3},{"damage":0,"enemies":"Reptomancer","floor":42,"turns":1},{"damage":7,"enemies":"Sphere and 2 Shapes","floor":45,"turns":3},{"damage":12,"enemies":"Giant Head","floor":47,"turns":3},{"damage":51,"enemies":"Time Eater","floor":50,"turns":3},{"damage":10,"enemies":"Shield and Spear","floor":54,"turns":2},{"damage":49,"enemies":"The Heart","floor":55,"turns":4}],"seed_played":"2680611401195029833","potions_obtained":[{"floor":1,"key":"Strength Potion"},{"floor":6,"key":"ats:Burn Big Potion"},{"floor":11,"key":"BlessingOfTheForge"},{"floor":30,"key":"REME_GoldPotion"},{"floor":31,"key":"Fire Potion"},{"floor":33,"key":"REME_GoldPotion"},{"floor":36,"key":"Block Potion"},{"floor":42,"key":"ats:Burn Small Potion"}],"is_trial":false,"path_per_floor":["M","?","?","M","M","E","$","E","T","?","M","E","R","?","R","B",null,"M","M","?","?","?","E","R","E","T","E","M","E","M","E","R","B",null,"M","M","?","?","$","E","R","E","T","$","M","R","E","?","R","B",null,"R","$","E","B",null],"character_chosen":"DOCTOR_CLASS","items_purchased":["ats:Soul Rend","Strawberry","ats:Support Order","ats:Attack","StrikeDummy","REME_BattleFury","Happy Flower","ats:Spiritual Recovery","REME_PuzzleBoxRelic","Strange Spoon","Enlightenment","ats:Mental Burst","ats:Powerful Strike","ats:Composite Medical Shells","Transmutation"],"campfire_rested":0,"item_purchase_floors":[7,7,39,39,39,44,44,53,53,53,53,53,53,53,53],"current_hp_per_floor":[60,60,60,40,26,32,39,12,12,12,5,80,80,80,80,85,88,88,87,71,71,71,81,81,78,78,96,98,102,96,109,109,102,110,113,98,88,74,89,110,110,110,110,123,118,118,115,115,115,107,126,126,132,134,122],"gold":736,"neow_bonus":"ONE_RARE_RELIC","is_daily":false,"chose_seed":false,"campfire_upgraded":7,"win_rate":0.0,"timestamp":1614089360,"path_taken":["M","?","?","M","M","E","?","E","T","?","M","E","R","?","R","BOSS","M","M","?","?","?","E","R","E","T","E","M","E","M","E","R","BOSS","M","M","?","?","$","E","R","E","T","$","M","R","E","?","R","BOSS","R","$","E","BOSS"],"items_purchased_type":["Card","Relic","Card","Relic","Relic","Card","Relic","Relic","Relic","Relic","Card","Card","Card","Card","Card"],"build_version":"2020-12-22","purchased_purges":4,"victory":true,"max_hp_per_floor":[72,72,72,72,72,74,81,83,83,77,79,80,80,80,80,89,89,90,92,92,92,92,92,92,95,95,107,107,109,109,111,111,113,113,113,114,114,120,120,123,123,123,123,123,126,126,128,128,128,132,132,132,132,134,184],"card_choices":[{"not_picked":["ats:Blood Oath","ats:Hammer On"],"picked":"ats:Composite Medical Shells","floor":1},{"not_picked":["ats:Poison Spread","ats:Red Shift"],"picked":"ats:Chain Hook","floor":4},{"not_picked":["ats:Closed Bolt Burst Fire","ats:Literary Storm"],"picked":"ats:Absolute Focus","floor":5},{"not_picked":["ats:Curse Doll","ats:Composite Medical Shells"],"picked":"ats:Blood Oath","floor":6},{"not_picked":["ats:Leaping Hammer","ats:Roar Of Ursus"],"picked":"ats:Apocalypse","floor":8},{"not_picked":["ats:Assault Order","ats:Consecutive Shot Auto"],"picked":"ats:Blood Oath","floor":11},{"not_picked":["ats:Chain Hook","ats:Ambush"],"picked":"ats:Cat Scratch","floor":12},{"not_picked":["ats:Ambush","ats:Wolf Pack"],"picked":"ats:Durian","floor":16},{"not_picked":["ats:LN2 Cannon","ats:Hammer On"],"picked":"ats:Sashimi Platter+1","floor":18},{"not_picked":["ats:Flexible Camouflage","ats:Shell Defense"],"picked":"ats:Support Order","floor":19},{"not_picked":["ats:Fractured Body","ats:Overload"],"picked":"ats:Serious Mode","floor":23},{"not_picked":["ats:Roar Of Ursus","ats:Red Shift+1"],"picked":"ats:True Silver Slash","floor":25},{"not_picked":["ats:Flexible Camouflage+1","ats:Phantom"],"picked":"ats:Calcification","floor":27},{"not_picked":["ats:Hook Shot+1","ats:Hammer On+1","ats:Mental Burst"],"picked":"SKIP","floor":28},{"not_picked":["ats:Magnetic Hammer","ats:Cat Scratch"],"picked":"ats:Demon Strength","floor":29},{"not_picked":["ats:Consecutive Shot Auto","ats:Charging Defense+1"],"picked":"ats:Powerful Strike+1","floor":30},{"not_picked":["ats:Sunburst+1","ats:Explosion Area Strengthen"],"picked":"ats:Demon Strength","floor":31},{"not_picked":["ats:Durian","ats:Volcano"],"picked":"ats:Echo Reverb","floor":33},{"not_picked":["ats:Flexible Camouflage","ats:Shadow Raid+1"],"picked":"ats:Counter Healing Mode+1","floor":35},{"not_picked":["ats:Cat Scratch","ats:Automatic Cover+1"],"picked":"ats:Blood Oath","floor":36},{"not_picked":["REME_BodyOfCthun","Forethought"],"picked":"Bandage Up","floor":37},{"not_picked":["PanicButton","REME_TwoStrings"],"picked":"Trip","floor":37},{"not_picked":["Thinking Ahead","Flash of Steel"],"picked":"REME_WheelOfFate","floor":37},{"not_picked":["ats:Apocalypse","ats:Poison Spread"],"picked":"ats:Demon Strength+1","floor":40},{"not_picked":["ats:Serious Mode+1","ats:Poison Spread+1","ats:Burning Ground+1"],"picked":"SKIP","floor":42},{"not_picked":["ats:Collapsing Strike+1","ats:Hammer On","ats:Flame Of Heaven"],"picked":"SKIP","floor":45},{"not_picked":["ats:Neurotoxin+1","ats:Hammer On","ats:Ignite+1"],"picked":"SKIP","floor":47},{"not_picked":["ats:Assault Order+1","ats:Poison Spread"],"picked":"ats:Defend Order","floor":54}],"player_experience":28881,"relics_obtained":[{"floor":6,"key":"ats:Originium"},{"floor":6,"key":"Unceasing Top"},{"floor":8,"key":"ats:Originium"},{"floor":8,"key":"Bag of Preparation"},{"floor":12,"key":"ats:Originium"},{"floor":12,"key":"Torii"},{"floor":20,"key":"Enchiridion"},{"floor":23,"key":"ats:Originium"},{"floor":23,"key":"MealTicket"},{"floor":25,"key":"ats:Originium"},{"floor":25,"key":"REME_HandOfSuture"},{"floor":26,"key":"Mercury Hourglass"},{"floor":27,"key":"Pear"},{"floor":29,"key":"White Beast Statue"},{"floor":31,"key":"ats:Industrial Water Cannon"},{"floor":34,"key":"Vajra"},{"floor":34,"key":"InkBottle"},{"floor":34,"key":"ats:Gyao"},{"floor":38,"key":"TungstenRod"},{"floor":42,"key":"Boot"},{"floor":43,"key":"Blood Vial"},{"floor":47,"key":"REME_ArchaeologicalTools"},{"floor":54,"key":"Oddly Smooth Stone"}],"event_choices":[{"damage_healed":0,"gold_gain":0,"cards_transformed":["ats:Defend"],"player_choice":"Change","damage_taken":0,"max_hp_gain":0,"max_hp_loss":0,"event_name":"Living Wall","floor":2,"gold_loss":0,"cards_obtained":["ats:Curse Doll"]},{"damage_healed":0,"gold_gain":175,"player_choice":"AGREE","damage_taken":0,"max_hp_gain":0,"max_hp_loss":0,"event_name":"Liars Game","floor":3,"gold_loss":0,"cards_obtained":["Doubt"]},{"damage_healed":0,"gold_gain":0,"player_choice":"Lose Max HP","damage_taken":0,"relics_obtained":["Golden Idol"],"max_hp_gain":0,"max_hp_loss":6,"event_name":"Golden Idol","floor":10,"gold_loss":0},{"damage_healed":0,"gold_gain":0,"player_choice":"Box","damage_taken":0,"relics_obtained":["Shuriken"],"max_hp_gain":0,"max_hp_loss":0,"event_name":"Big Fish","floor":14,"gold_loss":0,"cards_obtained":["Regret"]},{"damage_healed":0,"gold_gain":0,"player_choice":"Obtained Book","damage_taken":16,"max_hp_gain":0,"max_hp_loss":0,"event_name":"Cursed Tome","floor":20,"gold_loss":0},{"damage_healed":0,"gold_gain":0,"player_choice":"Simplicity","damage_taken":0,"max_hp_gain":0,"max_hp_loss":0,"event_name":"Back to Basics","floor":21,"gold_loss":0,"cards_upgraded":["ats:Strike C","ats:Strike G","ats:Strike S","ats:Strike V","ats:Defend","ats:Defend","ats:Defend"]},{"damage_healed":0,"gold_gain":0,"player_choice":"Ignored","damage_taken":0,"max_hp_gain":0,"max_hp_loss":0,"event_name":"Ghosts","floor":22,"gold_loss":0},{"damage_healed":0,"gold_gain":0,"player_choice":"Memory 3","damage_taken":10,"max_hp_gain":0,"max_hp_loss":0,"event_name":"SensoryStone","floor":37,"gold_loss":0},{"damage_healed":0,"gold_gain":0,"player_choice":"Fight","damage_taken":0,"max_hp_gain":0,"max_hp_loss":0,"event_name":"MindBloom","floor":38,"gold_loss":0},{"damage_healed":0,"gold_gain":333,"player_choice":"Gave Idol","damage_taken":0,"max_hp_gain":0,"max_hp_loss":0,"event_name":"The Moai Head","floor":48,"relics_lost":["Golden Idol"],"gold_loss":0}],"is_beta":false,"boss_relics":[{"not_picked":["Runic Dome","SlaversCollar"],"picked":"ats:Sanity Plus"},{"not_picked":["Sozu","Tiny House"],"picked":"Calling Bell"}],"items_purged_floors":[39,44,53,53],"is_endless":false,"potions_floor_spawned":[1,6,11,12,18,25,30,31,33,35,36,38,40,42,45,47,54],"ascension_level":6}}