{"host":"aq6zgkax5kiz71xp","time":1614040340,"event":{"mods":["BaseMod","Bestiary","Minty Spire (QoL Compilation)","Quick Restart","StSLib","The Cursed","The Runesmith"],"gold_per_floor":[112,123,198,198,216,216,241,241,267,267,295,314,330,330,330,330,330],"floor_reached":16,"language":"ZHS","playtime":425,"items_purged":[],"score":138,"play_id":"dbeaff32-4d02-4aa0-b0ab-1e946cd5f1df","local_time":"20210223083220","is_ascension_mode":true,"campfire_choices":[{"data":"Bludgeon","floor":6,"key":"SMITH"},{"data":"Limit Break","floor":8,"key":"SMITH"},{"data":"Searing Blow+1","floor":15,"key":"SMITH"}],"circlet_count":0,"master_deck":["Strike_R","Strike_R","Strike_R+1","Strike_R","Strike_R+1","Defend_R","Defend_R","Defend_R","Defend_R","Bash","Pummel","Rampage+1","Bludgeon+1","Limit Break+1","Searing Blow+2","Impervious"],"relics":["Burning Blood","NeowsBlessing","Toy Ornithopter","Whetstone","Molten Egg 2","Omamori"],"acts_visited":["Exordium"],"potions_floor_usage":[],"damage_taken":[{"damage":0,"enemies":"Jaw Worm","floor":1,"turns":1},{"damage":0,"enemies":"2 Louse","floor":2,"turns":1},{"damage":0,"enemies":"Cultist","floor":5,"turns":1},{"damage":16,"enemies":"Gremlin Nob","floor":7,"turns":3},{"damage":30,"enemies":"3 Sentries","floor":11,"turns":5},{"damage":11,"enemies":"Looter","floor":12,"turns":2},{"damage":18,"enemies":"2 Fungi Beasts","floor":13,"turns":3},{"damage":44,"enemies":"Hexaghost","floor":16,"turns":4}],"seed_played":"-1196282684382445999","potions_obtained":[{"floor":11,"key":"PowerPotion"},{"floor":13,"key":"SteroidPotion"}],"is_trial":false,"path_per_floor":["M","M","?","?","M","R","E","R","T","?","E","M","M","?","R","B"],"character_chosen":"IRONCLAD","items_purchased":[],"campfire_rested":0,"item_purchase_floors":[],"current_hp_per_floor":[80,80,69,69,75,75,65,65,65,62,38,33,21,41,41,0,0],"gold":330,"neow_bonus":"THREE_ENEMY_KILL","is_daily":false,"chose_seed":false,"campfire_upgraded":3,"win_rate":0.0,"timestamp":1614040340,"path_taken":["M","M","?","?","?","R","E","R","T","?","E","M","M","?","R","BOSS"],"items_purchased_type":[],"build_version":"2020-12-22","purchased_purges":0,"victory":false,"max_hp_per_floor":[80,80,80,80,80,80,80,80,80,80,80,80,80,80,80,80,80],"card_choices":[{"not_picked":["Twin Strike","Clash"],"picked":"Pummel","floor":1},{"not_picked":["Cleave","Metallicize"],"picked":"Rampage","floor":2},{"not_picked":["Heavy Blade","Clothesline"],"picked":"Bludgeon","floor":5},{"not_picked":["Shrug It Off","Body Slam"],"picked":"Limit Break","floor":7},{"not_picked":["Anger+1","Dropkick+1","Thunderclap+1"],"picked":"SKIP","floor":11},{"not_picked":["Second Wind","Anger+1"],"picked":"Searing Blow+1","floor":12},{"not_picked":["Havoc","Blood for Blood+1"],"picked":"Impervious","floor":13}],"player_experience":468543,"relics_obtained":[{"floor":7,"key":"Toy Ornithopter"},{"floor":9,"key":"Whetstone"},{"floor":11,"key":"Omamori"}],"event_choices":[{"damage_healed":0,"gold_gain":75,"player_choice":"Gather Gold","damage_taken":11,"max_hp_gain":0,"max_hp_loss":0,"event_name":"World of Goop","floor":3,"gold_loss":0},{"damage_healed":0,"gold_gain":0,"player_choice":"Forge","damage_taken":0,"max_hp_gain":0,"max_hp_loss":0,"event_name":"Accursed Blacksmith","floor":4,"gold_loss":0,"cards_upgraded":["Rampage"]},{"damage_healed":0,"gold_gain":0,"player_choice":"Success","damage_taken":3,"relics_obtained":["Molten Egg 2"],"max_hp_gain":0,"max_hp_loss":0,"event_name":"Scrap Ooze","floor":10,"gold_loss":0},{"damage_healed":20,"gold_gain":0,"player_choice":"Healed and dodged fight","damage_taken":0,"max_hp_gain":0,"max_hp_loss":0,"event_name":"Mushrooms","floor":14,"gold_loss":0,"cards_obtained":["Parasite"]}],"is_beta":false,"boss_relics":[],"items_purged_floors":[],"is_endless":false,"potions_floor_spawned":[11,13],"killed_by":"Hexaghost","ascension_level":5}}