{"host":"9ndbo4kgsfoemf7y","time":1614080327,"event":{"mods":["AchievementEnabler","BaseMod","Colored Map","DeckTracker","Keyboard Shortcuts","Minty Spire (QoL Compilation)","Permanent Neow","Quick Restart","Relic Stats","StSLib","SuperFastMode"],"gold_per_floor":[114,189,205,218,218,258,258,258,311,348,348,367,383,87,87,193,193,215,260,160,171,191,226,249,274,274,310,336,745,759,795,795,908,908,923,932,946,487,505,534,534,593,593,613,613,613,50,93,93,93],"floor_reached":51,"language":"KOR","playtime":3086,"items_purged":["Strike_B","Defend_B","Pain"],"score":1279,"play_id":"5ee8b749-3fcb-4af9-b5dd-f5d4abc2787f","local_time":"20210223203847","is_ascension_mode":true,"campfire_choices":[{"floor":7.0,"key":"REST"},{"floor":15.0,"key":"REST"},{"floor":32,"key":"REST"},{"floor":41,"key":"RECALL"},{"floor":45,"key":"REST"},{"floor":49,"key":"REST"}],"circlet_count":0,"master_deck":["AscendersBane","Strike_B","Strike_B","Defend_B","Defend_B","Defend_B","Zap","Dualcast","Cold Snap","Sunder","Aggregate+1","Go for the Eyes","Coolheaded","Hologram","Glacier","Meteor Strike","Recycle","Ghostly","Ghostly","Ghostly","Ghostly","Ghostly","Capacitor","Defragment","Tempest","Beam Cell+1","Defragment","Blizzard+1","Meteor Strike+1","HandOfGreed+1","Force Field"],"relics":["Fusion Hammer","CeramicFish","Potion Belt","Letter Opener","Medical Kit","Snecko Eye","Bronze Scales","Shuriken","Anchor","MealTicket","Old Coin","Molten Egg 2","Red Mask","Busted Crown","WarpedTongs","Chemical X","FossilizedHelix","Bag of Marbles","Cables","Mango"],"acts_visited":["Exordium","TheCity","TheBeyond"],"potions_floor_usage":[16,29,29,31],"damage_taken":[{"damage":2.0,"enemies":"Jaw Worm","floor":1.0,"turns":3.0},{"damage":0.0,"enemies":"Small Slimes","floor":3.0,"turns":3.0},{"damage":0.0,"enemies":"2 Louse","floor":4.0,"turns":2.0},{"damage":21.0,"enemies":"Lagavulin","floor":6.0,"turns":6.0},{"damage":30.0,"enemies":"3 Sentries","floor":10.0,"turns":7.0},{"damage":4.0,"enemies":"Exordium Wildlife","floor":12.0,"turns":3.0},{"damage":0.0,"enemies":"Large Slime","floor":13.0,"turns":5.0},{"damage":4,"enemies":"Hexaghost","floor":16,"turns":14},{"damage":3,"enemies":"Chosen","floor":18,"turns":4},{"damage":0,"enemies":"Shell Parasite","floor":21,"turns":2},{"damage":1,"enemies":"Snake Plant","floor":22,"turns":4},{"damage":1,"enemies":"Gremlin Leader","floor":23,"turns":8},{"damage":0,"enemies":"Centurion and Healer","floor":24,"turns":6},{"damage":0,"enemies":"Book of Stabbing","floor":25,"turns":5},{"damage":18,"enemies":"Gremlin Leader","floor":27,"turns":7},{"damage":0,"enemies":"Cultist and Chosen","floor":28,"turns":7},{"damage":0,"enemies":"Colosseum Slavers","floor":29,"turns":4},{"damage":0,"enemies":"Colosseum Nobs","floor":29,"turns":4},{"damage":0,"enemies":"Snake Plant","floor":30,"turns":3},{"damage":0,"enemies":"Masked Bandits","floor":31,"turns":3},{"damage":15,"enemies":"Collector","floor":33,"turns":9},{"damage":0,"enemies":"Orb Walker","floor":35,"turns":2},{"damage":3,"enemies":"3 Darklings","floor":37,"turns":4},{"damage":0,"enemies":"Maw","floor":39,"turns":6},{"damage":0,"enemies":"Giant Head","floor":40,"turns":6},{"damage":26,"enemies":"Reptomancer","floor":42,"turns":5},{"damage":0,"enemies":"Transient","floor":44,"turns":5},{"damage":3,"enemies":"Sphere and 2 Shapes","floor":48,"turns":4},{"damage":5,"enemies":"Time Eater","floor":50,"turns":8}],"seed_played":"-3556471418267460311","potions_obtained":[{"floor":1.0,"key":"SpeedPotion"},{"floor":4.0,"key":"DistilledChaos"},{"floor":10.0,"key":"ColorlessPotion"},{"floor":12.0,"key":"Explosive Potion"},{"floor":23,"key":"Regen Potion"},{"floor":29,"key":"FearPotion"},{"floor":31,"key":"FairyPotion"},{"floor":37,"key":"BlessingOfTheForge"}],"is_trial":false,"path_per_floor":["M","?","M","M","?","E","R","?","T","E","?","M","M","$","R","B",null,"M","?","$","M","M","E","M","E","T","E","M","?","M","?","R","B",null,"M","?","M","$","M","E","R","E","T","M","R","?","$","M","R","B",null],"character_chosen":"DEFECT","items_purchased":["Medical Kit","Glacier","Chemical X","HandOfGreed+1","Cables","Force Field","Mango"],"campfire_rested":5,"item_purchase_floors":[14,14,38,38,47,47,47],"current_hp_per_floor":[66,55,55,55,48,27,49,54,54,24,24,20,20,20,44,40,70,67,40,40,40,39,38,38,38,38,20,20,32,32,32,40,25,36,36,36,33,40,40,40,40,14,14,14,26,26,52,49,52,47],"gold":93,"neow_bonus":"BOSS_RELIC","is_daily":false,"chose_seed":false,"campfire_upgraded":0,"win_rate":0.0,"timestamp":1614080327,"path_taken":["M","?","M","M","?","E","R","?","T","E","?","M","?","$","R","BOSS","M","?","$","M","M","E","M","E","T","E","M","?","M","?","R","BOSS","M","?","?","$","M","E","R","E","T","M","R","?","$","M","R","BOSS"],"items_purchased_type":["Relic","Card","Relic","Card","Relic","Card","Relic"],"build_version":"2020-12-22","purchased_purges":3,"victory":true,"max_hp_per_floor":[75,75,75,75,75,75,75,80,80,80,80,80,80,80,80,80,80,80,40,40,40,40,40,40,40,40,40,40,40,40,40,40,40,40,40,40,40,40,40,40,40,40,40,40,40,38,52,52,52,52],"relic_stats":{"counters":[29,149],"CeramicFish":189,"Letter Opener":[502],"Medical Kit":[11],"WarpedTongs":[38],"Cables":[10,3,4,0,3],"Busted Crown":14,"Shuriken":[25],"Bronze Scales":[257],"Snecko Eye":[201,175,168,168],"MealTicket":19,"Chemical X":[7],"obtain_stats":[{"Potion Belt":9,"CeramicFish":6,"Mango":47,"Letter Opener":10,"Medical Kit":14,"Old Coin":29,"WarpedTongs":36,"Cables":47,"Anchor":26,"Busted Crown":34,"Shuriken":25,"Bronze Scales":23,"Snecko Eye":17,"MealTicket":27,"Molten Egg 2":29,"Fusion Hammer":0,"Red Mask":31,"Bag of Marbles":43,"Chemical X":38,"Cracked Core":0,"FossilizedHelix":42},{"Potion Belt":4,"CeramicFish":4,"Mango":27,"Letter Opener":5,"Medical Kit":7,"Old Coin":18,"WarpedTongs":22,"Cables":27,"Anchor":14,"Busted Crown":21,"Shuriken":14,"Bronze Scales":12,"Snecko Eye":8,"MealTicket":15,"Molten Egg 2":18,"Fusion Hammer":0,"Red Mask":20,"Bag of Marbles":26,"Chemical X":23,"Cracked Core":0,"FossilizedHelix":26},{"Potion Belt":14,"CeramicFish":14,"Mango":137,"Letter Opener":21,"Medical Kit":29,"Old Coin":94,"WarpedTongs":111,"Cables":137,"Anchor":72,"Busted Crown":109,"Shuriken":72,"Bronze Scales":61,"Snecko Eye":43,"MealTicket":79,"Molten Egg 2":94,"Fusion Hammer":0,"Red Mask":100,"Bag of Marbles":132,"Chemical X":115,"Cracked Core":0,"FossilizedHelix":132}]},"card_choices":[{"not_picked":["Undo","Barrage"],"picked":"Cold Snap","floor":1.0},{"not_picked":["Barrage","Go for the Eyes"],"picked":"Sunder","floor":3.0},{"not_picked":["Force Field","Reinforced Body"],"picked":"Aggregate","floor":4.0},{"not_picked":["Gash","Compile Driver"],"picked":"Go for the Eyes","floor":6.0},{"not_picked":["Rebound","Thunder Strike"],"picked":"Coolheaded","floor":10.0},{"not_picked":["Ball Lightning","Go for the Eyes"],"picked":"Hologram","floor":12.0},{"not_picked":["Scrape","Barrage","Compile Driver"],"picked":"SKIP","floor":13.0},{"not_picked":["Reboot","Amplify"],"picked":"Meteor Strike","floor":16},{"not_picked":["Melter+1","Compile Driver"],"picked":"Recycle","floor":18},{"not_picked":["Stack","Compile Driver","Ball Lightning"],"picked":"SKIP","floor":21},{"not_picked":["Ball Lightning+1","Tempest","Coolheaded"],"picked":"SKIP","floor":22},{"not_picked":["Skim","Sweeping Beam"],"picked":"Capacitor","floor":23},{"not_picked":["Heatsinks","Redo"],"picked":"Defragment","floor":24},{"not_picked":["Hyperbeam","Coolheaded","Chill+1"],"picked":"SKIP","floor":25},{"not_picked":["Conserve Battery","Redo"],"picked":"Tempest","floor":27},{"not_picked":["Steam+1","Go for the Eyes","Beam Cell+1"],"picked":"SKIP","floor":28},{"not_picked":["Steam+1","Go for the Eyes"],"picked":"Beam Cell+1","floor":28},{"not_picked":["Coolheaded","Darkness"],"picked":"Defragment","floor":29},{"not_picked":["Cold Snap+1","Steam+1","Leap+1"],"picked":"SKIP","floor":30},{"not_picked":["Steam","Ball Lightning+1"],"picked":"Blizzard+1","floor":31},{"not_picked":["Amplify","Hyperbeam+1"],"picked":"Meteor Strike+1","floor":33},{"not_picked":["Chaos"],"picked":"SKIP","floor":35},{"not_picked":["Ball Lightning+1"],"picked":"SKIP","floor":37},{"not_picked":["Ball Lightning+1"],"picked":"SKIP","floor":39},{"not_picked":["Conserve Battery+1"],"picked":"SKIP","floor":40},{"not_picked":["Conserve Battery"],"picked":"SKIP","floor":42},{"not_picked":["Hologram+1"],"picked":"SKIP","floor":44},{"not_picked":["Rebound+1"],"picked":"SKIP","floor":48}],"player_experience":881939,"relics_obtained":[{"floor":6.0,"key":"CeramicFish"},{"floor":9.0,"key":"Potion Belt"},{"floor":10.0,"key":"Letter Opener"},{"floor":23,"key":"Bronze Scales"},{"floor":25,"key":"Shuriken"},{"floor":26,"key":"Anchor"},{"floor":27,"key":"MealTicket"},{"floor":29,"key":"Old Coin"},{"floor":29,"key":"Molten Egg 2"},{"floor":31,"key":"Red Mask"},{"floor":42,"key":"FossilizedHelix"},{"floor":43,"key":"Bag of Marbles"}],"event_choices":[{"damage_healed":0.0,"max_hp_gain":0.0,"max_hp_loss":0.0,"gold_gain":75.0,"event_name":"World of Goop","player_choice":"Gather Gold","floor":2.0,"gold_loss":0.0,"damage_taken":11.0},{"cards_removed":["Strike_B"],"damage_healed":0.0,"max_hp_gain":0.0,"max_hp_loss":0.0,"gold_gain":0.0,"event_name":"Golden Wing","player_choice":"Card Removal","floor":5.0,"gold_loss":0.0,"damage_taken":7.0},{"damage_healed":0.0,"max_hp_gain":5.0,"max_hp_loss":0.0,"gold_gain":0.0,"event_name":"Big Fish","player_choice":"Donut","floor":8.0,"gold_loss":0.0,"damage_taken":0.0},{"damage_healed":0.0,"max_hp_gain":0.0,"max_hp_loss":0.0,"gold_gain":0.0,"event_name":"Living Wall","player_choice":"Grow","floor":11.0,"gold_loss":0.0,"damage_taken":0.0,"cards_upgraded":["Aggregate"]},{"damage_healed":0,"gold_gain":0,"player_choice":"Became a Ghost","damage_taken":0,"max_hp_gain":0,"max_hp_loss":40,"event_name":"Ghosts","floor":19,"gold_loss":0,"cards_obtained":["Ghostly","Ghostly","Ghostly","Ghostly","Ghostly"]},{"damage_healed":0,"gold_gain":0,"player_choice":"Fight","damage_taken":0,"max_hp_gain":0,"max_hp_loss":0,"event_name":"Colosseum","floor":29,"gold_loss":0},{"damage_healed":0,"gold_gain":0,"player_choice":"Fought Nobs","damage_taken":0,"max_hp_gain":0,"max_hp_loss":0,"event_name":"Colosseum","floor":29,"gold_loss":0},{"damage_healed":0,"gold_gain":0,"player_choice":"Fought Bandits","damage_taken":0,"max_hp_gain":0,"max_hp_loss":0,"event_name":"Masked Bandits","floor":31,"gold_loss":0},{"damage_healed":0,"gold_gain":0,"player_choice":"Rummage","damage_taken":0,"relics_obtained":["WarpedTongs"],"max_hp_gain":0,"max_hp_loss":0,"event_name":"Accursed Blacksmith","floor":36,"gold_loss":0,"cards_obtained":["Pain"]},{"damage_healed":0,"gold_gain":0,"player_choice":"Max HP","damage_taken":0,"max_hp_gain":0,"max_hp_loss":2,"event_name":"Winding Halls","floor":46,"gold_loss":0}],"is_beta":false,"boss_relics":[{"not_picked":["Coffee Dripper","Calling Bell"],"picked":"Snecko Eye"},{"not_picked":["Sozu","Philosopher\u0027s Stone"],"picked":"Busted Crown"}],"items_purged_floors":[14,20,38],"is_endless":false,"potions_floor_spawned":[1,4,10,12,13,23,25,27,29,31,37,40],"ascension_level":11}}