{"host":"8rgpnls124hwjv5t","time":1614083005,"event":{"mods":["BaseMod","Colored Map","Colored Powertips","DeckTracker","Highlight Path","Minty Spire (QoL Compilation)","Permanent Neow","Quick Restart","Relic Stats","StSLib"],"gold_per_floor":[20,20,30,40,60,94,94,110,110,124,124,136,136,162,162,237,237,250,250,250],"floor_reached":19,"language":"ENG","playtime":1699,"items_purged":[],"score":353,"play_id":"9c963b0a-66a2-497a-abe2-7868bf815ba5","local_time":"20210223072325","is_ascension_mode":true,"campfire_choices":[{"data":"Burst","floor":7,"key":"SMITH"},{"floor":13,"key":"REST"},{"floor":15,"key":"REST"}],"circlet_count":0,"master_deck":["AscendersBane","Strike_G","Strike_G","Strike_G","Defend_G","Defend_G","Defend_G","Defend_G","Defend_G","Survivor","Neutralize","Venomology","Burst+1","Crippling Poison","Blur","Predator","Deadly Poison","Blade Dance","PiercingWail","Corpse Explosion","Burst","PiercingWail+1"],"relics":["Ring of the Snake","Akabeko","Calipers","Question Card","Cursed Key"],"acts_visited":["Exordium","TheCity"],"potions_floor_usage":[1,1,1,4,5,6,6,8,10,10,12,14,14,16,16,18],"damage_taken":[{"damage":4,"enemies":"Cultist","floor":1,"turns":6},{"damage":0,"enemies":"Small Slimes","floor":3,"turns":4},{"damage":0,"enemies":"Jaw Worm","floor":4,"turns":5},{"damage":0,"enemies":"2 Fungi Beasts","floor":5,"turns":3},{"damage":32,"enemies":"3 Sentries","floor":6,"turns":13},{"damage":2,"enemies":"Looter","floor":8,"turns":3},{"damage":0,"enemies":"Exordium Wildlife","floor":10,"turns":4},{"damage":0,"enemies":"Blue Slaver","floor":12,"turns":4},{"damage":26,"enemies":"Gremlin Nob","floor":14,"turns":4},{"damage":14,"enemies":"Hexaghost","floor":16,"turns":14},{"damage":14,"enemies":"Shell Parasite","floor":18,"turns":6},{"damage":0,"enemies":"3 Byrds","floor":19,"turns":4}],"seed_played":"-2745892146621267722","potions_obtained":[{"floor":1,"key":"LiquidMemories"},{"floor":3,"key":"DistilledChaos"},{"floor":10,"key":"Dexterity Potion"},{"floor":12,"key":"BlessingOfTheForge"}],"is_trial":false,"path_per_floor":["M","$","M","M","M","E","R","M","T","M","?","M","R","E","R","B",null,"M","M"],"character_chosen":"THE_SILENT","items_purchased":[],"campfire_rested":2,"item_purchase_floors":[],"current_hp_per_floor":[55,55,55,55,55,23,23,21,21,21,21,21,40,14,33,19,54,40,40,40],"gold":250,"neow_bonus":"TRANSFORM_TWO_CARDS","is_daily":false,"chose_seed":false,"campfire_upgraded":1,"win_rate":0.0,"timestamp":1614083005,"path_taken":["M","$","M","?","M","E","R","M","T","?","?","M","R","E","R","BOSS","M","M"],"items_purchased_type":[],"build_version":"2020-12-22","purchased_purges":0,"victory":false,"max_hp_per_floor":[66,66,66,66,66,66,66,66,66,66,66,66,66,66,66,66,66,66,66,66],"relic_stats":{"counters":[12,70],"Question Card":2,"Cursed Key":0,"obtain_stats":[{"Calipers":9,"Question Card":14,"Cursed Key":17,"Akabeko":6,"Ring of the Snake":0},{"Calipers":6,"Question Card":9,"Cursed Key":10,"Akabeko":5,"Ring of the Snake":0},{"Calipers":34,"Question Card":46,"Cursed Key":60,"Akabeko":31,"Ring of the Snake":0}],"Ring of the Snake":[24]},"card_choices":[{"not_picked":["Prepared","Outmaneuver"],"picked":"Crippling Poison","floor":1},{"not_picked":["Setup","Cloak And Dagger"],"picked":"Blur","floor":3},{"not_picked":["Prepared","Sucker Punch"],"picked":"Predator","floor":4},{"not_picked":["Underhanded Strike","PiercingWail"],"picked":"Deadly Poison","floor":5},{"not_picked":["Eviscerate","Tactician"],"picked":"Blade Dance","floor":6},{"not_picked":["Cloak And Dagger","Acrobatics"],"picked":"PiercingWail","floor":8},{"not_picked":["Finisher","Outmaneuver"],"picked":"Corpse Explosion","floor":10},{"not_picked":["Dagger Spray","Tactician","Deflect"],"picked":"SKIP","floor":12},{"not_picked":["Expertise","Calculated Gamble","Poisoned Stab"],"picked":"SKIP","floor":14},{"not_picked":["Glass Knife","Corpse Explosion","Die Die Die"],"picked":"Burst","floor":16},{"not_picked":["Poisoned Stab","Bane","Caltrops"],"picked":"PiercingWail+1","floor":18}],"player_experience":651839,"relics_obtained":[{"floor":6,"key":"Akabeko"},{"floor":9,"key":"Calipers"},{"floor":14,"key":"Question Card"}],"event_choices":[{"damage_healed":0,"gold_gain":0,"player_choice":"Fled","damage_taken":0,"max_hp_gain":0,"max_hp_loss":0,"event_name":"Scrap Ooze","floor":11,"gold_loss":0}],"is_beta":false,"boss_relics":[{"not_picked":["Fusion Hammer","Tiny House"],"picked":"Cursed Key"}],"items_purged_floors":[],"is_endless":false,"potions_floor_spawned":[1,3,5,10,12],"killed_by":"3 Byrds","ascension_level":19}}