{"host":"8akdrwfmzu5ai7mr","time":1614062382,"event":{"mods":["100% Spire Juice","Act Like it!","BaseMod","Colored Powertips","Decade(Õı–°√˜)","Downfall","Gensokyo","Marisa£®ÏF”Í°°ƒß¿Ì…≥£©","Minty Spire (QoL Compilation)","Quick Restart","Reimu£®≤©¿ˆ¡È√Œ£©","Remilia£®¿Ÿ√◊¿Ú—«£©","Replay The Spire","StSLib","The Administrix","The Marked","The Runesmith","The Servant 0.9.4","Youmu£®ªÍ∆«—˝√Œ£©","°æ“≈ŒÔø®≈∆°øREMEMod"],"gold_per_floor":[93,107,7,7,7,34,34,50,50,50,75,87,98,129,129,225,105,117,133,146,146,26,26,58,58,84,101,127,22,56,56,56,152,152,171,171,17,17,114,114,146,164,164,164,178,191,293,293,293,293],"floor_reached":51,"language":"ZHS","playtime":6047,"items_purged":[],"score":807,"play_id":"6764db46-cad1-4445-bf06-7b3483c69299","local_time":"20210223143942","is_ascension_mode":false,"campfire_choices":[{"data":"Moonworks:TacticalRetreat","floor":7,"key":"SMITH"},{"data":"Moonworks:Accelerator","floor":10,"key":"SMITH"},{"floor":15,"key":"REST"},{"data":"Moonworks:HolyNight","floor":23,"key":"SMITH"},{"data":"Moonworks:Poppoformation","floor":25,"key":"SMITH"},{"data":"Moonworks:SakisCookie","floor":32,"key":"SMITH"},{"floor":40,"key":"REST"},{"data":"Gluttony_TH","floor":44,"key":"PURGE"},{"data":"Shame","floor":49,"key":"PURGE"}],"circlet_count":0,"master_deck":["Moonworks:Strike","Moonworks:Strike","Moonworks:Strike","Moonworks:Defend","Moonworks:Defend","Moonworks:Defend","Moonworks:LongDistanceShot","Moonworks:Poppoformation+1","Moonworks:TacticalRetreat+1","Moonworks:JonathanRush","Moonworks:SakisCookie+1","Moonworks:Bloodlust","Moonworks:Accelerator+1","Pot Of Greed","Pot Of Greed","Moonworks:BigBangBell+1","Moonworks:MixPhenomenon+1","Moonworks:Dinner+1","Moonworks:ImOnFire+1","Moonworks:HolyNight+1","ReplayTheSpireMod:Faulty Equipment","Injury","Pot Of Greed+1","Moonworks:IndiscriminateFireSupport+1","Moonworks:RagingMadness+1","Moonworks:GoAway+1","Moonworks:LuckyCharm+1","Moonworks:TreasureThief+1","Moonworks:BackdoorTrade+1","Moonworks:BeyondHell+1","Moonworks:BigMagnum+1","Moonworks:SealedMemories+1","Moonworks:Wanted+1","Moonworks:LulusLuckyEgg+1","Pot Of Greed+1","Moonworks:MiracleWalker+1","Moonworks:EvilSpyWorkPreparation+1","Moonworks:DeployBits+1","Moonworks:Heat300Percent+1","Moonworks:ReflectiveShell","Moonworks:SweetBattle+1","ReplayTheSpireMod:Splinters","Moonworks:JonathanRush+1","Moonworks:Dinner+1","Moonworks:PlushieMaster+1"],"relics":["Moonworks:SBBomb","Moonworks:Homemark","REME_ComplimentaryCards","Ring of Panic","Bag of Preparation","Grinning Jar","Toxic Egg 2","Lantern","Replay:Ancient Bell","Pet Ghost","Molten Egg 2","Pondfish Scales","CultistMask","Toy Ornithopter","Juzu Bracelet","Replay:Bottled Flurry","Snack Pack","Replay:Towering Pillar of Hats","Toolbox","Replay:PocketPolymizer","Peace Pipe","Nunchaku"],"acts_visited":["Exordium","TheCity","TheBeyond"],"potions_floor_usage":[11,14,14,16,24,28,30,42,50],"damage_taken":[{"damage":4,"enemies":"2 Louse","floor":1,"turns":3},{"damage":0,"enemies":"Small Slimes","floor":2,"turns":3},{"damage":0,"enemies":"Cultist","floor":3,"turns":3},{"damage":7,"enemies":"Lagavulin","floor":6,"turns":7},{"damage":13,"enemies":"Looter","floor":8,"turns":4},{"damage":36,"enemies":"Gremlin Nob","floor":11,"turns":5},{"damage":19,"enemies":"Lots of Slimes","floor":12,"turns":3},{"damage":16,"enemies":"Large Slime","floor":13,"turns":6},{"damage":29,"enemies":"Lagavulin","floor":14,"turns":7},{"damage":70,"enemies":"Fading Forest","floor":16,"turns":11},{"damage":0,"enemies":"Shell Parasite","floor":18,"turns":5},{"damage":4,"enemies":"3 Byrds","floor":19,"turns":1},{"damage":10,"enemies":"Cultist and Chosen","floor":20,"turns":4},{"damage":27,"enemies":"Replay:Snechameleon","floor":24,"turns":5},{"damage":10,"enemies":"3 Cultists","floor":27,"turns":3},{"damage":10,"enemies":"Slavers","floor":28,"turns":4},{"damage":14,"enemies":"Shelled Parasite and Fungi","floor":29,"turns":3},{"damage":10,"enemies":"REME_1_Revenger","floor":30,"turns":2},{"damage":14,"enemies":"Champ","floor":33,"turns":8},{"damage":36,"enemies":"3 Darklings","floor":35,"turns":4},{"damage":22,"enemies":"3 Shapes","floor":39,"turns":3},{"damage":21,"enemies":"R_Hoarder","floor":41,"turns":7},{"damage":59,"enemies":"Transient","floor":42,"turns":5},{"damage":5,"enemies":"Writhing Mass","floor":45,"turns":2},{"damage":7,"enemies":"Spire Growth","floor":46,"turns":4},{"damage":45,"enemies":"Donu and Deca","floor":50,"turns":6}],"seed_played":"1420038251572270928","potions_obtained":[{"floor":1,"key":"Fire Potion"},{"floor":2,"key":"SteroidPotion"},{"floor":5,"key":"FairyPotion"},{"floor":5,"key":"Flashbang"},{"floor":13,"key":"SteroidPotion"},{"floor":14,"key":"GamblersBrew"},{"floor":19,"key":"FearPotion"},{"floor":20,"key":"Regen Potion"},{"floor":29,"key":"Adrenaline Potion"},{"floor":39,"key":"PowerPotion"},{"floor":42,"key":"Explosive Potion"}],"is_trial":false,"path_per_floor":["M","M","M","?","?","E","R","M","T","R","E","M","M","E","R","B",null,"M","M","M","?","?","R","E","R","T","M","E","M","E","?","R","B",null,"M","?","$","$","M","R","E","M","T","R","M","M","?","?","R","B",null],"character_chosen":"THE_STARBREAKER","items_purchased":["Toolbox"],"campfire_rested":2,"item_purchase_floors":[37],"current_hp_per_floor":[56,56,56,56,56,49,49,50,50,50,28,25,19,12,30,6,60,60,58,50,50,50,50,50,50,50,40,48,40,37,37,37,58,60,29,29,29,29,12,30,51,14,14,14,20,15,15,15,15,26],"gold":293,"neow_bonus":"HUNDRED_GOLD","is_daily":false,"chose_seed":false,"campfire_upgraded":5,"win_rate":0.0,"timestamp":1614062382,"path_taken":["M","M","M","?","?","E","R","M","T","R","E","M","?","E","R","BOSS","M","M","M","?","?","R","E","R","T","M","E","M","E","?","R","BOSS","M","?","?","$","M","R","E","M","T","R","M","M","?","?","R","BOSS"],"items_purchased_type":["Relic"],"build_version":"2020-12-22","purchased_purges":0,"victory":true,"max_hp_per_floor":[60,60,60,60,60,60,60,60,60,60,60,60,60,60,60,60,60,60,60,60,60,60,60,60,60,60,60,60,60,60,60,60,60,60,60,60,60,60,60,60,60,60,60,60,60,60,60,60,60,60],"card_choices":[{"not_picked":["Moonworks:IndiscriminateFireSupport","Moonworks:Assault"],"picked":"Moonworks:TacticalRetreat","floor":1},{"not_picked":["Moonworks:SakisCookie","Moonworks:ImOnFire"],"picked":"Moonworks:JonathanRush","floor":2},{"not_picked":["Moonworks:Assault","Moonworks:BindingChains"],"picked":"Moonworks:SakisCookie","floor":3},{"not_picked":["Moonworks:LulusLuckyEgg","Moonworks:Assault"],"picked":"Moonworks:Bloodlust","floor":6},{"not_picked":["Moonworks:DeployBits","Moonworks:ImOnFire"],"picked":"Moonworks:Accelerator","floor":8},{"not_picked":["Moonworks:Assault","Moonworks:CookingTime"],"picked":"Moonworks:BigBangBell+1","floor":11},{"not_picked":["Moonworks:Flamethrower+1","Moonworks:SakisCookie+1"],"picked":"Moonworks:MixPhenomenon+1","floor":12},{"not_picked":["Moonworks:IndiscriminateFireSupport","Moonworks:BigMagnum+1"],"picked":"Moonworks:Dinner+1","floor":13},{"not_picked":["Moonworks:BindingChains+1","Moonworks:EvilSpyWorkPreparation+1"],"picked":"Moonworks:ImOnFire+1","floor":14},{"not_picked":["Moonworks:Wanted+1","Moonworks:FinalBattle"],"picked":"Moonworks:HolyNight","floor":16},{"not_picked":["Sloth_TH","AbeCurse"],"picked":"Gluttony_TH","floor":17},{"not_picked":["ReplayTheSpireMod:Restless Dread","Decay"],"picked":"ReplayTheSpireMod:Faulty Equipment","floor":17},{"not_picked":["Gensokyo:ImpossibleRequest","Pain"],"picked":"Injury","floor":17},{"not_picked":["Moonworks:BigBangBell+1","Moonworks:LulusLuckyEgg+1"],"picked":"Moonworks:IndiscriminateFireSupport+1","floor":18},{"not_picked":["Moonworks:AwakeningOfTalent+1","Moonworks:CloudOfSeagulls+1"],"picked":"Moonworks:RagingMadness+1","floor":19},{"not_picked":["Moonworks:SealedMemories+1","Moonworks:Assault+1"],"picked":"Moonworks:GoAway+1","floor":20},{"not_picked":["Moonworks:RedAndBlue+1","Moonworks:CloudOfSeagulls+1"],"picked":"Moonworks:TreasureThief+1","floor":24},{"not_picked":["Moonworks:SealedMemories+1","Moonworks:WindyEnchantment+1"],"picked":"Moonworks:BackdoorTrade+1","floor":27},{"not_picked":["Moonworks:IndiscriminateFireSupport+1","Moonworks:CloudOfSeagulls+1"],"picked":"Moonworks:BeyondHell+1","floor":28},{"not_picked":["Moonworks:WindyEnchantment+1","Moonworks:SakisCookie+1"],"picked":"Moonworks:BigMagnum+1","floor":29},{"not_picked":["Moonworks:CastOff+1","Moonworks:x16BigRocket+1"],"picked":"Moonworks:SealedMemories+1","floor":30},{"not_picked":["Moonworks:HolyNight","Moonworks:FinalBattle"],"picked":"Moonworks:Wanted+1","floor":33},{"not_picked":["Moonworks:StiffCrystal+1","Moonworks:EvilSpyWorkPreparation+1"],"picked":"Moonworks:LulusLuckyEgg+1","floor":35},{"not_picked":["Moonworks:Assault+1","Moonworks:ImOnFire+1"],"picked":"Moonworks:MiracleWalker+1","floor":39},{"not_picked":["Moonworks:x16BigRocket+1","Moonworks:LulusLuckyEgg+1"],"picked":"Moonworks:EvilSpyWorkPreparation+1","floor":41},{"not_picked":["Moonworks:IndiscriminateFireSupport+1","Moonworks:LulusLuckyEgg+1"],"picked":"Moonworks:DeployBits+1","floor":42},{"not_picked":["Moonworks:CastOff+1","Moonworks:JonathanRush+1"],"picked":"Moonworks:ReflectiveShell","floor":45},{"not_picked":["Moonworks:BigMagnum+1","Moonworks:MiracleRedBeanIceCream+1"],"picked":"Moonworks:SweetBattle+1","floor":46},{"not_picked":["Moonworks:MixPhenomenon+1","Moonworks:Assault+1"],"picked":"Moonworks:JonathanRush+1","floor":47},{"not_picked":["Moonworks:Assault+1","Moonworks:CloudOfSeagulls+1"],"picked":"Moonworks:Dinner+1","floor":47}],"player_experience":139965,"relics_obtained":[{"floor":4,"key":"Ring of Panic"},{"floor":6,"key":"Bag of Preparation"},{"floor":9,"key":"Grinning Jar"},{"floor":11,"key":"Toxic Egg 2"},{"floor":14,"key":"Lantern"},{"floor":24,"key":"Toy Ornithopter"},{"floor":26,"key":"Juzu Bracelet"},{"floor":28,"key":"Replay:Bottled Flurry"},{"floor":30,"key":"Snack Pack"},{"floor":41,"key":"Replay:PocketPolymizer"},{"floor":43,"key":"Peace Pipe"},{"floor":47,"key":"Nunchaku"}],"event_choices":[{"damage_healed":0,"gold_gain":0,"player_choice":"Got Potions","damage_taken":0,"max_hp_gain":0,"max_hp_loss":0,"event_name":"Lab","floor":5,"gold_loss":0},{"damage_healed":0,"gold_gain":0,"player_choice":"Read","damage_taken":0,"max_hp_gain":0,"max_hp_loss":0,"event_name":"The Library","floor":21,"gold_loss":0,"cards_obtained":["Moonworks:LuckyCharm"]},{"damage_healed":0,"gold_gain":0,"player_choice":"Trade","damage_taken":0,"relics_obtained":["CultistMask"],"max_hp_gain":0,"max_hp_loss":0,"event_name":"FaceTrader","floor":22,"gold_loss":0},{"damage_healed":0,"gold_gain":0,"player_choice":"Stole Relic","damage_taken":0,"relics_obtained":["Replay:Towering Pillar of Hats"],"max_hp_gain":0,"max_hp_loss":0,"event_name":"Addict","floor":31,"gold_loss":0,"cards_obtained":["Shame"]},{"damage_healed":0,"gold_gain":0,"player_choice":"Ignored","damage_taken":0,"max_hp_gain":0,"max_hp_loss":0,"event_name":"NoteForYourself","floor":36,"gold_loss":0},{"cards_removed":["Moonworks:Ambush"],"damage_healed":0,"gold_gain":0,"player_choice":"Removed Attack","damage_taken":0,"max_hp_gain":0,"max_hp_loss":0,"event_name":"Falling","floor":48,"gold_loss":0}],"is_beta":false,"boss_relics":[{"not_picked":["Ectoplasm","Painkiller Herb"],"picked":"Replay:Ancient Bell"},{"not_picked":["Regal Pillow","Centennial Puzzle"],"picked":"Pet Ghost"},{"not_picked":["Pear","Matryoshka"],"picked":"Molten Egg 2"},{"not_picked":["Thread and Needle","Pocketwatch"],"picked":"Pondfish Scales"},{"not_picked":["Runic Dome","bronze:MakeshiftBattery"],"picked":"Moonworks:SBBomb"}],"items_purged_floors":[],"is_endless":false,"potions_floor_spawned":[1,2,13,14,19,20,29,39,42],"ascension_level":0}}