{"host":"Jz","time":1614108810,"event":{"mods":["AchievementEnabler","BaseMod","Colored Map","Colored Powertips","Minty Spire (QoL Compilation)","Relic Stats","Slay-I","StSLib"],"gold_per_floor":[213,228,244,263,363,363,389,389,389,389,403,403,13,32,32,32,32],"floor_reached":16,"language":"ENG","playtime":958,"items_purged":["Defend_R"],"score":204,"play_id":"716608bf-05a2-4160-a534-77b52a723416","local_time":"20210224023330","is_ascension_mode":true,"campfire_choices":[{"data":"Bash","floor":6,"key":"SMITH"},{"data":"Flame Barrier","floor":8,"key":"SMITH"},{"data":"Sever Soul","floor":10,"key":"SMITH"},{"data":"Anger","floor":12,"key":"SMITH"},{"floor":15,"key":"REST"}],"circlet_count":0,"master_deck":["AscendersBane","Strike_R","Strike_R","Strike_R","Strike_R","Strike_R","Defend_R","Defend_R","Defend_R","Bash+1","Iron Wave","Iron Wave","Flame Barrier+1","Sever Soul+1","Anger+1","Flex","Dark Embrace","True Grit"],"relics":["Burning Blood","Tiny Chest","Pen Nib","Eternal Feather"],"acts_visited":["Exordium"],"potions_floor_usage":[7],"damage_taken":[{"damage":1,"enemies":"Cultist","floor":1,"turns":4},{"damage":5,"enemies":"2 Louse","floor":2,"turns":2},{"damage":9,"enemies":"Jaw Worm","floor":3,"turns":4},{"damage":32,"enemies":"Lots of Slimes","floor":4,"turns":7},{"damage":35,"enemies":"Gremlin Nob","floor":7,"turns":5},{"damage":4,"enemies":"Large Slime","floor":11,"turns":6},{"damage":6,"enemies":"Looter","floor":14,"turns":3},{"damage":55,"enemies":"Slime Boss","floor":16,"turns":10}],"seed_played":"-4569966192879594028","potions_obtained":[{"floor":2,"key":"Ancient Potion"},{"floor":4,"key":"DuplicationPotion"},{"floor":14,"key":"Ancient Potion"}],"is_trial":false,"path_per_floor":["M","M","M","M","?","R","E","R","T","R","M","R","$","M","R","B"],"character_chosen":"IRONCLAD","items_purchased":["Eternal Feather","Dark Embrace"],"campfire_rested":1,"item_purchase_floors":[13,13],"current_hp_per_floor":[73,74,71,45,45,45,16,16,16,16,18,18,18,18,49,0,0],"gold":32,"neow_bonus":"HUNDRED_GOLD","is_daily":false,"chose_seed":false,"campfire_upgraded":4,"win_rate":0.0,"timestamp":1614108810,"path_taken":["M","M","M","?","?","R","E","R","T","R","M","R","$","M","R","BOSS"],"items_purchased_type":["Relic","Card"],"build_version":"2020-12-18","purchased_purges":1,"victory":false,"max_hp_per_floor":[75,75,75,75,75,75,75,75,75,75,75,75,75,75,75,75,75],"relic_stats":{"counters":[8,41],"Tiny Chest":0,"Eternal Feather":9,"Pen Nib":[3],"obtain_stats":[{"Tiny Chest":7,"Eternal Feather":13,"Pen Nib":9,"Burning Blood":0},{"Tiny Chest":5,"Eternal Feather":6,"Pen Nib":5,"Burning Blood":0},{"Tiny Chest":22,"Eternal Feather":28,"Pen Nib":22,"Burning Blood":0}],"Burning Blood":42},"card_choices":[{"not_picked":["Thunderclap","True Grit"],"picked":"Iron Wave","floor":1},{"not_picked":["Havoc","True Grit"],"picked":"Iron Wave","floor":2},{"not_picked":["Havoc","Power Through"],"picked":"Flame Barrier","floor":3},{"not_picked":["Wild Strike","Power Through"],"picked":"Sever Soul","floor":4},{"not_picked":["Thunderclap","Barricade"],"picked":"Anger","floor":7},{"not_picked":["Entrench","Iron Wave"],"picked":"Flex","floor":11},{"not_picked":["Uppercut","Rampage"],"picked":"True Grit","floor":14}],"player_experience":403223,"relics_obtained":[{"floor":7,"key":"Tiny Chest"},{"floor":9,"key":"Pen Nib"}],"event_choices":[{"damage_healed":0,"gold_gain":100,"player_choice":"Gold","damage_taken":0,"max_hp_gain":0,"max_hp_loss":0,"event_name":"Wheel of Change","floor":5,"gold_loss":0}],"is_beta":true,"boss_relics":[],"items_purged_floors":[13],"is_endless":false,"potions_floor_spawned":[2,4,14],"killed_by":"Slime Boss","ascension_level":20}}