{"host":"xg4r5pv6chpuampg","time":1614105547,"event":{"mods":["AchievementEnabler","BaseMod","Googly Eyes","Minty Spire (QoL Compilation)","StSLib","Together in Spire"],"gold_per_floor":[114,114,46,46,106,133,151,163,163,12,32,45,78,95,95,195,195,210,260,323,335,385,720,720,426,426,426,476,380,416,466,466,568,568,583,633,683,747,274,274,308,318,318,381,381,77,95,115,115,115,115],"floor_reached":50,"language":"ENG","playtime":2339,"items_purged":[],"score":586,"play_id":"79579af5-77b6-4dc6-85ea-0ca6267ca64a","local_time":"20210223213907","is_ascension_mode":true,"campfire_choices":[{"floor":15,"key":"RECALL"},{"floor":24,"key":"REST"},{"floor":27,"key":"REST"},{"floor":32,"key":"REST"},{"floor":45,"key":"REST"},{"floor":49,"key":"REST"}],"circlet_count":0,"master_deck":["Strike_P+1","Strike_P","Strike_P","Defend_P+1","Defend_P","Defend_P","Defend_P+1","Eruption","Vigilance","CarveReality","BattleHymn","Wallop","Prostrate","Prostrate","Halt","CarveReality","FlurryOfBlows","Wish+1","Halt","Vault","FlurryOfBlows","EmptyBody","FollowUp","WaveOfTheHand","FlurryOfBlows+1","EmptyFist","SignatureMove","Devotion","DeceiveReality+1","Crescendo+1","Tantrum+1","Conclude+1","CarveReality+1"],"relics":["Fusion Hammer","SsserpentHead","Meat on the Bone","Eternal Feather","Tiny Chest","Gambling Chip","Runic Pyramid","Old Coin","WingedGreaves","Vajra","Lee\u0027s Waffle","SacredBark","Bottled Lightning","Molten Egg 2","Bag of Marbles","Happy Flower","Mummified Hand","War Paint","ClockworkSouvenir"],"acts_visited":["Exordium","TheCity","TheBeyond"],"potions_floor_usage":[16,16,33,33,33,33,40,50,50],"damage_taken":[{"damage":0,"enemies":"Small Slimes","floor":1,"turns":6},{"damage":0,"enemies":"2 Louse","floor":5,"turns":1},{"damage":33,"enemies":"3 Sentries","floor":6,"turns":5},{"damage":0,"enemies":"Cultist","floor":7,"turns":2},{"damage":0,"enemies":"Looter","floor":8,"turns":2},{"damage":10,"enemies":"Gremlin Gang","floor":11,"turns":3},{"damage":0,"enemies":"3 Louse","floor":12,"turns":3},{"damage":9,"enemies":"Lagavulin","floor":13,"turns":5},{"damage":0,"enemies":"Red Slaver","floor":14,"turns":4},{"damage":25,"enemies":"Hexaghost","floor":16,"turns":6},{"damage":2,"enemies":"2 Thieves","floor":18,"turns":4},{"damage":0,"enemies":"Chosen","floor":20,"turns":4},{"damage":32,"enemies":"Snake Plant","floor":21,"turns":4},{"damage":30,"enemies":"Slavers","floor":23,"turns":5},{"damage":0,"enemies":"Cultist and Chosen","floor":30,"turns":4},{"damage":38,"enemies":"Champ","floor":33,"turns":10},{"damage":4,"enemies":"3 Shapes","floor":35,"turns":3},{"damage":4,"enemies":"Orb Walker","floor":38,"turns":4},{"damage":0,"enemies":"Reptomancer","floor":40,"turns":3},{"damage":7,"enemies":"Nemesis","floor":41,"turns":4},{"damage":11,"enemies":"Spire Growth","floor":42,"turns":4},{"damage":0,"enemies":"Jaw Worm Horde","floor":44,"turns":3},{"damage":0,"enemies":"3 Darklings","floor":47,"turns":3},{"damage":0,"enemies":"Spire Growth","floor":48,"turns":2},{"damage":85,"enemies":"Time Eater","floor":50,"turns":9}],"seed_played":"3871272291993320460","potions_obtained":[{"floor":5,"key":"EssenceOfSteel"},{"floor":8,"key":"Swift Potion"},{"floor":11,"key":"Strength Potion"},{"floor":13,"key":"SmokeBomb"},{"floor":33,"key":"Ancient Potion"},{"floor":35,"key":"Ancient Potion"},{"floor":44,"key":"BottledMiracle"}],"is_trial":false,"path_per_floor":["M","?","$","?","M","E","M","M","T","$","M","M","E","M","R","B",null,"M","?","M","M","?","E","R","$","T","R","T","$","M","?","R","B",null,"M","?","T","M","$","E","E","M","T","M","R","$","M","M","R","B"],"character_chosen":"WATCHER","items_purchased":["BattleHymn","Tiny Chest","WingedGreaves","Lee\u0027s Waffle","Molten Egg 2","Bag of Marbles","Tantrum+1","War Paint","ClockworkSouvenir"],"campfire_rested":5,"item_purchase_floors":[3,10,25,29,39,39,39,46,46],"current_hp_per_floor":[72,58,58,58,58,25,37,37,37,37,39,39,42,42,54,41,72,70,51,51,31,31,13,49,49,49,72,72,79,79,79,79,41,79,75,75,75,71,71,71,64,53,53,53,79,79,79,79,79,0,0],"gold":115,"neow_bonus":"BOSS_RELIC","is_daily":false,"chose_seed":false,"campfire_upgraded":0,"win_rate":0.0,"timestamp":1614105547,"path_taken":["M","?","$","?","?","E","M","M","T","$","M","M","E","M","R","BOSS","M","?","?","M","?","E","R","$","T","R","?","?","M","?","R","BOSS","M","?","?","?","$","E","E","M","T","?","R","$","M","M","R","BOSS"],"items_purchased_type":["Card","Relic","Relic","Relic","Relic","Relic","Card","Relic","Relic"],"build_version":"2020-12-22","purchased_purges":0,"victory":false,"max_hp_per_floor":[72,72,72,72,72,72,72,72,72,72,72,72,72,72,72,72,72,72,72,72,72,72,72,72,72,72,72,72,79,79,79,79,79,79,79,79,79,79,79,79,79,79,79,79,79,79,79,79,79,79,79],"card_choices":[{"not_picked":["FollowUp","InnerPeace"],"picked":"CarveReality","floor":1},{"not_picked":["Crescendo","Pray"],"picked":"Wallop","floor":5},{"not_picked":["Brilliance","Adaptation"],"picked":"Prostrate","floor":6},{"not_picked":["SashWhip","FollowUp"],"picked":"Prostrate","floor":7},{"not_picked":["EmptyBody","Consecrate"],"picked":"Halt","floor":8},{"not_picked":["Wallop","ThirdEye"],"picked":"CarveReality","floor":11},{"not_picked":["Crescendo","FlyingSleeves"],"picked":"FlurryOfBlows","floor":12},{"not_picked":["Meditate","SandsOfTime"],"picked":"Wish","floor":13},{"not_picked":["Evaluate","ClearTheMind"],"picked":"Halt","floor":14},{"not_picked":["Devotion","ConjureBlade"],"picked":"Vault","floor":16},{"not_picked":["EmptyMind","FlyingSleeves"],"picked":"FlurryOfBlows","floor":18},{"not_picked":["JustLucky","SashWhip"],"picked":"EmptyBody","floor":20},{"not_picked":["JustLucky+1","ThirdEye+1"],"picked":"FollowUp","floor":21},{"not_picked":["Crescendo+1","InnerPeace"],"picked":"FlurryOfBlows+1","floor":23},{"not_picked":["Perseverance","Weave"],"picked":"EmptyFist","floor":30},{"not_picked":["Blasphemy","MasterReality"],"picked":"Devotion","floor":33},{"not_picked":["Evaluate","LikeWater+1"],"picked":"DeceiveReality+1","floor":35},{"not_picked":["Adaptation","PathToVictory"],"picked":"Crescendo+1","floor":38},{"not_picked":["Evaluate+1","Wireheading+1"],"picked":"Conclude+1","floor":41},{"not_picked":["PathToVictory","FlyingSleeves+1","Evaluate"],"picked":"SKIP","floor":42},{"not_picked":["EmptyFist+1","SashWhip+1"],"picked":"CarveReality+1","floor":44},{"not_picked":["CrushJoints+1","SashWhip+1","Worship"],"picked":"SKIP","floor":47},{"not_picked":["PathToVictory+1","LessonLearned+1","CutThroughFate+1"],"picked":"SKIP","floor":48}],"player_experience":163496,"relics_obtained":[{"floor":6,"key":"Meat on the Bone"},{"floor":9,"key":"Eternal Feather"},{"floor":13,"key":"Gambling Chip"},{"floor":23,"key":"Old Coin"},{"floor":28,"key":"Vajra"},{"floor":37,"key":"Bottled Lightning"},{"floor":41,"key":"Happy Flower"},{"floor":43,"key":"Mummified Hand"}],"event_choices":[{"damage_healed":0,"gold_gain":0,"player_choice":"Entered Light","damage_taken":14,"max_hp_gain":0,"max_hp_loss":0,"event_name":"Shining Light","floor":2,"gold_loss":0,"cards_upgraded":["Strike_P","Defend_P"]},{"damage_healed":0,"gold_gain":0,"player_choice":"Trade","damage_taken":0,"relics_obtained":["SsserpentHead"],"max_hp_gain":0,"max_hp_loss":0,"event_name":"FaceTrader","floor":4,"gold_loss":0},{"damage_healed":0,"gold_gain":0,"player_choice":"POTION POTION ","damage_taken":19,"max_hp_gain":0,"max_hp_loss":0,"event_name":"Knowing Skull","floor":19,"potions_obtained":["EntropicBrew","LiquidBronze"],"gold_loss":0,"cards_obtained":[]},{"damage_healed":0,"gold_gain":0,"cards_transformed":["Strike_P"],"player_choice":"Transformed","damage_taken":0,"max_hp_gain":0,"max_hp_loss":0,"event_name":"Transmorgrifier","floor":22,"gold_loss":0,"cards_obtained":["WaveOfTheHand"]},{"damage_healed":0,"gold_gain":0,"player_choice":"Read","damage_taken":0,"max_hp_gain":0,"max_hp_loss":0,"event_name":"The Library","floor":31,"gold_loss":0,"cards_obtained":["SignatureMove"]},{"damage_healed":0,"gold_gain":0,"player_choice":"Memory 1","damage_taken":0,"max_hp_gain":0,"max_hp_loss":0,"event_name":"SensoryStone","floor":36,"gold_loss":0}],"is_beta":false,"boss_relics":[{"not_picked":["Sozu","Ectoplasm"],"picked":"Runic Pyramid"},{"not_picked":["Velvet Choker","Cursed Key"],"picked":"SacredBark"}],"items_purged_floors":[],"is_endless":false,"potions_floor_spawned":[5,8,11,13,21,23,33,35,44],"killed_by":"Time Eater","ascension_level":1}}