{"host":"s41rn2jhghpwfrvz","time":1614123245,"event":{"mods":["BaseMod","Minty Spire (QoL Compilation)","Quick Restart","Relic Stats","SuperFastMode"],"gold_per_floor":[114,114,114,414,414,414,439,459,459,470,500,514,533,553,553,626,626,639,289,214,45,62,62,96,108,135,163,163,194,94,121,121,198,198,213,88,138,0,16,47,47,79,133,167,167,195,195,222,222,222,222,222,222,25,57,57],"floor_reached":57,"language":"ENG","playtime":2304,"items_purged":["Dagger Spray","Setup","Sweeping Beam+1"],"score":3135,"play_id":"dbe358f9-2092-4860-bb2e-74302fe0f6dd","local_time":"20210224013405","daily_mods":["SealedDeck","Diverse","Elite Swarm"],"is_ascension_mode":true,"campfire_choices":[{"data":"Sever Soul","floor":6,"key":"SMITH"},{"data":"Prepared","floor":15,"key":"SMITH"},{"data":"Meteor Strike","floor":23,"key":"SMITH"},{"data":"ConjureBlade","floor":28,"key":"SMITH"},{"data":"Madness","floor":32,"key":"SMITH"},{"data":"Power Through","floor":41,"key":"SMITH"},{"data":"InnerPeace","floor":47,"key":"SMITH"},{"floor":49,"key":"RECALL"},{"data":"Second Wind","floor":53,"key":"SMITH"}],"circlet_count":0,"master_deck":["AscendersBane","Backstab+1","FTL+1","InnerPeace+1","Tactician","Prepared+1","Meteor Strike+1","Second Wind+1","Power Through+1","After Image","Madness+1","ConjureBlade+1","Adrenaline","Madness","Feel No Pain"],"relics":["Black Blood","Old Coin","Nunchaku","TungstenRod","Odd Mushroom","Busted Crown","Centennial Puzzle","PreservedInsect","Mercury Hourglass","Whetstone","Magic Flower","Potion Belt","Vajra","Gambling Chip","Red Mask","Mummified Hand","Turnip","Red Skull","Bottled Tornado","Blood Vial","Bottled Flame","Shuriken"],"acts_visited":["Exordium","TheCity","TheBeyond","TheEnding"],"potions_floor_usage":[7,7,10,16,16,25,37,44,51,51,56,56,56],"damage_taken":[{"damage":0,"enemies":"Small Slimes","floor":1,"turns":2},{"damage":20,"enemies":"3 Sentries","floor":7,"turns":4},{"damage":12,"enemies":"Jaw Worm","floor":8,"turns":2},{"damage":0,"enemies":"2 Louse","floor":10,"turns":2},{"damage":11,"enemies":"Gremlin Nob","floor":11,"turns":3},{"damage":16,"enemies":"Exordium Thugs","floor":12,"turns":4},{"damage":8,"enemies":"2 Fungi Beasts","floor":13,"turns":2},{"damage":0,"enemies":"The Mushroom Lair","floor":14,"turns":3},{"damage":18,"enemies":"Hexaghost","floor":16,"turns":5},{"damage":0,"enemies":"Spheric Guardian","floor":18,"turns":4},{"damage":1,"enemies":"Chosen","floor":22,"turns":6},{"damage":8,"enemies":"Gremlin Leader","floor":24,"turns":3},{"damage":6,"enemies":"Sentry and Sphere","floor":25,"turns":3},{"damage":26,"enemies":"Slavers","floor":27,"turns":4},{"damage":18,"enemies":"Book of Stabbing","floor":29,"turns":3},{"damage":25,"enemies":"Slavers","floor":31,"turns":2},{"damage":10,"enemies":"Automaton","floor":33,"turns":7},{"damage":11,"enemies":"Orb Walker","floor":35,"turns":2},{"damage":1,"enemies":"2 Orb Walkers","floor":37,"turns":3},{"damage":14,"enemies":"3 Shapes","floor":39,"turns":3},{"damage":37,"enemies":"Giant Head","floor":40,"turns":6},{"damage":10,"enemies":"Nemesis","floor":42,"turns":3},{"damage":0,"enemies":"Giant Head","floor":44,"turns":3},{"damage":2,"enemies":"Nemesis","floor":46,"turns":5},{"damage":0,"enemies":"Giant Head","floor":48,"turns":3},{"damage":0,"enemies":"Awakened One","floor":50,"turns":7},{"damage":55,"enemies":"Time Eater","floor":51,"turns":10},{"damage":24,"enemies":"Shield and Spear","floor":55,"turns":3},{"damage":1,"enemies":"The Heart","floor":56,"turns":8}],"seed_played":"-8138276981769899801","potions_obtained":[{"floor":1,"key":"EntropicBrew"},{"floor":7,"key":"BloodPotion"},{"floor":10,"key":"DistilledChaos"},{"floor":11,"key":"Weak Potion"},{"floor":18,"key":"Fire Potion"},{"floor":24,"key":"PowerPotion"},{"floor":25,"key":"Fruit Juice"},{"floor":29,"key":"ColorlessPotion"},{"floor":31,"key":"DistilledChaos"},{"floor":35,"key":"SteroidPotion"},{"floor":37,"key":"BloodPotion"},{"floor":44,"key":"SkillPotion"}],"is_trial":true,"path_per_floor":["M","?","?","T","?","R","E","M","T","M","E","M","M","?","R","B",null,"M","$","?","$","M","R","E","M","T","E","R","E","$","E","R","B",null,"M","$","?","?","M","E","R","E","T","E","?","E","R","E","R","B","B",null,"R","$","E","B",null],"character_chosen":"IRONCLAD","items_purchased":["Madness","Centennial Puzzle","PreservedInsect","Feel No Pain","Dexterity Potion","SkillPotion"],"campfire_rested":0,"item_purchase_floors":[19,19,21,54,54,54],"current_hp_per_floor":[74,74,79,79,79,79,65,59,59,80,75,65,63,69,69,57,74,80,80,80,80,80,80,78,83,83,63,63,54,54,38,38,37,73,80,80,85,85,85,66,66,74,74,85,76,85,85,85,85,85,48,76,76,76,73,85],"gold":57,"neow_bonus":"","is_daily":false,"chose_seed":false,"campfire_upgraded":8,"win_rate":0.0,"timestamp":1614123245,"path_taken":["M","?","?","?","?","R","E","M","T","M","E","M","?","?","R","BOSS","M","$","?","$","?","R","E","M","T","E","R","E","$","E","R","BOSS","M","$","?","?","M","E","R","E","T","E","?","E","R","E","R","BOSS","BOSS","R","$","E","BOSS"],"items_purchased_type":["Card","Relic","Relic","Card","Potion","Potion"],"build_version":"2020-12-22","purchased_purges":3,"victory":true,"max_hp_per_floor":[75,75,80,80,80,80,80,80,80,80,80,80,80,80,80,80,80,80,80,80,80,80,80,80,85,85,85,85,85,85,85,85,85,85,85,85,85,85,85,85,85,85,85,85,85,85,85,85,85,85,85,85,85,85,85,85],"relic_stats":{"counters":[29,115],"Black Blood":248,"Magic Flower":[43],"PreservedInsect":739,"Whetstone":["Sweeping Beam","Backstab"],"Mercury Hourglass":[276],"Blood Vial":6,"Nunchaku":[29],"Centennial Puzzle":[48],"Busted Crown":40,"Mummified Hand":[18],"Shuriken":[6],"Gambling Chip":[17],"Turnip":[2],"obtain_stats":[{"Potion Belt":29,"Magic Flower":27,"Vajra":31,"Black Blood":34,"PreservedInsect":21,"Whetstone":26,"Odd Mushroom":14,"Bottled Tornado":44,"Burning Blood":0,"Old Coin":4,"Mercury Hourglass":24,"Blood Vial":46,"Nunchaku":7,"Centennial Puzzle":19,"Bottled Flame":48,"Busted Crown":17,"Mummified Hand":40,"Shuriken":55,"Gambling Chip":37,"Turnip":42,"Red Mask":38,"TungstenRod":11,"Red Skull":43},{"Potion Belt":15,"Magic Flower":14,"Vajra":16,"Black Blood":17,"PreservedInsect":10,"Whetstone":13,"Odd Mushroom":8,"Bottled Tornado":23,"Burning Blood":0,"Old Coin":1,"Mercury Hourglass":12,"Blood Vial":24,"Nunchaku":2,"Centennial Puzzle":10,"Bottled Flame":25,"Busted Crown":9,"Mummified Hand":21,"Shuriken":28,"Gambling Chip":19,"Turnip":22,"Red Mask":19,"TungstenRod":5,"Red Skull":22},{"Potion Belt":50,"Magic Flower":47,"Vajra":52,"Black Blood":59,"PreservedInsect":31,"Whetstone":43,"Odd Mushroom":22,"Bottled Tornado":79,"Burning Blood":0,"Old Coin":2,"Mercury Hourglass":40,"Blood Vial":84,"Nunchaku":6,"Centennial Puzzle":31,"Bottled Flame":87,"Busted Crown":27,"Mummified Hand":73,"Shuriken":107,"Gambling Chip":64,"Turnip":76,"Red Mask":64,"TungstenRod":13,"Red Skull":76}],"TungstenRod":48},"card_choices":[{"not_picked":["SashWhip","InnerPeace","FearNoEvil"],"picked":"SKIP","floor":1},{"not_picked":["Barricade","Fission"],"picked":"Meteor Strike","floor":7},{"not_picked":["Dual Wield","Headbutt","Deadly Poison"],"picked":"SKIP","floor":8},{"not_picked":["Sword Boomerang","Cloak And Dagger"],"picked":"Second Wind","floor":10},{"not_picked":["Rainbow","Machine Learning","Impervious"],"picked":"SKIP","floor":11},{"not_picked":["Blade Dance","Compile Driver","WreathOfFlame"],"picked":"SKIP","floor":12},{"not_picked":["Crippling Poison","Heel Hook"],"picked":"Power Through","floor":13},{"not_picked":["Unload","Electrodynamics"],"picked":"After Image","floor":16},{"not_picked":["Ghostly Armor"],"picked":"SKIP","floor":18},{"not_picked":["Wild Strike"],"picked":"SKIP","floor":22},{"not_picked":[],"picked":"ConjureBlade","floor":24},{"not_picked":["True Grit"],"picked":"SKIP","floor":25},{"not_picked":[],"picked":"Adrenaline","floor":27},{"not_picked":["Corpse Explosion"],"picked":"SKIP","floor":29},{"not_picked":["Impervious"],"picked":"SKIP","floor":31},{"not_picked":["Prepared"],"picked":"SKIP","floor":35},{"not_picked":["PathToVictory"],"picked":"SKIP","floor":39},{"not_picked":["Die Die Die"],"picked":"SKIP","floor":40},{"not_picked":["Bullet Time"],"picked":"SKIP","floor":42},{"not_picked":["Bludgeon"],"picked":"SKIP","floor":44},{"not_picked":[],"picked":"Madness","floor":45},{"not_picked":["Berserk"],"picked":"SKIP","floor":46},{"not_picked":["Blasphemy"],"picked":"SKIP","floor":48},{"not_picked":["Devotion"],"picked":"SKIP","floor":55}],"player_experience":2000188,"relics_obtained":[{"floor":4,"key":"Old Coin"},{"floor":7,"key":"Nunchaku"},{"floor":11,"key":"TungstenRod"},{"floor":14,"key":"Odd Mushroom"},{"floor":24,"key":"Mercury Hourglass"},{"floor":26,"key":"Whetstone"},{"floor":27,"key":"Magic Flower"},{"floor":29,"key":"Potion Belt"},{"floor":31,"key":"Vajra"},{"floor":37,"key":"Gambling Chip"},{"floor":40,"key":"Mummified Hand"},{"floor":42,"key":"Turnip"},{"floor":43,"key":"Red Skull"},{"floor":44,"key":"Bottled Tornado"},{"floor":46,"key":"Blood Vial"},{"floor":48,"key":"Bottled Flame"},{"floor":55,"key":"Shuriken"}],"event_choices":[{"damage_healed":0,"gold_gain":0,"player_choice":"Grow","damage_taken":0,"max_hp_gain":0,"max_hp_loss":0,"event_name":"Living Wall","floor":2,"gold_loss":0,"cards_upgraded":["FTL"]},{"damage_healed":0,"gold_gain":0,"player_choice":"Donut","damage_taken":0,"max_hp_gain":5,"max_hp_loss":0,"event_name":"Big Fish","floor":3,"gold_loss":0},{"cards_removed":["Distraction"],"damage_healed":0,"gold_gain":0,"player_choice":"Purged","damage_taken":0,"max_hp_gain":0,"max_hp_loss":0,"event_name":"Purifier","floor":5,"gold_loss":0},{"damage_healed":0,"gold_gain":0,"player_choice":"Fought Mushrooms","damage_taken":0,"max_hp_gain":0,"max_hp_loss":0,"event_name":"Mushrooms","floor":14,"gold_loss":0},{"cards_removed":["Sever Soul"],"damage_healed":0,"gold_gain":0,"player_choice":"Single Remove","damage_taken":0,"max_hp_gain":0,"max_hp_loss":0,"event_name":"Designer","floor":20,"gold_loss":75},{"damage_healed":0,"gold_gain":0,"player_choice":"Fight","damage_taken":0,"max_hp_gain":0,"max_hp_loss":0,"event_name":"Mysterious Sphere","floor":37,"gold_loss":0},{"damage_healed":0,"gold_gain":0,"player_choice":"Paid","damage_taken":0,"relics_obtained":["Red Mask"],"max_hp_gain":0,"max_hp_loss":0,"event_name":"Tomb of Lord Red Mask","floor":38,"gold_loss":138},{"damage_healed":0,"gold_gain":0,"player_choice":"Memory 3","damage_taken":10,"max_hp_gain":0,"max_hp_loss":0,"event_name":"SensoryStone","floor":45,"gold_loss":0}],"is_beta":false,"boss_relics":[{"not_picked":["SlaversCollar","Velvet Choker"],"picked":"Busted Crown"},{"not_picked":["Fusion Hammer","Runic Dome"],"picked":"Black Blood"}],"items_purged_floors":[19,30,36],"is_endless":false,"potions_floor_spawned":[1,7,10,11,18,24,25,29,31,35,37,44,46],"ascension_level":20}}