{"host":"lnc26sm36s9d8cik","time":1614112001,"event":{"mods":["Act Like it!","Bartender","BaseMod","Duelist Mod","GifTheSpireLib","Magitek Elite","Mimic Mod","Minty Spire (QoL Compilation)","Prisma Mod","Remilia??????","Ruina","Shade Mod","Spicy Shops","StSLib","The Administrix","The Alterego","The Animator","The Cursed","The Exalted","The Gatherer","The Hierophant","The Necromancer","The Poker Player","The Servant 0.9.4"],"gold_per_floor":[119,131,131,206,206,206,238,254,254,254,277,302,319,331,331,433,433,451,451,438,108,123,151,167,167,204,204,220,247,247,247,247,345,345,362,414,414,428,428,458,477,507,533,131,131,143,67,0,0,0,0,0,0,33,33,33],"floor_reached":55,"language":"ENG","playtime":7216,"items_purged":["PrismaMod:MiyuCommonAttack","PrismaMod:MiyuCommonAttack","PrismaMod:MiyuCommonDefend"],"score":873,"play_id":"ed17afde-7459-4754-8681-98c40527cd8d","local_time":"20210223212641","is_ascension_mode":false,"campfire_choices":[{"data":"PrismaMod:MiyuCheapChannelDefend","floor":6.0,"key":"SMITH"},{"data":"PrismaMod:MiyuUncommonDexBuff","floor":15.0,"key":"SMITH"},{"data":"PrismaMod:MiyuDefendChannelDefend","floor":25,"key":"SMITH"},{"data":"PrismaMod:MiyuUncommonPlate","floor":27,"key":"SMITH"},{"data":"PrismaMod:MiyuUncommonStrBuff","floor":30,"key":"SMITH"},{"data":"PrismaMod:MiyuUncommonDefend","floor":32,"key":"SMITH"},{"data":"PrismaMod:MiyuOrbIncreasePerm","floor":45,"key":"SMITH"},{"floor":49,"key":"RECALL"},{"data":"Deep Breath","floor":52,"key":"SMITH"}],"circlet_count":0,"master_deck":["PrismaMod:MiyuCommonDefend","PrismaMod:MiyuCommonDefend","PrismaMod:MiyuCommonDefend","PrismaMod:MiyuCommonAttack","PrismaMod:MiyuCommonAttack","PrismaMod:MiyuCheapChannelAttack+1","PrismaMod:MiyuCheapChannelDefend+1","PrismaMod:MiyuUncommonDexBuff+1","PrismaMod:MiyuCheapChannelDefend","PrismaMod:MiyuCheapChannelDefend","PrismaMod:MiyuUncommonDexBuff+1","PrismaMod:MiyuDevil","PrismaMod:MiyuUncommonDefend+1","PrismaMod:MiyuUncommonAttack","PrismaMod:MiyuEvokeAllAttack","PrismaMod:MiyuUberAttack","PrismaMod:MiyuUncommonStrBuff+1","PrismaMod:MiyuDefendChannelDefend+1","PrismaMod:MiyuUncommonPlate+1","PrismaMod:MiyuUncommonStrBuff","PrismaMod:MiyuUncommonPlate","Deep Breath+1","Flash of Steel","PrismaMod:MiyuOrbIncreasePerm+1","Finesse","PrismaMod:MiyuUncommonDexBuff","PrismaMod:MiyuUncommonDexBuff"],"relics":["PrismaMod:PrismaSapphireUpgrade","Bromod:ArcanePistoleer","Letter Opener","Odd Mushroom","Meat on the Bone","Genji_Glove","Protect_Vest","Bromod:ArcaneVictory","Strawberry","Sozu","StoneCalendar","Dream Catcher","Lantern","Membership Card","Bromod:ArcaneTempo","Bromod:ArcaneNullifier","ClockworkSouvenir","Red Mask","Bag of Preparation"],"acts_visited":["Exordium","TheCity","TheBeyond","TheEnding"],"potions_floor_usage":[22,24,55,55,55],"damage_taken":[{"damage":2.0,"enemies":"2 Louse","floor":1.0,"turns":3.0},{"damage":0.0,"enemies":"Small Slimes","floor":2.0,"turns":4.0},{"damage":0.0,"enemies":"Lagavulin","floor":7.0,"turns":8.0},{"damage":0.0,"enemies":"Jaw Worm","floor":8.0,"turns":4.0},{"damage":0.0,"enemies":"The Mushroom Lair","floor":11.0,"turns":6.0},{"damage":0.0,"enemies":"Gremlin Nob","floor":12.0,"turns":6.0},{"damage":0.0,"enemies":"Large Slime","floor":13.0,"turns":6.0},{"damage":0.0,"enemies":"Exordium Wildlife","floor":14.0,"turns":7.0},{"damage":0.0,"enemies":"Slime Boss","floor":16.0,"turns":12.0},{"damage":1,"enemies":"Spheric Guardian","floor":18,"turns":6},{"damage":17,"enemies":"2 Thieves","floor":20,"turns":4},{"damage":4,"enemies":"Snake Plant","floor":22,"turns":5},{"damage":3,"enemies":"theDuelist:KaibaA2","floor":23,"turns":7},{"damage":0,"enemies":"Centurion and Healer","floor":24,"turns":11},{"damage":0,"enemies":"Cultist and Chosen","floor":26,"turns":6},{"damage":0,"enemies":"Cultist and Chosen","floor":28,"turns":7},{"damage":54,"enemies":"Gremlin Leader","floor":29,"turns":10},{"damage":5,"enemies":"Collector","floor":33,"turns":15},{"damage":10,"enemies":"3 Darklings","floor":35,"turns":8},{"damage":43,"enemies":"2 Orb Walkers","floor":36,"turns":21},{"damage":0,"enemies":"Orb Walker","floor":38,"turns":4},{"damage":26,"enemies":"Reptomancer","floor":40,"turns":7},{"damage":0,"enemies":"3 Darklings","floor":41,"turns":7},{"damage":6,"enemies":"Nemesis","floor":42,"turns":9},{"damage":0,"enemies":"Jaw Worm Horde","floor":46,"turns":5},{"damage":5,"enemies":"Awakened One","floor":50,"turns":11},{"damage":31,"enemies":"Shield and Spear","floor":54,"turns":7},{"damage":78,"enemies":"The Heart","floor":55,"turns":14}],"seed_played":"-2765353451167677599","potions_obtained":[{"floor":7.0,"key":"Dexterity Potion"},{"floor":12.0,"key":"SpeedPotion"},{"floor":14.0,"key":"Dexterity Potion"},{"floor":22,"key":"SneckoOil"},{"floor":29,"key":"SpeedPotion"}],"is_trial":false,"path_per_floor":["M","M","?","?","?","R","E","M","T","?","?","E","M","M","R","B",null,"M","?","M","$","M","E","M","R","MIM","R","M","E","R","?","R","B",null,"M","?","?","M","?","E","M","E","T","$","R","M","$","?","R","B",null,"R","$","E","B"],"character_chosen":"MIYU","items_purchased":["Genji_Glove","Membership Card","Bromod:ArcaneTempo","Bromod:ArcaneNullifier","Finesse","ClockworkSouvenir"],"campfire_rested":0,"item_purchase_floors":[21,44,44,44,44,47],"current_hp_per_floor":[80,80,80,69,53,53,53,53,53,58,58,58,58,58,58,58,87,86,86,73,73,73,74,78,78,82,82,87,51,51,51,51,53,94,93,53,53,58,48,43,52,51,51,51,51,58,58,58,58,62,94,94,94,65,0,0],"gold":33,"neow_bonus":"TEN_PERCENT_HP_BONUS","is_daily":false,"chose_seed":false,"campfire_upgraded":8,"win_rate":0.0,"timestamp":1614112001,"path_taken":["M","M","?","?","?","R","E","M","T","?","?","E","?","M","R","BOSS","M","?","M","$","M","E","M","R","MIM","R","M","E","R","?","R","BOSS","M","?","?","M","?","E","M","E","T","$","R","M","$","?","R","BOSS","R","$","E","BOSS"],"items_purchased_type":["Relic","Relic","Relic","Relic","Card","Relic"],"build_version":"2020-12-22","purchased_purges":3,"victory":false,"max_hp_per_floor":[82,82,82,82,82,82,82,82,82,87,87,87,87,87,87,87,87,87,87,87,87,87,87,87,87,87,87,87,94,94,94,94,94,94,94,94,94,94,94,94,94,94,94,94,94,94,94,94,94,94,94,94,94,94,94,94],"card_choices":[{"not_picked":["PrismaMod:MiyuUncommonDefend","PrismaMod:MiyuEvokeCheapDefend"],"picked":"PrismaMod:MiyuUncommonDexBuff","floor":1.0},{"not_picked":["PrismaMod:MiyuCheapDefend1","PrismaMod:MiyuDefenseRemoval"],"picked":"PrismaMod:MiyuCheapChannelDefend","floor":2.0},{"not_picked":["PrismaMod:MiyuCheapStrBuff","PrismaMod:MiyuChannelAttackEvoke"],"picked":"PrismaMod:MiyuCheapChannelDefend","floor":7.0},{"not_picked":["PrismaMod:MiyuCheapChannelWeak","PrismaMod:MiyuEvokeCheapDefend","PrismaMod:MiyuUberAOEAttack"],"picked":"SKIP","floor":8.0},{"not_picked":["PrismaMod:MiyuCheapStrBuff","PrismaMod:MiyuUberAttack"],"picked":"PrismaMod:MiyuUncommonDexBuff","floor":11.0},{"not_picked":["PrismaMod:MiyuAttackChannelAttack","PrismaMod:MiyuCheapChannelRandom"],"picked":"PrismaMod:MiyuDevil","floor":12.0},{"not_picked":["PrismaMod:MiyuDefenseExplosion","PrismaMod:MiyuCheapAttack1"],"picked":"PrismaMod:MiyuUncommonDefend","floor":13.0},{"not_picked":["PrismaMod:MiyuUberAttack","PrismaMod:MiyuUberAOEAttack"],"picked":"PrismaMod:MiyuUncommonAttack","floor":14.0},{"not_picked":["PrismaMod:MiyuDefenseAbsorbMinor","PrismaMod:MiyuChannelDefendEvoke"],"picked":"PrismaMod:MiyuEvokeAllAttack","floor":16.0},{"not_picked":["PrismaMod:MiyuUncommonAOEAttack","PrismaMod:MiyuCheapDefend1"],"picked":"PrismaMod:MiyuUberAttack","floor":18},{"not_picked":["PrismaMod:MiyuUberAttack","PrismaMod:MiyuEvokeBuffDex","PrismaMod:MiyuCheapChannelWeak"],"picked":"SKIP","floor":20},{"not_picked":["PrismaMod:MiyuDefendChannelDefend","PrismaMod:MiyuCheapAttack1","PrismaMod:MiyuCheapChannelWeak"],"picked":"SKIP","floor":22},{"not_picked":["PrismaMod:MiyuEvokeBuffDex","PrismaMod:MiyuCheapDefend1"],"picked":"PrismaMod:MiyuUncommonStrBuff","floor":23},{"not_picked":["PrismaMod:MiyuUberAOEAttack","PrismaMod:MiyuCheapDefend1+1"],"picked":"PrismaMod:MiyuDefendChannelDefend","floor":24},{"not_picked":["PrismaMod:MiyuUberAOEAttack","PrismaMod:MiyuCheapAttack1"],"picked":"PrismaMod:MiyuUncommonPlate","floor":26},{"not_picked":["PrismaMod:MiyuCheapAttack2","PrismaMod:MiyuCheapChannelWeak","PrismaMod:MiyuCheapAttack1"],"picked":"SKIP","floor":28},{"not_picked":["PrismaMod:MiyuAttackChannelVul","PrismaMod:MiyuMaid","PrismaMod:MiyuEvokeAllAttack"],"picked":"SKIP","floor":29},{"not_picked":["PrismaMod:MiyuUncommonAttack","PrismaMod:MiyuAttackChannelVul+1"],"picked":"PrismaMod:MiyuUncommonStrBuff","floor":35},{"not_picked":["PrismaMod:MiyuCheapPlate","PrismaMod:MiyuEvokeBuffStr"],"picked":"PrismaMod:MiyuUncommonPlate","floor":38},{"not_picked":["Forethought","Metamorphosis"],"picked":"Deep Breath","floor":39},{"not_picked":["Master of Strategy","Secret Technique"],"picked":"Flash of Steel","floor":39},{"not_picked":["PrismaMod:MiyuUncommonPlate","PrismaMod:MiyuUncommonAttack"],"picked":"PrismaMod:MiyuOrbIncreasePerm","floor":40},{"not_picked":["PrismaMod:MiyuCheapAttack1+1","PrismaMod:MiyuEvokeBuffDex","PrismaMod:MiyuEvokeAll"],"picked":"SKIP","floor":41},{"not_picked":["PrismaMod:MiyuAttackChannelVul+1","PrismaMod:MiyuEvokeBuffDex","PrismaMod:MiyuCheapChannelVul"],"picked":"SKIP","floor":42},{"not_picked":["PrismaMod:MiyuDefenseExplosion+1","PrismaMod:MiyuCheapStrBuff+1"],"picked":"PrismaMod:MiyuUncommonDexBuff","floor":46},{"not_picked":["PrismaMod:MiyuMaid","PrismaMod:MiyuChannelAttackEvoke"],"picked":"PrismaMod:MiyuUncommonDexBuff","floor":54}],"player_experience":276725,"relics_obtained":[{"floor":7.0,"key":"Bromod:ArcanePistoleer"},{"floor":9.0,"key":"Letter Opener"},{"floor":11.0,"key":"Odd Mushroom"},{"floor":12.0,"key":"Meat on the Bone"},{"floor":23,"key":"Protect_Vest"},{"floor":26,"key":"Bromod:ArcaneVictory"},{"floor":29,"key":"Strawberry"},{"floor":36,"key":"StoneCalendar"},{"floor":40,"key":"Dream Catcher"},{"floor":42,"key":"Lantern"},{"floor":54,"key":"Bag of Preparation"}],"event_choices":[{"damage_healed":0.0,"max_hp_gain":0.0,"max_hp_loss":0.0,"gold_gain":75.0,"event_name":"World of Goop","player_choice":"Gather Gold","floor":4.0,"gold_loss":0.0,"damage_taken":11.0},{"damage_healed":0.0,"max_hp_gain":0.0,"max_hp_loss":0.0,"gold_gain":0.0,"event_name":"Shining Light","player_choice":"Entered Light","floor":5.0,"gold_loss":0.0,"damage_taken":16.0,"cards_upgraded":["PrismaMod:MiyuUncommonDexBuff","PrismaMod:MiyuCheapChannelAttack"]},{"damage_healed":0.0,"max_hp_gain":5.0,"max_hp_loss":0.0,"gold_gain":0.0,"event_name":"Big Fish","player_choice":"Donut","floor":10.0,"gold_loss":0.0,"damage_taken":0.0},{"damage_healed":0.0,"max_hp_gain":0.0,"max_hp_loss":0.0,"gold_gain":0.0,"event_name":"Mushrooms","player_choice":"Fought Mushrooms","floor":11.0,"gold_loss":0.0,"damage_taken":0.0},{"cards_removed":["PrismaMod:MiyuCommonAttack"],"damage_healed":0,"gold_gain":0,"player_choice":"Elegance","damage_taken":0,"max_hp_gain":0,"max_hp_loss":0,"event_name":"Back to Basics","floor":19,"gold_loss":0},{"damage_healed":0,"gold_gain":0,"player_choice":"Ignored","damage_taken":0,"max_hp_gain":0,"max_hp_loss":0,"event_name":"Vampires","floor":31,"gold_loss":0},{"damage_healed":0,"gold_gain":0,"player_choice":"Fight","damage_taken":0,"max_hp_gain":0,"max_hp_loss":0,"event_name":"Mysterious Sphere","floor":36,"gold_loss":0},{"cards_removed":["PrismaMod:MiyuCommonDefend"],"damage_healed":0,"gold_gain":0,"player_choice":"Removed Skill","damage_taken":0,"max_hp_gain":0,"max_hp_loss":0,"event_name":"Falling","floor":37,"gold_loss":0},{"damage_healed":0,"gold_gain":0,"player_choice":"Memory 3","damage_taken":10,"max_hp_gain":0,"max_hp_loss":0,"event_name":"SensoryStone","floor":39,"gold_loss":0},{"damage_healed":0,"gold_gain":0,"player_choice":"Paid","damage_taken":0,"relics_obtained":["Red Mask"],"max_hp_gain":0,"max_hp_loss":0,"event_name":"Tomb of Lord Red Mask","floor":48,"gold_loss":67}],"is_beta":false,"boss_relics":[{"not_picked":["Silver_Glasses","Bromod:ArcaneEnergize"],"picked":"PrismaMod:PrismaSapphireUpgrade"},{"not_picked":["Black Star","Bromod:ArcaneBarrier"],"picked":"Sozu"}],"items_purged_floors":[21,21,44],"is_endless":false,"potions_floor_spawned":[7,12,14,20,22,29,33,35,40,41,46],"killed_by":"The Heart","ascension_level":0}}