{"host":"vxgtqwpb0ulpisda","time":1614095301,"event":{"mods":["BaseMod","Bestiary","Minty Spire (QoL Compilation)","Relic Stats","ojb\u0027s Info Mod"],"gold_per_floor":[15,31,51,66,66,66,94,94,94,150,183,199,214,18,18,117,117,127,42,62,79,94,124,124,124,124,135,147,179,179,194,194,194,194],"floor_reached":33,"language":"ENG","playtime":2381,"items_purged":["Strike_R"],"score":391,"play_id":"c64968f5-b676-407e-9c6a-89eafaf4fce4","local_time":"20210223104821","is_ascension_mode":true,"campfire_choices":[{"data":"Armaments","floor":6.0,"key":"SMITH"},{"data":"Intimidate","floor":8.0,"key":"SMITH"},{"floor":15.0,"key":"REST"},{"data":"Flame Barrier","floor":24,"key":"SMITH"},{"floor":30,"key":"REST"},{"floor":32,"key":"RECALL"}],"circlet_count":0,"master_deck":["Strike_R+1","Strike_R","Strike_R+1","Defend_R","Defend_R","Defend_R","Bash","Anger","Armaments+1","Iron Wave","Metallicize","Iron Wave","Intimidate+1","Spot Weakness","Thunderclap","Havoc","Immolate+1","Combust+1","Iron Wave+1","Exhume","Sentinel","Second Wind+1","Flame Barrier+1","Disarm+1","Hemokinesis+1","Inflame+1","Shrug It Off","Feel No Pain+1","Dark Embrace+1"],"relics":["Burning Blood","Toy Ornithopter","Frozen Egg 2","Gremlin Horn","Molten Egg 2","Runic Pyramid","Potion Belt","Pen Nib","Shuriken","PreservedInsect"],"acts_visited":["Exordium","TheCity"],"potions_floor_usage":[28],"damage_taken":[{"damage":0.0,"enemies":"Jaw Worm","floor":1.0,"turns":4.0},{"damage":2.0,"enemies":"Small Slimes","floor":2.0,"turns":3.0},{"damage":0.0,"enemies":"2 Louse","floor":3.0,"turns":3.0},{"damage":7.0,"enemies":"Exordium Thugs","floor":4.0,"turns":4.0},{"damage":19.0,"enemies":"3 Sentries","floor":7.0,"turns":9.0},{"damage":13.0,"enemies":"Gremlin Nob","floor":10.0,"turns":5.0},{"damage":23.0,"enemies":"Gremlin Nob","floor":11.0,"turns":5.0},{"damage":2.0,"enemies":"Looter","floor":12.0,"turns":3.0},{"damage":9.0,"enemies":"Gremlin Gang","floor":13.0,"turns":4.0},{"damage":24.0,"enemies":"Hexaghost","floor":16.0,"turns":8.0},{"damage":18.0,"enemies":"2 Thieves","floor":18.0,"turns":4.0},{"damage":2.0,"enemies":"3 Byrds","floor":20.0,"turns":5.0},{"damage":23,"enemies":"Shelled Parasite and Fungi","floor":21,"turns":6},{"damage":0,"enemies":"3 Cultists","floor":22,"turns":4},{"damage":19,"enemies":"Gremlin Leader","floor":23,"turns":7},{"damage":3,"enemies":"Cultist and Chosen","floor":27,"turns":4},{"damage":9,"enemies":"Snake Plant","floor":28,"turns":4},{"damage":27,"enemies":"Slavers","floor":29,"turns":5},{"damage":4,"enemies":"Snecko","floor":31,"turns":4},{"damage":57,"enemies":"Automaton","floor":33,"turns":6}],"seed_played":"3409195366322012524","potions_obtained":[{"floor":2.0,"key":"SteroidPotion"},{"floor":4.0,"key":"EssenceOfSteel"},{"floor":12.0,"key":"DuplicationPotion"},{"floor":18.0,"key":"Fire Potion"},{"floor":22,"key":"LiquidBronze"},{"floor":27,"key":"SkillPotion"},{"floor":31,"key":"GamblersBrew"}],"is_trial":false,"path_per_floor":["M","M","M","M","?","R","E","R","T","?","E","M","M","$","R","B",null,"M","?","M","M","M","E","R","?","T","M","M","E","R","M","R","B"],"character_chosen":"IRONCLAD","items_purchased":["Combust+1","Iron Wave+1"],"campfire_rested":2,"item_purchase_floors":[14,14],"current_hp_per_floor":[78,80,80,79,63,63,50,50,50,48,31,35,32,32,56,43,71,59,59,68,51,57,44,44,44,44,47,49,28,52,54,54,0,0],"gold":194,"neow_bonus":"TRANSFORM_TWO_CARDS","is_daily":false,"chose_seed":false,"campfire_upgraded":3,"win_rate":0.0,"timestamp":1614095301,"path_taken":["M","M","M","M","?","R","E","R","T","?","E","M","M","?","R","BOSS","M","?","M","M","M","E","R","?","T","M","M","E","R","M","R","BOSS"],"items_purchased_type":["Card","Card"],"build_version":"2020-12-22","purchased_purges":1,"victory":false,"max_hp_per_floor":[80,80,80,80,80,80,80,80,80,80,80,80,80,80,80,80,80,80,80,80,80,80,80,80,80,80,80,80,80,80,80,80,80,80],"relic_stats":{"Gremlin Horn":[20,20],"counters":[20,97],"Shuriken":[6],"Pen Nib":[4],"PreservedInsect":0,"obtain_stats":[{"Potion Belt":19,"Gremlin Horn":10,"Shuriken":26,"Molten Egg 2":11,"Pen Nib":23,"PreservedInsect":29,"Frozen Egg 2":9,"Burning Blood":0,"Toy Ornithopter":7,"Runic Pyramid":17},{"Potion Belt":11,"Gremlin Horn":6,"Shuriken":15,"Molten Egg 2":7,"Pen Nib":15,"PreservedInsect":18,"Frozen Egg 2":5,"Burning Blood":0,"Toy Ornithopter":5,"Runic Pyramid":10},{"Potion Belt":52,"Gremlin Horn":28,"Shuriken":74,"Molten Egg 2":33,"Pen Nib":74,"PreservedInsect":87,"Frozen Egg 2":23,"Burning Blood":0,"Toy Ornithopter":23,"Runic Pyramid":48}],"Burning Blood":106,"Toy Ornithopter":20},"card_choices":[{"not_picked":["Warcry","Clothesline"],"picked":"Iron Wave","floor":1.0},{"not_picked":["Ghostly Armor","Iron Wave"],"picked":"Metallicize","floor":2.0},{"not_picked":["Anger","Clash"],"picked":"Iron Wave","floor":3.0},{"not_picked":["Perfected Strike","Clothesline"],"picked":"Intimidate","floor":4.0},{"not_picked":["Twin Strike","Wild Strike"],"picked":"Spot Weakness","floor":7.0},{"not_picked":["Blood for Blood","Havoc"],"picked":"Thunderclap","floor":10.0},{"not_picked":["Flex","Perfected Strike+1"],"picked":"Havoc","floor":11.0},{"not_picked":["Havoc","Clash+1","Heavy Blade+1"],"picked":"SKIP","floor":12.0},{"not_picked":["Intimidate","Warcry"],"picked":"Immolate+1","floor":13.0},{"not_picked":["Juggernaut+1","Immolate+1"],"picked":"Exhume","floor":16.0},{"not_picked":["Flex","Iron Wave+1"],"picked":"Sentinel","floor":18.0},{"not_picked":["Bloodletting","Havoc"],"picked":"Second Wind+1","floor":20},{"not_picked":["Spot Weakness","Evolve+1"],"picked":"Flame Barrier","floor":21},{"not_picked":["Uppercut+1","Hemokinesis+1"],"picked":"Disarm+1","floor":22},{"not_picked":["Spot Weakness","Pommel Strike+1"],"picked":"Hemokinesis+1","floor":23},{"not_picked":["Clothesline+1","Entrench+1"],"picked":"Shrug It Off","floor":27},{"not_picked":["Ghostly Armor+1","Combust+1"],"picked":"Feel No Pain+1","floor":28},{"not_picked":["Disarm+1","Infernal Blade"],"picked":"Dark Embrace+1","floor":29},{"not_picked":["Clothesline+1","Perfected Strike+1","Headbutt+1"],"picked":"SKIP","floor":31}],"player_experience":436148,"relics_obtained":[{"floor":7.0,"key":"Toy Ornithopter"},{"floor":9.0,"key":"Frozen Egg 2"},{"floor":10.0,"key":"Gremlin Horn"},{"floor":11.0,"key":"Molten Egg 2"},{"floor":23,"key":"Pen Nib"},{"floor":26,"key":"Shuriken"},{"floor":29,"key":"PreservedInsect"}],"event_choices":[{"damage_healed":0.0,"max_hp_gain":0.0,"max_hp_loss":0.0,"gold_gain":0.0,"event_name":"Shining Light","player_choice":"Entered Light","floor":5.0,"gold_loss":0.0,"damage_taken":16.0,"cards_upgraded":["Strike_R","Strike_R"]},{"damage_healed":0.0,"max_hp_gain":0.0,"max_hp_loss":0.0,"gold_gain":0.0,"event_name":"Dead Adventurer","player_choice":"Searched \u00271\u0027 times","floor":10.0,"gold_loss":0.0,"damage_taken":0.0},{"damage_healed":0.0,"max_hp_gain":0.0,"max_hp_loss":0.0,"gold_gain":0.0,"event_name":"Addict","player_choice":"Obtained Relic","floor":19.0,"gold_loss":85.0,"damage_taken":0.0,"relics_obtained":["Potion Belt"]},{"damage_healed":0,"gold_gain":0,"player_choice":"Read","damage_taken":0,"max_hp_gain":0,"max_hp_loss":0,"event_name":"The Library","floor":25,"gold_loss":0,"cards_obtained":["Inflame"]}],"is_beta":false,"boss_relics":[{"not_picked":["Empty Cage","Tiny House"],"picked":"Runic Pyramid"}],"items_purged_floors":[14],"is_endless":false,"potions_floor_spawned":[2,4,12,18,22,27,31],"killed_by":"Automaton","ascension_level":6}}