{"host":"i09pxcjttd31eh4q","time":1614093587,"event":{"mods":["AchievementEnabler","BaseMod","Colored Map","Keyboard Shortcuts","Minty Spire (QoL Compilation)","StSLib","SuperFastMode"],"gold_per_floor":[16,34,47,64,80,80,80,110,182,182,198,123,141,155,155,251,251,272,121,121,171,46,46,62,62,62,62,82,98,98,118,118,193,193,205,219,219,56,69,69,85,120,167,167,167,187,202,234,234,234,234,234],"floor_reached":51,"language":"KOR","playtime":2683,"items_purged":["Strike_G","Strike_G","Strike_G"],"score":1506,"play_id":"b002e4c8-9e4c-4fd7-a01b-fcd0115fa326","local_time":"20210224001947","is_ascension_mode":true,"campfire_choices":[{"data":"Poisoned Stab","floor":6.0,"key":"SMITH"},{"floor":10.0,"key":"REST"},{"data":"Bouncing Flask","floor":15.0,"key":"SMITH"},{"data":"Prepared","floor":23.0,"key":"SMITH"},{"data":"Tactician","floor":25.0,"key":"SMITH"},{"data":"Well Laid Plans","floor":27.0,"key":"SMITH"},{"floor":32.0,"key":"REST"},{"data":"Burst","floor":40.0,"key":"SMITH"},{"data":"Malaise","floor":44.0,"key":"SMITH"},{"floor":49.0,"key":"RECALL"}],"circlet_count":0,"master_deck":["AscendersBane","Defend_G","Defend_G","Defend_G","Defend_G","Survivor","Neutralize","Backflip","Tactician+1","Well Laid Plans+1","Prepared+1","Bouncing Flask+1","Leg Sweep","PiercingWail","Burst+1","Envenom+1","Escape Plan+1","Footwork+1","Dagger Throw","Acrobatics","Backflip+1","Malaise+1","Escape Plan","Calculated Gamble+1","Deflect","Prepared","Crippling Poison+1","Eviscerate"],"relics":["Ring of the Snake","Tough Bandages","Bloody Idol","Ninja Scroll","Astrolabe","Lizard Tail","HoveringKite","Orrery","TungstenRod","Oddly Smooth Stone"],"acts_visited":["Exordium","TheCity","TheBeyond"],"potions_floor_usage":[],"damage_taken":[{"damage":11.0,"enemies":"Jaw Worm","floor":1.0,"turns":6.0},{"damage":2.0,"enemies":"2 Louse","floor":2.0,"turns":5.0},{"damage":4.0,"enemies":"Small Slimes","floor":3.0,"turns":4.0},{"damage":22.0,"enemies":"Exordium Thugs","floor":4.0,"turns":9.0},{"damage":17.0,"enemies":"Blue Slaver","floor":5.0,"turns":5.0},{"damage":14.0,"enemies":"Large Slime","floor":11.0,"turns":9.0},{"damage":6.0,"enemies":"Exordium Wildlife","floor":13.0,"turns":5.0},{"damage":0.0,"enemies":"Looter","floor":14.0,"turns":3.0},{"damage":0.0,"enemies":"Hexaghost","floor":16.0,"turns":9.0},{"damage":12.0,"enemies":"Chosen","floor":18.0,"turns":5.0},{"damage":1.0,"enemies":"3 Byrds","floor":24.0,"turns":7.0},{"damage":0.0,"enemies":"Cultist and Chosen","floor":28.0,"turns":8.0},{"damage":8.0,"enemies":"Centurion and Healer","floor":29.0,"turns":6.0},{"damage":12.0,"enemies":"3 Cultists","floor":31.0,"turns":7.0},{"damage":15.0,"enemies":"Collector","floor":33.0,"turns":10.0},{"damage":1.0,"enemies":"3 Darklings","floor":35.0,"turns":8.0},{"damage":6.0,"enemies":"3 Shapes","floor":36.0,"turns":8.0},{"damage":0.0,"enemies":"Jaw Worm Horde","floor":39.0,"turns":7.0},{"damage":0.0,"enemies":"Transient","floor":41.0,"turns":6.0},{"damage":0.0,"enemies":"Nemesis","floor":42.0,"turns":9.0},{"damage":0.0,"enemies":"Writhing Mass","floor":46.0,"turns":7.0},{"damage":30.0,"enemies":"Jaw Worm Horde","floor":47.0,"turns":7.0},{"damage":26.0,"enemies":"Reptomancer","floor":48.0,"turns":9.0},{"damage":47.0,"enemies":"Time Eater","floor":50.0,"turns":18.0},{"damage":0,"enemies":"Donu and Deca","floor":51,"turns":1}],"seed_played":"2975004130804656459","potions_obtained":[{"floor":2.0,"key":"ColorlessPotion"},{"floor":3.0,"key":"Block Potion"},{"floor":13.0,"key":"SteroidPotion"},{"floor":14.0,"key":"EssenceOfSteel"},{"floor":18.0,"key":"BlessingOfTheForge"},{"floor":24.0,"key":"GhostInAJar"},{"floor":33.0,"key":"FearPotion"},{"floor":42.0,"key":"Weak Potion"},{"floor":48.0,"key":"Regen Potion"}],"is_trial":false,"path_per_floor":["M","M","M","M","M","R","?","?","T","R","M","$","M","M","R","B",null,"M","$","?","?","$","R","M","R","T","R","M","M","?","M","R","B",null,"M","M","?","$","M","R","M","E","T","R","?","M","M","E","R","B","B"],"character_chosen":"THE_SILENT","items_purchased":["Dagger Throw","Orrery"],"campfire_rested":2,"item_purchase_floors":[19,38],"current_hp_per_floor":[48,46,42,20,3,3,3,3,3,21,7,7,1,1,1,1,45,33,33,33,27,27,27,26,26,26,26,26,18,18,11,29,19,50,54,53,53,53,58,58,60,60,60,60,60,60,35,14,14,12,12,12],"gold":234,"neow_bonus":"ONE_RARE_RELIC","is_daily":false,"chose_seed":false,"campfire_upgraded":7,"win_rate":0.0,"timestamp":1614093587,"path_taken":["M","M","M","M","M","R","?","?","T","R","M","$","M","M","R","BOSS","M","$","?","?","$","R","M","R","T","R","?","M","?","M","R","BOSS","M","M","?","$","M","R","M","E","T","R","?","M","M","E","R","BOSS","BOSS"],"items_purchased_type":["Card","Relic"],"build_version":"2020-12-22","purchased_purges":3,"victory":false,"max_hp_per_floor":[66,66,66,66,66,66,60,60,60,60,60,60,60,60,60,60,60,60,60,60,60,60,60,60,60,60,60,60,60,60,60,60,60,60,60,60,60,60,60,60,60,60,60,60,60,60,60,60,60,60,60,60],"card_choices":[{"not_picked":["Bane","Footwork"],"picked":"Backflip","floor":1.0},{"not_picked":["Deflect","Slice"],"picked":"Poisoned Stab","floor":2.0},{"not_picked":["Slice","Underhanded Strike"],"picked":"Tactician","floor":3.0},{"not_picked":["Heel Hook","Deflect"],"picked":"Well Laid Plans","floor":4.0},{"not_picked":["Backstab","Cloak And Dagger"],"picked":"Prepared","floor":5.0},{"not_picked":["Quick Slash","Deadly Poison"],"picked":"Bouncing Flask","floor":11.0},{"not_picked":["Dodge and Roll","Deflect"],"picked":"Leg Sweep","floor":13.0},{"not_picked":["Dodge and Roll","Heel Hook"],"picked":"PiercingWail","floor":14.0},{"not_picked":["Venomology","Phantasmal Killer"],"picked":"Burst","floor":16.0},{"not_picked":["Sucker Punch","Underhanded Strike","Quick Slash+1"],"picked":"SKIP","floor":18.0},{"not_picked":["Flying Knee","PiercingWail","Footwork"],"picked":"SKIP","floor":24.0},{"not_picked":["Quick Slash","Outmaneuver","Die Die Die"],"picked":"SKIP","floor":28.0},{"not_picked":["Catalyst","Flechettes"],"picked":"Acrobatics","floor":29.0},{"not_picked":["Footwork","Slice"],"picked":"Backflip+1","floor":31.0},{"not_picked":["Die Die Die","Envenom"],"picked":"Malaise","floor":33.0},{"not_picked":["Leg Sweep","Deadly Poison","Poisoned Stab"],"picked":"SKIP","floor":35.0},{"not_picked":["Bane","Backflip"],"picked":"Escape Plan","floor":36.0},{"not_picked":["Choke","Backstab+1"],"picked":"Calculated Gamble+1","floor":38.0},{"not_picked":["Skewer","Deadly Poison"],"picked":"Deflect","floor":38.0},{"not_picked":["Masterful Stab+1","Slice"],"picked":"Prepared","floor":39.0},{"not_picked":["Poisoned Stab","PiercingWail","Slice"],"picked":"SKIP","floor":41.0},{"not_picked":["Setup","Flying Knee","Cloak And Dagger+1"],"picked":"SKIP","floor":42.0},{"not_picked":["Well Laid Plans","Dagger Throw+1"],"picked":"Crippling Poison+1","floor":46.0},{"not_picked":["Prepared","Deadly Poison+1","Outmaneuver"],"picked":"SKIP","floor":47.0},{"not_picked":["Outmaneuver","Tactician"],"picked":"Eviscerate","floor":48.0}],"player_experience":934444,"relics_obtained":[{"floor":9.0,"key":"Ninja Scroll"},{"floor":26.0,"key":"Lizard Tail"},{"floor":42.0,"key":"TungstenRod"},{"floor":48.0,"key":"Oddly Smooth Stone"}],"event_choices":[{"damage_healed":0.0,"max_hp_gain":0.0,"max_hp_loss":6.0,"gold_gain":0.0,"event_name":"Golden Idol","player_choice":"Lose Max HP","floor":7.0,"gold_loss":0.0,"damage_taken":0.0,"relics_obtained":["Golden Idol"]},{"damage_healed":0.0,"max_hp_gain":0.0,"max_hp_loss":0.0,"gold_gain":30.0,"event_name":"Dead Adventurer","player_choice":"Searched \u00271\u0027 times","floor":8.0,"gold_loss":0.0,"damage_taken":0.0},{"damage_healed":0.0,"max_hp_gain":0.0,"max_hp_loss":0.0,"gold_gain":0.0,"event_name":"The Mausoleum","player_choice":"Ignored","floor":20.0,"gold_loss":0.0,"damage_taken":0.0},{"damage_healed":0.0,"max_hp_gain":0.0,"max_hp_loss":0.0,"gold_gain":50.0,"event_name":"FaceTrader","player_choice":"Touch","floor":21.0,"gold_loss":0.0,"damage_taken":6.0},{"damage_healed":0.0,"max_hp_gain":0.0,"max_hp_loss":0.0,"gold_gain":0.0,"event_name":"Forgotten Altar","player_choice":"Gave Idol","floor":30.0,"relics_lost":["Golden Idol"],"gold_loss":0.0,"damage_taken":0.0,"relics_obtained":["Bloody Idol"]},{"damage_healed":0.0,"max_hp_gain":0.0,"max_hp_loss":0.0,"gold_gain":0.0,"event_name":"Tomb of Lord Red Mask","player_choice":"Ignored","floor":37.0,"gold_loss":0.0,"damage_taken":0.0},{"cards_removed":["Poisoned Stab"],"damage_healed":0.0,"max_hp_gain":0.0,"max_hp_loss":0.0,"gold_gain":0.0,"event_name":"Falling","player_choice":"Removed Attack","floor":45.0,"gold_loss":0.0,"damage_taken":0.0}],"is_beta":false,"boss_relics":[{"not_picked":["WristBlade","Velvet Choker"],"picked":"Astrolabe"},{"not_picked":["Philosopher\u0027s Stone","Black Star"],"picked":"HoveringKite"}],"items_purged_floors":[12,19,22],"is_endless":false,"potions_floor_spawned":[2,3,13,14,18,24,33,42,47,48],"killed_by":"Donu and Deca","ascension_level":20}}