{"host":"2se5dq1do2gp0x9k","time":1614063714,"event":{"mods":["AchievementEnabler","BaseMod","Block Reminder","Colored Map","Colored Powertips","Minty Spire (QoL Compilation)","Relic Stats","StSLib","SuperFastMode"],"gold_per_floor":[117,130,147,160,160,189,13,41,67,67,86,36,52,52,52,142,142,163,163,181,181,181,181],"floor_reached":22,"language":"ENG","playtime":840,"items_purged":["Strike_G"],"score":392,"play_id":"12586c74-2ba3-407a-a7dd-7216e82a582b","local_time":"20210222230154","is_ascension_mode":true,"campfire_choices":[{"floor":10.0,"key":"REST"},{"data":"Accuracy","floor":15.0,"key":"SMITH"}],"circlet_count":0,"master_deck":["AscendersBane","Strike_G","Strike_G","Strike_G+1","Strike_G","Defend_G","Defend_G","Defend_G","Defend_G","Defend_G","Survivor","Neutralize+1","Cloak And Dagger","Poisoned Stab","Blade Dance","Infinite Blades","Leg Sweep","Footwork","Accuracy+1","PiercingWail","Prepared","Acrobatics","Die Die Die","Calculated Gamble","RitualDagger","PiercingWail"],"relics":["Black Star","FossilizedHelix","Smiling Mask","Membership Card","Juzu Bracelet","Dream Catcher","Golden Idol","WristBlade","Nloth\u0027s Gift"],"acts_visited":["Exordium","TheCity"],"potions_floor_usage":[20],"damage_taken":[{"damage":3.0,"enemies":"Cultist","floor":1.0,"turns":4.0},{"damage":1.0,"enemies":"Jaw Worm","floor":2.0,"turns":6.0},{"damage":6.0,"enemies":"Small Slimes","floor":3.0,"turns":4.0},{"damage":6.0,"enemies":"Looter","floor":4.0,"turns":4.0},{"damage":22.0,"enemies":"Lagavulin","floor":6.0,"turns":9.0},{"damage":16.0,"enemies":"3 Sentries","floor":8.0,"turns":11.0},{"damage":0.0,"enemies":"3 Louse","floor":11.0,"turns":3.0},{"damage":0.0,"enemies":"Red Slaver","floor":13.0,"turns":4.0},{"damage":12.0,"enemies":"Slime Boss","floor":16.0,"turns":11.0},{"damage":11,"enemies":"Shell Parasite","floor":18,"turns":6},{"damage":16,"enemies":"3 Byrds","floor":20,"turns":5},{"damage":27,"enemies":"Sentry and Sphere","floor":22,"turns":4}],"seed_played":"279055451754196981","potions_obtained":[{"floor":2.0,"key":"SneckoOil"},{"floor":3.0,"key":"SkillPotion"},{"floor":4.0,"key":"Energy Potion"},{"floor":20,"key":"Fruit Juice"}],"is_trial":false,"path_per_floor":["M","M","M","M","?","E","$","E","T","R","M","$","M","?","R","B",null,"M","?","M","?","M"],"character_chosen":"THE_SILENT","items_purchased":["Membership Card","Footwork"],"campfire_rested":1,"item_purchase_floors":[7,7],"current_hp_per_floor":[56,55,49,43,43,21,21,5,5,24,24,24,24,24,24,12,48,37,31,20,20,0,0],"gold":181,"neow_bonus":"BOSS_RELIC","is_daily":false,"chose_seed":false,"campfire_upgraded":1,"win_rate":0.0,"timestamp":1614063714,"path_taken":["M","M","M","M","?","E","$","E","T","R","M","$","M","?","R","BOSS","M","?","M","?","M"],"items_purchased_type":["Relic","Card"],"build_version":"2020-12-22","purchased_purges":1,"victory":false,"max_hp_per_floor":[66,66,66,66,66,66,66,66,66,66,66,66,66,60,60,60,60,60,60,65,65,65,65],"relic_stats":{"Dream Catcher":1,"counters":[12,71],"Golden Idol":26,"Black Star":2,"Juzu Bracelet":1,"Nloth\u0027s Gift":0,"Smiling Mask":-12,"obtain_stats":[{"Dream Catcher":9,"WristBlade":17,"Golden Idol":14,"Black Star":0,"Juzu Bracelet":8,"Nloth\u0027s Gift":21,"Membership Card":7,"Whetstone":8,"Smiling Mask":6,"FossilizedHelix":6,"Ring of the Snake":0},{"Dream Catcher":6,"WristBlade":9,"Golden Idol":8,"Black Star":0,"Juzu Bracelet":6,"Nloth\u0027s Gift":11,"Membership Card":5,"Whetstone":6,"Smiling Mask":5,"FossilizedHelix":5,"Ring of the Snake":0},{"Dream Catcher":38,"WristBlade":56,"Golden Idol":45,"Black Star":0,"Juzu Bracelet":38,"Nloth\u0027s Gift":67,"Membership Card":27,"Whetstone":38,"Smiling Mask":27,"FossilizedHelix":27,"Ring of the Snake":0}]},"card_choices":[{"not_picked":["Slice","Tactician"],"picked":"Cloak And Dagger","floor":1.0},{"not_picked":["Deadly Poison","Outmaneuver"],"picked":"Poisoned Stab","floor":2.0},{"not_picked":["Backflip","Tactician"],"picked":"Blade Dance","floor":3.0},{"not_picked":["Dodge and Roll","Deadly Poison"],"picked":"Infinite Blades","floor":4.0},{"not_picked":["Caltrops","Reflex"],"picked":"Leg Sweep","floor":6.0},{"not_picked":["Night Terror","Deadly Poison"],"picked":"Accuracy","floor":8.0},{"not_picked":["Underhanded Strike","Sucker Punch"],"picked":"PiercingWail","floor":10.0},{"not_picked":["Crippling Poison","Outmaneuver"],"picked":"Prepared","floor":11.0},{"not_picked":["Catalyst","Tactician"],"picked":"Acrobatics","floor":13.0},{"not_picked":["Tools of the Trade","Unload"],"picked":"Die Die Die","floor":16.0},{"not_picked":["Quick Slash","Riddle With Holes"],"picked":"Calculated Gamble","floor":18},{"not_picked":["Backstab","Poisoned Stab+1"],"picked":"PiercingWail","floor":20}],"player_experience":4129356,"relics_obtained":[{"floor":6.0,"key":"FossilizedHelix"},{"floor":6.0,"key":"Smiling Mask"},{"floor":8.0,"key":"Juzu Bracelet"},{"floor":8.0,"key":"Whetstone"},{"floor":9.0,"key":"Dream Catcher"}],"event_choices":[{"damage_healed":0.0,"max_hp_gain":0.0,"max_hp_loss":0.0,"gold_gain":0.0,"event_name":"Lab","player_choice":"Got Potions","floor":5.0,"gold_loss":0.0,"damage_taken":0.0},{"damage_healed":0.0,"max_hp_gain":0.0,"max_hp_loss":6.0,"gold_gain":0.0,"event_name":"Golden Idol","player_choice":"Lose Max HP","floor":14.0,"gold_loss":0.0,"damage_taken":0.0,"relics_obtained":["Golden Idol"]},{"damage_healed":0,"gold_gain":0,"player_choice":"Joined the Cult","damage_taken":6,"max_hp_gain":0,"max_hp_loss":0,"event_name":"Nest","floor":19,"gold_loss":0,"cards_obtained":["RitualDagger"]},{"damage_healed":0,"gold_gain":0,"player_choice":"Traded Relic","damage_taken":0,"relics_obtained":["Nloth\u0027s Gift"],"max_hp_gain":0,"max_hp_loss":0,"event_name":"N\u0027loth","floor":21,"relics_lost":["Whetstone"],"gold_loss":0}],"is_beta":false,"boss_relics":[{"not_picked":["Runic Dome","Philosopher\u0027s Stone"],"picked":"WristBlade"}],"items_purged_floors":[12],"is_endless":false,"potions_floor_spawned":[2,3,4,20],"killed_by":"Sentry and Sphere","ascension_level":20}}