{"host":"7wi4qgm5yw4j7oz0","time":1614092615,"event":{"mods":["AchievementEnabler","BaseMod","Block Reminder","Colored Map","Colored Powertips","Highlight Path","Minty Spire (QoL Compilation)","Permanent Neow","Random Character Button","StSLib","SuperFastMode","everything is the same but u backflip on backflip"],"gold_per_floor":[119,394,405,330,330,365,365,384,407,433,433,460,460,480,480,480,480],"floor_reached":16,"language":"KOR","playtime":467,"items_purged":["Regret"],"score":311,"play_id":"bc29ffce-e80f-4b91-a892-f10262c61bd5","local_time":"20210224000335","is_ascension_mode":true,"campfire_choices":[{"floor":7.0,"key":"REST"},{"floor":11.0,"key":"REST"},{"floor":13.0,"key":"REST"},{"data":"Demon Form","floor":15.0,"key":"SMITH"}],"circlet_count":0,"master_deck":["AscendersBane","Strike_R","Strike_R","Strike_R","Strike_R","Strike_R","Defend_R","Defend_R","Defend_R","Defend_R","Bash","Brutality","Spot Weakness","Cleave","Demon Form+1","Sword Boomerang","Second Wind","Feel No Pain","Disarm"],"relics":["Burning Blood","Blood Vial","InkBottle","Smiling Mask","Bag of Preparation","Anchor"],"acts_visited":["Exordium"],"potions_floor_usage":[16],"damage_taken":[{"damage":7.0,"enemies":"Cultist","floor":1.0,"turns":4.0},{"damage":9.0,"enemies":"Jaw Worm","floor":3.0,"turns":3.0},{"damage":30.0,"enemies":"Lagavulin","floor":6.0,"turns":6.0},{"damage":9.0,"enemies":"2 Louse","floor":8.0,"turns":2.0},{"damage":45.0,"enemies":"3 Sentries","floor":10.0,"turns":6.0},{"damage":25.0,"enemies":"Lagavulin","floor":12.0,"turns":7.0},{"damage":14.0,"enemies":"Lots of Slimes","floor":14.0,"turns":4.0},{"damage":60,"enemies":"The Guardian","floor":16,"turns":10}],"seed_played":"7472975444335924390","potions_obtained":[{"floor":1.0,"key":"Fire Potion"},{"floor":8.0,"key":"Fruit Juice"},{"floor":12.0,"key":"Swift Potion"}],"is_trial":false,"path_per_floor":["M","?","M","$","T","E","R","M","T","E","R","E","R","M","R","B"],"character_chosen":"IRONCLAD","items_purchased":[],"campfire_rested":3,"item_purchase_floors":[],"current_hp_per_floor":[67,67,64,64,64,42,64,68,68,31,55,38,62,56,56,0,0],"gold":480,"neow_bonus":"ONE_RANDOM_RARE_CARD","is_daily":false,"chose_seed":false,"campfire_upgraded":1,"win_rate":0.0,"timestamp":1614092615,"path_taken":["M","?","M","$","?","E","R","?","T","E","R","E","R","M","R","BOSS"],"items_purchased_type":[],"build_version":"2020-12-22","purchased_purges":1,"victory":false,"max_hp_per_floor":[75,75,75,75,75,75,75,80,80,80,80,80,80,80,80,80,80],"card_choices":[{"not_picked":["Shockwave","Rupture"],"picked":"Spot Weakness","floor":1.0},{"not_picked":["True Grit","Shrug It Off"],"picked":"Cleave","floor":3.0},{"not_picked":["Heavy Blade","Brutality"],"picked":"Demon Form","floor":6.0},{"not_picked":["Body Slam","Iron Wave"],"picked":"Sword Boomerang","floor":8.0},{"not_picked":["Heavy Blade","Anger"],"picked":"Second Wind","floor":10.0},{"not_picked":["Clothesline","Reckless Charge"],"picked":"Feel No Pain","floor":12.0},{"not_picked":["Pommel Strike","Cleave"],"picked":"Disarm","floor":14.0}],"player_experience":360306,"relics_obtained":[{"floor":5.0,"key":"Blood Vial"},{"floor":6.0,"key":"InkBottle"},{"floor":9.0,"key":"Smiling Mask"},{"floor":10.0,"key":"Bag of Preparation"},{"floor":12.0,"key":"Anchor"}],"event_choices":[{"damage_healed":0.0,"max_hp_gain":0.0,"max_hp_loss":0.0,"gold_gain":275.0,"event_name":"Golden Shrine","player_choice":"Desecrate","floor":2.0,"gold_loss":0.0,"damage_taken":0.0,"cards_obtained":["Regret"]}],"is_beta":false,"boss_relics":[],"items_purged_floors":[4],"is_endless":false,"potions_floor_spawned":[1,8,12],"killed_by":"The Guardian","ascension_level":17}}