{"host":"2l5k2wp87eek7qja","time":1614104952,"event":{"mods":["BaseMod","Colored Map","Minty Spire (QoL Compilation)","Relic Stats"],"gold_per_floor":[15,29,44,63,81,81,110,110,155,155,187,187,262,282,282,282,282],"floor_reached":16,"language":"ENG","playtime":427,"items_purged":[],"score":224,"play_id":"e5e88752-ea62-415a-8a90-ac083679f0b6","local_time":"20210223202912","is_ascension_mode":true,"campfire_choices":[{"data":"Glass Knife","floor":6,"key":"SMITH"},{"data":"Neutralize","floor":8,"key":"SMITH"},{"data":"Accuracy","floor":10,"key":"SMITH"},{"data":"Footwork","floor":12,"key":"SMITH"},{"floor":15,"key":"REST"}],"circlet_count":0,"master_deck":["AscendersBane","Strike_G","Strike_G","Strike_G","Strike_G","Strike_G","Defend_G","Defend_G","Defend_G","Defend_G","Defend_G","Survivor","Neutralize+1","Glass Knife+1","Flying Knee","Accuracy+1","Dagger Spray","Dash","Footwork+1","Phantasmal Killer"],"relics":["Ring of the Snake","Art of War","Bag of Preparation","Kunai"],"acts_visited":["Exordium"],"potions_floor_usage":[5,7,16],"damage_taken":[{"damage":2,"enemies":"Small Slimes","floor":1,"turns":4},{"damage":0,"enemies":"Jaw Worm","floor":2,"turns":4},{"damage":0,"enemies":"Cultist","floor":3,"turns":2},{"damage":6,"enemies":"Looter","floor":4,"turns":4},{"damage":1,"enemies":"Blue Slaver","floor":5,"turns":4},{"damage":3,"enemies":"Gremlin Nob","floor":7,"turns":3},{"damage":29,"enemies":"3 Sentries","floor":11,"turns":12},{"damage":0,"enemies":"Exordium Wildlife","floor":14,"turns":2},{"damage":33,"enemies":"Hexaghost","floor":16,"turns":11}],"seed_played":"-3703048894107970674","potions_obtained":[{"floor":3,"key":"FearPotion"},{"floor":4,"key":"BlessingOfTheForge"},{"floor":14,"key":"Fruit Juice"}],"is_trial":false,"path_per_floor":["M","M","M","M","M","R","E","R","T","R","E","R","?","M","R","B"],"character_chosen":"THE_SILENT","items_purchased":[],"campfire_rested":1,"item_purchase_floors":[],"current_hp_per_floor":[57,57,57,51,50,50,47,47,47,47,18,18,7,7,26,0,0],"gold":282,"neow_bonus":"THREE_RARE_CARDS","is_daily":false,"chose_seed":false,"campfire_upgraded":4,"win_rate":0.0,"timestamp":1614104952,"path_taken":["M","M","M","M","M","R","E","R","T","R","E","R","?","M","R","BOSS"],"items_purchased_type":[],"build_version":"2020-12-22","purchased_purges":0,"victory":false,"max_hp_per_floor":[66,66,66,66,66,66,66,66,66,66,66,66,66,66,66,71,71],"relic_stats":{"counters":[9,46],"Art of War":[1],"Bag of Preparation":[6],"Kunai":[4],"obtain_stats":[{"Art of War":7,"Bag of Preparation":9,"Kunai":11,"Ring of the Snake":0},{"Art of War":6,"Bag of Preparation":6,"Kunai":7,"Ring of the Snake":0},{"Art of War":21,"Bag of Preparation":21,"Kunai":33,"Ring of the Snake":0}],"Ring of the Snake":[18]},"card_choices":[{"not_picked":["Corpse Explosion","Envenom"],"picked":"Glass Knife","floor":0},{"not_picked":["Acrobatics","Endless Agony","Flechettes"],"picked":"SKIP","floor":1},{"not_picked":["Backflip","Outmaneuver"],"picked":"Flying Knee","floor":2},{"not_picked":["Deadly Poison","Slice"],"picked":"Accuracy","floor":3},{"not_picked":["Dagger Throw","Deadly Poison"],"picked":"Dagger Spray","floor":4},{"not_picked":["Bane","Deadly Poison","Choke"],"picked":"SKIP","floor":5},{"not_picked":["All Out Attack","Eviscerate"],"picked":"Dash","floor":7},{"not_picked":["Poisoned Stab","Deflect"],"picked":"Footwork","floor":11},{"not_picked":["Prepared","Acrobatics"],"picked":"Phantasmal Killer","floor":14}],"player_experience":867121,"relics_obtained":[{"floor":7,"key":"Art of War"},{"floor":9,"key":"Bag of Preparation"},{"floor":11,"key":"Kunai"}],"event_choices":[{"damage_healed":0,"gold_gain":75,"player_choice":"Gather Gold","damage_taken":11,"max_hp_gain":0,"max_hp_loss":0,"event_name":"World of Goop","floor":13,"gold_loss":0}],"is_beta":false,"boss_relics":[],"items_purged_floors":[],"is_endless":false,"potions_floor_spawned":[3,4,14],"killed_by":"Hexaghost","ascension_level":20}}