{"host":"8rgpnls124hwjv5t","time":1614049841,"event":{"mods":["BaseMod","Colored Map","Colored Powertips","DeckTracker","Highlight Path","Minty Spire (QoL Compilation)","Permanent Neow","Quick Restart","Relic Stats","Shop Mod","StSLib"],"gold_per_floor":[118,136,156,175,11,11,37,37,37,37,37,37],"floor_reached":11,"language":"ENG","playtime":591,"items_purged":[],"score":142,"play_id":"2dd9d4be-af9d-4482-a139-ceadd35674f0","local_time":"20210222221041","is_ascension_mode":true,"campfire_choices":[{"data":"Noxious Fumes","floor":6,"key":"SMITH"},{"floor":8,"key":"REST"},{"data":"Infinite Blades","floor":10,"key":"SMITH"}],"circlet_count":0,"master_deck":["AscendersBane","Strike_G","Strike_G","Strike_G","Defend_G","Defend_G","Defend_G","Defend_G","Defend_G","Survivor","Neutralize","Noxious Fumes+1","Tactician","Poisoned Stab","Dagger Throw","Crippling Poison","Deflect","Infinite Blades+1"],"relics":["Ring of the Snake","Membership Card","Vajra","Question Card"],"acts_visited":["Exordium"],"potions_floor_usage":[4,7,7,11],"damage_taken":[{"damage":0,"enemies":"Small Slimes","floor":1,"turns":4},{"damage":7,"enemies":"Jaw Worm","floor":2,"turns":4},{"damage":0,"enemies":"2 Louse","floor":3,"turns":2},{"damage":0,"enemies":"2 Fungi Beasts","floor":4,"turns":2},{"damage":29,"enemies":"Gremlin Nob","floor":7,"turns":4},{"damage":28,"enemies":"3 Sentries","floor":11,"turns":4}],"seed_played":"-2560127510081123403","potions_obtained":[{"floor":1,"key":"LiquidBronze"},{"floor":3,"key":"Explosive Potion"},{"floor":4,"key":"Poison Potion"},{"floor":7,"key":"ColorlessPotion"}],"is_trial":false,"path_per_floor":["M","M","M","M","$","R","E","R","T","R","E"],"character_chosen":"THE_SILENT","items_purchased":["Membership Card"],"campfire_rested":1,"item_purchase_floors":[5],"current_hp_per_floor":[44,37,37,37,37,37,8,27,27,27,0,0],"gold":37,"neow_bonus":"TRANSFORM_TWO_CARDS","is_daily":false,"chose_seed":false,"campfire_upgraded":2,"win_rate":0.0,"timestamp":1614049841,"path_taken":["M","M","M","M","$","R","E","R","T","R","E"],"items_purchased_type":["Relic"],"build_version":"2020-12-22","purchased_purges":0,"victory":false,"max_hp_per_floor":[66,66,66,66,66,66,66,66,66,66,66,66],"relic_stats":{"counters":[6,20],"Question Card":0,"obtain_stats":[{"Vajra":7,"Membership Card":5,"Question Card":9,"Ring of the Snake":0},{"Vajra":5,"Membership Card":4,"Question Card":5,"Ring of the Snake":0},{"Vajra":16,"Membership Card":12,"Question Card":16,"Ring of the Snake":0}],"Ring of the Snake":[12]},"card_choices":[{"not_picked":["Infinite Blades","Eviscerate"],"picked":"Poisoned Stab","floor":1},{"not_picked":["Backflip","Distraction"],"picked":"Dagger Throw","floor":2},{"not_picked":["Underhanded Strike","Dodge and Roll"],"picked":"Crippling Poison","floor":3},{"not_picked":["Sucker Punch","Accuracy"],"picked":"Deflect","floor":4},{"not_picked":["Adrenaline","Prepared"],"picked":"Infinite Blades","floor":7}],"player_experience":642145,"relics_obtained":[{"floor":7,"key":"Vajra"},{"floor":9,"key":"Question Card"}],"event_choices":[],"is_beta":false,"boss_relics":[],"items_purged_floors":[],"is_endless":false,"potions_floor_spawned":[1,3,4,7],"killed_by":"3 Sentries","ascension_level":19}}