{"host":"9brt9rggm379u2p7","time":1614096900,"event":{"mods":["AchievementEnabler","BaseMod","Highlight Path","Minty Spire (QoL Compilation)","Permanent Neow","Quick Restart","SuperFastMode"],"gold_per_floor":[159,172,192,192,31,63,63,96,164,180,215,226,253,282,282,282,282],"floor_reached":16,"language":"ENG","playtime":734,"items_purged":["Strike_R"],"score":248,"play_id":"b3d67045-243c-4e6a-ab4d-514135eedf78","local_time":"20210224011500","is_ascension_mode":true,"campfire_choices":[{"data":"Armaments","floor":7,"key":"SMITH"},{"floor":15,"key":"REST"}],"circlet_count":0,"master_deck":["AscendersBane","Strike_R","Strike_R+1","Strike_R","Defend_R","Defend_R","Defend_R","Defend_R","Bash","Power Through","Body Slam","Dual Wield","Armaments+1","Impervious","Feel No Pain","Impervious","Warcry","Shrug It Off","Fire Breathing"],"relics":["Tiny House","StoneCalendar","Strawberry","Letter Opener","CeramicFish"],"acts_visited":["Exordium"],"potions_floor_usage":[6,6,8,11,12,13,13,14,14,14],"damage_taken":[{"damage":2,"enemies":"Small Slimes","floor":1,"turns":4},{"damage":18,"enemies":"Cultist","floor":2,"turns":5},{"damage":9,"enemies":"Jaw Worm","floor":3,"turns":3},{"damage":15,"enemies":"Lagavulin","floor":6,"turns":8},{"damage":8,"enemies":"Gremlin Nob","floor":8,"turns":4},{"damage":6,"enemies":"Large Slime","floor":10,"turns":7},{"damage":13,"enemies":"Lagavulin","floor":11,"turns":12},{"damage":8,"enemies":"3 Louse","floor":12,"turns":5},{"damage":0,"enemies":"2 Fungi Beasts","floor":13,"turns":4},{"damage":0,"enemies":"Gremlin Gang","floor":14,"turns":5},{"damage":29,"enemies":"Hexaghost","floor":16,"turns":9}],"seed_played":"-4690049203287313348","potions_obtained":[{"floor":0,"key":"EntropicBrew"},{"floor":3,"key":"Strength Potion"},{"floor":11,"key":"Swift Potion"},{"floor":12,"key":"EntropicBrew"},{"floor":13,"key":"Weak Potion"}],"is_trial":false,"path_per_floor":["M","M","M","?","$","E","R","E","T","M","E","M","M","M","R","B"],"character_chosen":"IRONCLAD","items_purchased":["Feel No Pain"],"campfire_rested":1,"item_purchase_floors":[5],"current_hp_per_floor":[71,53,44,44,44,29,29,28,28,22,9,1,1,1,27,0,0],"gold":282,"neow_bonus":"BOSS_RELIC","is_daily":false,"chose_seed":false,"campfire_upgraded":1,"win_rate":0.0,"timestamp":1614096900,"path_taken":["M","M","M","?","?","E","R","E","T","?","E","M","M","M","R","BOSS"],"items_purchased_type":["Card"],"build_version":"2020-12-22","purchased_purges":1,"victory":false,"max_hp_per_floor":[80,80,80,80,80,80,80,87,87,87,87,87,87,87,87,87,87],"card_choices":[{"not_picked":["Perfected Strike","Clash"],"picked":"Power Through","floor":0},{"not_picked":["Havoc","Headbutt"],"picked":"Body Slam","floor":1},{"not_picked":["Thunderclap","Inflame"],"picked":"Dual Wield","floor":2},{"not_picked":["Sever Soul","Disarm"],"picked":"Armaments","floor":3},{"not_picked":["Havoc","Pommel Strike"],"picked":"Impervious","floor":6},{"not_picked":["Perfected Strike","Iron Wave"],"picked":"Warcry","floor":8},{"not_picked":["Reckless Charge","Flex","Iron Wave"],"picked":"SKIP","floor":10},{"not_picked":["Carnage","Pommel Strike","Combust"],"picked":"SKIP","floor":11},{"not_picked":["Headbutt","Clash","Limit Break"],"picked":"SKIP","floor":12},{"not_picked":["Sword Boomerang","Thunderclap"],"picked":"Shrug It Off","floor":13},{"not_picked":["Clash","Twin Strike"],"picked":"Fire Breathing","floor":14}],"player_experience":436791,"relics_obtained":[{"floor":6,"key":"StoneCalendar"},{"floor":8,"key":"Strawberry"},{"floor":9,"key":"Letter Opener"},{"floor":11,"key":"CeramicFish"}],"event_choices":[{"damage_healed":0,"gold_gain":0,"cards_transformed":["Strike_R"],"player_choice":"Transformed","damage_taken":0,"max_hp_gain":0,"max_hp_loss":0,"event_name":"Transmorgrifier","floor":4,"gold_loss":0,"cards_obtained":["Impervious"]}],"is_beta":false,"boss_relics":[],"items_purged_floors":[5],"is_endless":false,"potions_floor_spawned":[3,11,12,13],"killed_by":"Hexaghost","ascension_level":20}}