{"host":"1bzbl1adcbkdzqlf","time":1614107585,"event":{"mods":["BaseMod","Minty Spire (QoL Compilation)","Slay the Relics Exporter"],"gold_per_floor":[113,127,138,138,138,168,168,207,253,253,279,298,324,344,344,427,427,449,477,310,327,41,77,86,126,152,170,14,14,37,47,56,56,56],"floor_reached":33,"language":"ENG","playtime":3685,"items_purged":["Strike_R","Strike_R"],"score":583,"play_id":"4aa99ac8-9970-4b79-a19c-82ebd88dac70","local_time":"20210223131305","is_ascension_mode":true,"campfire_choices":[{"floor":7,"key":"REST"},{"data":"Uppercut","floor":10,"key":"SMITH"},{"data":"Inflame","floor":15,"key":"SMITH"},{"floor":32,"key":"REST"}],"circlet_count":0,"master_deck":["AscendersBane","Strike_R","Defend_R","Defend_R+1","Defend_R+1","Defend_R","Bash","Uppercut+1","Pummel","Iron Wave","Disarm","Shrug It Off","Inflame+1","Reaper","Shrug It Off","Flex+1","Feed","Fire Breathing","Second Wind","RitualDagger","Fiend Fire","Body Slam","Flame Barrier","Wild Strike","Reckless Charge+1","Wild Strike+1"],"relics":["Burning Blood","Toy Ornithopter","Singing Bowl","War Paint","CeramicFish","Nunchaku","Mark of Pain","Medical Kit","Membership Card","MealTicket","Blue Candle","Dream Catcher","Bag of Preparation"],"acts_visited":["Exordium","TheCity"],"potions_floor_usage":[8,11,11,16,23,25,30,33,33],"damage_taken":[{"damage":10,"enemies":"Small Slimes","floor":1,"turns":3},{"damage":2,"enemies":"Cultist","floor":2,"turns":4},{"damage":9,"enemies":"Jaw Worm","floor":3,"turns":5},{"damage":55,"enemies":"3 Sentries","floor":6,"turns":9},{"damage":24,"enemies":"Gremlin Nob","floor":8,"turns":4},{"damage":1,"enemies":"Exordium Wildlife","floor":11,"turns":5},{"damage":6,"enemies":"Looter","floor":12,"turns":3},{"damage":16,"enemies":"Red Slaver","floor":13,"turns":4},{"damage":0,"enemies":"Exordium Wildlife","floor":14,"turns":4},{"damage":61,"enemies":"Hexaghost","floor":16,"turns":11},{"damage":12,"enemies":"Chosen","floor":18,"turns":4},{"damage":12,"enemies":"Spheric Guardian","floor":19,"turns":5},{"damage":5,"enemies":"Snecko","floor":21,"turns":5},{"damage":63,"enemies":"Gremlin Leader","floor":23,"turns":9},{"damage":51,"enemies":"Slavers","floor":25,"turns":8},{"damage":18,"enemies":"3 Cultists","floor":30,"turns":5},{"damage":42,"enemies":"Centurion and Healer","floor":31,"turns":7},{"damage":84,"enemies":"Collector","floor":33,"turns":7}],"seed_played":"8004442942689504055","potions_obtained":[{"floor":1,"key":"ElixirPotion"},{"floor":6,"key":"PowerPotion"},{"floor":8,"key":"EntropicBrew"},{"floor":14,"key":"Energy Potion"},{"floor":19,"key":"ElixirPotion"},{"floor":21,"key":"Dexterity Potion"},{"floor":25,"key":"EssenceOfSteel"},{"floor":29,"key":"DuplicationPotion"},{"floor":30,"key":"SteroidPotion"}],"is_trial":false,"path_per_floor":["M","M","M","?","?","E","R","E","T","R","M","M","M","M","R","B",null,"M","M","$","M","$","E","?","E","T","?","$","?","M","M","R","B"],"character_chosen":"IRONCLAD","items_purchased":["Medical Kit","Membership Card","Feed","Fire Breathing","Bag of Preparation","Wild Strike"],"campfire_rested":2,"item_purchase_floors":[20,22,22,22,28,28],"current_hp_per_floor":[64,68,65,70,70,23,47,34,34,34,49,51,41,49,49,14,68,69,73,73,87,87,48,42,18,18,18,33,33,47,29,56,0,0],"gold":56,"neow_bonus":"RANDOM_COMMON_RELIC","is_daily":false,"chose_seed":false,"campfire_upgraded":2,"win_rate":0.0,"timestamp":1614107585,"path_taken":["M","M","M","?","?","E","R","E","T","R","M","?","M","M","R","BOSS","M","M","$","M","$","E","?","E","T","?","?","?","M","M","R","BOSS"],"items_purchased_type":["Relic","Relic","Card","Card","Relic","Card"],"build_version":"2020-12-22","purchased_purges":2,"victory":false,"max_hp_per_floor":[75,75,75,80,80,82,82,82,82,82,82,84,84,86,86,86,86,86,86,86,88,88,88,88,88,88,88,88,88,88,90,90,90,90],"card_choices":[{"not_picked":["Sever Soul","Blood for Blood"],"picked":"Uppercut","floor":1},{"not_picked":["True Grit","Entrench"],"picked":"Pummel","floor":2},{"not_picked":["Feel No Pain","Anger"],"picked":"Iron Wave","floor":3},{"not_picked":["Twin Strike","Warcry","Iron Wave"],"picked":"Singing Bowl","floor":6},{"not_picked":["Fire Breathing","Clothesline"],"picked":"Disarm","floor":8},{"not_picked":["Perfected Strike","Fire Breathing"],"picked":"Shrug It Off","floor":11},{"not_picked":["Sever Soul","Whirlwind","Bludgeon"],"picked":"Singing Bowl","floor":12},{"not_picked":["Spot Weakness","Cleave"],"picked":"Inflame","floor":13},{"not_picked":["Pommel Strike","Clothesline","Wild Strike"],"picked":"Singing Bowl","floor":14},{"not_picked":["Immolate","Juggernaut"],"picked":"Reaper","floor":16},{"not_picked":["Hemokinesis","Inflame"],"picked":"Shrug It Off","floor":18},{"not_picked":["Iron Wave","Metallicize"],"picked":"Flex+1","floor":19},{"not_picked":["Havoc","Warcry+1","Sword Boomerang"],"picked":"Singing Bowl","floor":21},{"not_picked":["Feel No Pain","Clothesline"],"picked":"Second Wind","floor":23},{"not_picked":["Shockwave","Shrug It Off"],"picked":"Fiend Fire","floor":25},{"not_picked":["Havoc","True Grit"],"picked":"Reckless Charge+1","floor":30},{"not_picked":["Uppercut","Shrug It Off","Iron Wave"],"picked":"Singing Bowl","floor":31},{"not_picked":["Pommel Strike+1","Havoc+1"],"picked":"Wild Strike+1","floor":32}],"player_experience":509598,"relics_obtained":[{"floor":6,"key":"War Paint"},{"floor":8,"key":"CeramicFish"},{"floor":9,"key":"Nunchaku"},{"floor":23,"key":"MealTicket"},{"floor":25,"key":"Blue Candle"},{"floor":26,"key":"Dream Catcher"}],"event_choices":[{"damage_healed":0,"gold_gain":0,"player_choice":"Donut","damage_taken":0,"max_hp_gain":5,"max_hp_loss":0,"event_name":"Big Fish","floor":4,"gold_loss":0},{"damage_healed":0,"gold_gain":0,"player_choice":"Gave Potion","damage_taken":0,"relics_obtained":["Singing Bowl"],"max_hp_gain":0,"max_hp_loss":0,"event_name":"WeMeetAgain","floor":5,"gold_loss":0},{"damage_healed":0,"gold_gain":0,"player_choice":"Joined the Cult","damage_taken":6,"max_hp_gain":0,"max_hp_loss":0,"event_name":"Nest","floor":24,"gold_loss":0,"cards_obtained":["RitualDagger"]},{"damage_healed":0,"gold_gain":0,"cards_transformed":["Strike_R","Strike_R"],"player_choice":"Became Test Subject","damage_taken":0,"max_hp_gain":0,"max_hp_loss":0,"event_name":"Drug Dealer","floor":27,"gold_loss":0,"cards_obtained":["Body Slam","Flame Barrier"]},{"damage_healed":0,"gold_gain":0,"player_choice":"Got Potions","damage_taken":0,"max_hp_gain":0,"max_hp_loss":0,"event_name":"Lab","floor":29,"gold_loss":0}],"is_beta":false,"boss_relics":[{"not_picked":["Philosopher\u0027s Stone","SacredBark"],"picked":"Mark of Pain"}],"items_purged_floors":[22,28],"is_endless":false,"potions_floor_spawned":[1,6,8,14,19,21,25,30],"killed_by":"Collector","ascension_level":19}}