{"host":"2ifzph3yvi2kkz1c","time":1614061349,"event":{"mods":["BaseMod","BetterRewards","Colored Map","Conspire","Minty Spire (QoL Compilation)","Permanent Neow","Replay The Spire","StSLib"],"gold_per_floor":[114,124,142,142,142,173,173,201,201,201,214,247,257,207,207,308,308,318,243,243,1,19,45,45,62,62,81,81,116,116,126,126,223,223,239,0,15,15,25,25,38,54,77,103,116,145,145,70,70,70,70,70,19,53,53],"floor_reached":56,"language":"ENG","playtime":1949,"items_purged":["Strike_R"],"score":1847,"play_id":"23643580-06bf-439a-816d-d06eaacd79ad","local_time":"20210223012229","is_ascension_mode":true,"campfire_choices":[{"data":"True Grit","floor":7,"key":"SMITH"},{"floor":10,"key":"REST"},{"data":"True Grit","floor":15,"key":"SMITH"},{"data":"Searing Blow","floor":24,"key":"SMITH"},{"data":"Searing Blow+1","floor":28,"key":"SMITH"},{"data":"Brutality","floor":30,"key":"SMITH"},{"data":"Searing Blow+2","floor":32,"key":"SMITH"},{"data":"Searing Blow+4","floor":40,"key":"SMITH"},{"data":"Searing Blow+5","floor":47,"key":"SMITH"},{"data":"Searing Blow+6","floor":49,"key":"SMITH"},{"data":"Searing Blow+7","floor":52,"key":"SMITH"}],"circlet_count":0,"master_deck":["AscendersBane","Strike_R+1","Strike_R+1","Defend_R+1","Defend_R","Defend_R","Defend_R+1","Bash+1","ReplayTheSpireMod:Corrosion Curse","Cleave","True Grit+1","Metallicize","Searing Blow+8","True Grit+1","Brutality+1","Shockwave","Wild Strike+1","Rupture+1","Shockwave","Replay:Undeath\u0027s Touch+1","conspire:ExplosiveBarrier+1"],"relics":["Burning Blood","Ring of Searing","Replay:WaspNest","Meat on the Bone","Whetstone","Replay:Wax Seal","Coffee Dripper","Paper Frog","Oddly Smooth Stone","War Paint","Replay:Ringing Soul","conspire:RunicOctahedron","Onion Ring","Replay:Baseball","Blue Doll","Singing Bowl","Centennial Puzzle"],"acts_visited":["Exordium","TheCity","TheBeyond","TheEnding"],"potions_floor_usage":[6,12,55],"damage_taken":[{"damage":0,"enemies":"Small Slimes","floor":1,"turns":3},{"damage":7,"enemies":"Jaw Worm","floor":2,"turns":4},{"damage":0,"enemies":"2 Louse","floor":3,"turns":3},{"damage":55,"enemies":"Lagavulin","floor":6,"turns":8},{"damage":26,"enemies":"3 Sentries","floor":8,"turns":8},{"damage":6,"enemies":"Red Slaver","floor":11,"turns":4},{"damage":19,"enemies":"conspire:MimicChest","floor":12,"turns":6},{"damage":8,"enemies":"Blue Slaver","floor":13,"turns":3},{"damage":25,"enemies":"Hexaghost","floor":16,"turns":8},{"damage":21,"enemies":"Chosen","floor":18,"turns":4},{"damage":24,"enemies":"2 Thieves","floor":22,"turns":4},{"damage":40,"enemies":"Slavers","floor":23,"turns":3},{"damage":16,"enemies":"conspire:HollyBat","floor":25,"turns":6},{"damage":12,"enemies":"3 Cultists","floor":27,"turns":5},{"damage":28,"enemies":"conspire:SneckoGhost","floor":29,"turns":6},{"damage":9,"enemies":"Chosen and Byrds","floor":31,"turns":4},{"damage":36,"enemies":"conspire:MysteriousRune","floor":33,"turns":6},{"damage":24,"enemies":"3 Shapes","floor":35,"turns":5},{"damage":5,"enemies":"Orb Walker","floor":37,"turns":3},{"damage":26,"enemies":"Sphere and 2 Shapes","floor":39,"turns":4},{"damage":11,"enemies":"Spire Growth","floor":41,"turns":4},{"damage":4,"enemies":"Transient","floor":42,"turns":5},{"damage":28,"enemies":"Nemesis","floor":44,"turns":5},{"damage":20,"enemies":"Sphere and 2 Shapes","floor":45,"turns":5},{"damage":5,"enemies":"R_Hoarder","floor":46,"turns":6},{"damage":35,"enemies":"Time Eater","floor":50,"turns":6},{"damage":66,"enemies":"Shield and Spear","floor":54,"turns":4},{"damage":71,"enemies":"The Heart","floor":55,"turns":5}],"seed_played":"-5236557628974451942","potions_obtained":[{"floor":1,"key":"Adrenaline Potion"},{"floor":6,"key":"SteroidPotion"},{"floor":12,"key":"BlessingOfTheForge"},{"floor":16,"key":"Reflective Coating"},{"floor":31,"key":"FairyPotion"},{"floor":37,"key":"Dexterity Potion"}],"is_trial":false,"path_per_floor":["M","M","M","?","?","E","R","E","T","R","M","?","M","?","R","B",null,"M","?","?","$","M","E","R","M","T","M","R","E","R","M","R","B",null,"M","$","M","?","M","R","M","M","T","E","M","E","R","$","R","B",null,"R","$","E","B",null],"character_chosen":"IRONCLAD","items_purchased":["Paper Frog","Onion Ring","conspire:ExplosiveBarrier+1"],"campfire_rested":1,"item_purchase_floors":[21,36,53],"current_hp_per_floor":[78,77,80,80,80,31,31,11,11,35,47,46,56,56,56,49,72,57,57,42,42,36,34,34,36,36,42,42,32,32,41,41,23,70,52,52,53,53,45,45,52,54,54,47,45,60,60,60,60,43,78,78,81,35,31],"gold":53,"neow_bonus":"UPGRADE_CARD","is_daily":false,"chose_seed":false,"campfire_upgraded":10,"win_rate":0.0,"timestamp":1614061349,"path_taken":["M","M","M","?","?","E","R","E","T","R","M","?","?","?","R","BOSS","M","?","?","?","M","E","R","M","T","M","R","E","R","M","R","BOSS","M","$","M","?","M","R","M","M","T","E","M","E","R","$","R","BOSS","R","$","E","BOSS"],"items_purchased_type":["Relic","Relic","Card"],"build_version":"2020-12-22","purchased_purges":1,"victory":true,"max_hp_per_floor":[80,80,80,80,80,80,80,80,80,80,80,80,80,80,80,80,80,80,80,85,85,85,85,85,85,85,85,85,85,85,85,85,85,85,85,85,85,85,85,85,85,85,85,88,88,90,90,90,90,90,90,90,93,95,95],"card_choices":[{"not_picked":["Abandon","Replay:Undeath\u0027s Touch"],"picked":"ReplayTheSpireMod:Corrosion Curse","floor":1},{"not_picked":["Life Link","Power Through"],"picked":"Cleave","floor":2},{"not_picked":["Reckless Charge","Havoc"],"picked":"True Grit","floor":3},{"not_picked":["Twin Strike","Second Wind","Perfected Strike"],"picked":"SKIP","floor":6},{"not_picked":["Havoc","Replay:Undeath\u0027s Touch"],"picked":"Metallicize","floor":8},{"not_picked":["Pommel Strike","Body Slam"],"picked":"Searing Blow","floor":11},{"not_picked":["Clash","Fire Breathing"],"picked":"True Grit","floor":12},{"not_picked":["Second Wind","Uppercut"],"picked":"Brutality","floor":13},{"not_picked":["Inflame","True Grit+1"],"picked":"Shockwave","floor":18},{"not_picked":["True Grit","ReplayTheSpireMod:Corrosion Curse"],"picked":"Wild Strike+1","floor":22},{"not_picked":["Perfected Strike","Blood for Blood"],"picked":"Rupture+1","floor":23},{"not_picked":["Thunderclap","Armaments","Body Slam+1"],"picked":"SKIP","floor":25},{"not_picked":["ReplayTheSpireMod:Strike From Hell","Cleave"],"picked":"Shockwave","floor":27},{"not_picked":["Heavy Blade","Berserk","Second Wind"],"picked":"SKIP","floor":29},{"not_picked":["Perfected Strike","Havoc","Sentinel"],"picked":"SKIP","floor":31},{"not_picked":["Flex","Havoc","True Grit"],"picked":"SKIP","floor":35},{"not_picked":["Cleave+1","Anger","Wild Strike"],"picked":"SKIP","floor":37},{"not_picked":["Fiend Fire","Run Through","Uppercut"],"picked":"SKIP","floor":39},{"not_picked":["Headbutt","Perfected Strike+1","Clothesline"],"picked":"SKIP","floor":41},{"not_picked":["Clothesline+1","Shrug It Off","Inflame"],"picked":"SKIP","floor":42},{"not_picked":["Flex","Thunderclap+1"],"picked":"Replay:Undeath\u0027s Touch+1","floor":44},{"not_picked":["Cleave+1","Second Wind","Rage+1"],"picked":"SKIP","floor":45},{"not_picked":["Warcry","conspire:Purge","Spot Weakness+1"],"picked":"Singing Bowl","floor":46},{"not_picked":["Searing Blow+1","Power Through","Flex+1"],"picked":"Singing Bowl","floor":54}],"player_experience":373143,"relics_obtained":[{"floor":5,"key":"Ring of Searing"},{"floor":6,"key":"Replay:WaspNest"},{"floor":8,"key":"Meat on the Bone"},{"floor":9,"key":"Whetstone"},{"floor":12,"key":"Replay:Wax Seal"},{"floor":23,"key":"Oddly Smooth Stone"},{"floor":26,"key":"War Paint"},{"floor":29,"key":"Replay:Ringing Soul"},{"floor":43,"key":"Replay:Baseball"},{"floor":44,"key":"Blue Doll"},{"floor":46,"key":"Singing Bowl"},{"floor":54,"key":"Centennial Puzzle"}],"event_choices":[{"damage_healed":0,"gold_gain":0,"player_choice":"Ignored","damage_taken":0,"max_hp_gain":0,"max_hp_loss":0,"event_name":"Liars Game","floor":4,"gold_loss":0},{"cards_removed":["Strike_R"],"damage_healed":0,"gold_gain":0,"player_choice":"Card Removal","damage_taken":0,"max_hp_gain":0,"max_hp_loss":0,"event_name":"The Cleric","floor":14,"gold_loss":50},{"cards_removed":["Strike_R"],"damage_healed":0,"gold_gain":0,"player_choice":"Gave Gold","damage_taken":0,"max_hp_gain":0,"max_hp_loss":0,"event_name":"Beggar","floor":19,"gold_loss":75},{"damage_healed":0,"gold_gain":0,"player_choice":"Shed Blood","damage_taken":20,"max_hp_gain":5,"max_hp_loss":0,"event_name":"Forgotten Altar","floor":20,"gold_loss":0},{"damage_healed":0,"gold_gain":0,"player_choice":"Upgraded","damage_taken":0,"max_hp_gain":0,"max_hp_loss":0,"event_name":"Upgrade Shrine","floor":38,"gold_loss":0,"cards_upgraded":["Searing Blow"]}],"is_beta":false,"boss_relics":[{"not_picked":["Honey Jar","Electric Blood"],"picked":"Coffee Dripper"},{"not_picked":["Kintsugi","Replay:Drink Me"],"picked":"conspire:RunicOctahedron"}],"items_purged_floors":[48],"is_endless":false,"potions_floor_spawned":[1,6,12,16,18,23,27,31,37,41,42,44,45,54],"ascension_level":11}}