{"host":"tjq6rykv202u6iqx","time":1614107527,"event":{"mods":["AchievementEnabler","BaseMod","Minty Spire (QoL Compilation)","Rare Cards Sparkle","Relic Stats"],"gold_per_floor":[16,35,49,224,4,4,16,26,26,57,72,72,147,158,158,255,255,265,278,278,292,391,391,391],"floor_reached":23,"language":"ENG","playtime":547,"items_purged":["Doubt"],"score":220,"play_id":"4f6674b8-b47a-4785-b05a-4c9df5c6e783","local_time":"20210223131207","is_ascension_mode":false,"campfire_choices":[{"data":"Flex","floor":6.0,"key":"SMITH"},{"data":"Bash","floor":12,"key":"SMITH"},{"data":"Bludgeon","floor":15,"key":"SMITH"}],"circlet_count":0,"master_deck":["Strike_R","Strike_R","Strike_R","Strike_R","Strike_R","Defend_R","Defend_R","Bash+1","Flex+1","Bloodletting","Bludgeon+1","Clash","Pummel","Feed","Spot Weakness+1","Hemokinesis"],"relics":["Black Blood","Orrery","Champion Belt","Frozen Egg 2"],"acts_visited":["Exordium","TheCity"],"potions_floor_usage":[23,23],"damage_taken":[{"damage":12.0,"enemies":"2 Louse","floor":1.0,"turns":2.0},{"damage":6.0,"enemies":"Small Slimes","floor":2.0,"turns":3.0},{"damage":9.0,"enemies":"Jaw Worm","floor":3.0,"turns":2.0},{"damage":15.0,"enemies":"Exordium Thugs","floor":7.0,"turns":4.0},{"damage":9.0,"enemies":"Large Slime","floor":8.0,"turns":3.0},{"damage":3,"enemies":"Gremlin Nob","floor":10,"turns":2},{"damage":23,"enemies":"Lots of Slimes","floor":11,"turns":4},{"damage":10,"enemies":"Blue Slaver","floor":14,"turns":2},{"damage":24,"enemies":"Hexaghost","floor":16,"turns":6},{"damage":23,"enemies":"2 Thieves","floor":18,"turns":3},{"damage":10,"enemies":"Chosen","floor":19,"turns":4},{"damage":41,"enemies":"Snake Plant","floor":21,"turns":4},{"damage":61,"enemies":"Gremlin Leader","floor":23,"turns":5}],"seed_played":"-2080395868276331461","potions_obtained":[{"floor":3.0,"key":"BloodPotion"},{"floor":8,"key":"ColorlessPotion"},{"floor":11,"key":"SmokeBomb"},{"floor":16,"key":"Explosive Potion"},{"floor":18,"key":"AttackPotion"}],"is_trial":false,"path_per_floor":["M","M","M","?","$","R","M","M","T","E","M","R","?","M","R","B",null,"M","M","?","M","?","E"],"character_chosen":"IRONCLAD","items_purchased":["Orrery"],"campfire_rested":0,"item_purchase_floors":[5],"current_hp_per_floor":[74,74,71,71,71,71,62,59,59,62,45,45,34,30,30,12,80,72,74,74,45,45,0,0],"gold":391,"neow_bonus":"REMOVE_TWO","is_daily":false,"chose_seed":false,"campfire_upgraded":3,"win_rate":0.0,"timestamp":1614107527,"path_taken":["M","M","M","?","$","R","M","M","T","E","M","R","?","M","R","BOSS","M","M","?","M","?","E"],"items_purchased_type":["Relic"],"build_version":"2020-12-22","purchased_purges":1,"victory":false,"max_hp_per_floor":[80,80,80,80,80,80,80,80,80,80,80,80,80,80,80,80,80,83,83,83,83,83,83,83],"relic_stats":{"counters":[13,44],"Black Blood":90,"Champion Belt":[8],"obtain_stats":[{"Orrery":5,"Black Blood":17,"Champion Belt":9,"Frozen Egg 2":10,"Burning Blood":0},{"Orrery":3,"Black Blood":9,"Champion Belt":5,"Frozen Egg 2":6,"Burning Blood":0},{"Orrery":7,"Black Blood":28,"Champion Belt":14,"Frozen Egg 2":16,"Burning Blood":0}]},"card_choices":[{"not_picked":["Body Slam","Iron Wave"],"picked":"Flex","floor":1.0},{"not_picked":["Pommel Strike","Searing Blow"],"picked":"Bloodletting","floor":2.0},{"not_picked":["Entrench","Perfected Strike","Searing Blow"],"picked":"SKIP","floor":3.0},{"not_picked":["Sword Boomerang","True Grit"],"picked":"Bludgeon","floor":5.0},{"not_picked":["Clash","Dual Wield","Intimidate"],"picked":"SKIP","floor":7.0},{"not_picked":["Dual Wield","Intimidate"],"picked":"Clash","floor":7.0},{"not_picked":["Burning Pact","Heavy Blade","Intimidate"],"picked":"SKIP","floor":8},{"not_picked":["Twin Strike","Fire Breathing+1"],"picked":"Pummel","floor":10},{"not_picked":["Dropkick","Pommel Strike","Twin Strike"],"picked":"SKIP","floor":11},{"not_picked":["Entrench","Anger","Dual Wield"],"picked":"SKIP","floor":14},{"not_picked":["Impervious","Brutality+1"],"picked":"Feed","floor":16},{"not_picked":["Burning Pact","True Grit"],"picked":"Spot Weakness+1","floor":18},{"not_picked":["Metallicize+1","Havoc","Blood for Blood"],"picked":"SKIP","floor":19},{"not_picked":["Infernal Blade","Havoc","Thunderclap"],"picked":"SKIP","floor":21}],"player_experience":1000584,"relics_obtained":[{"floor":9,"key":"Champion Belt"},{"floor":10,"key":"Frozen Egg 2"}],"event_choices":[{"damage_healed":0.0,"max_hp_gain":0.0,"max_hp_loss":0.0,"gold_gain":175.0,"event_name":"Liars Game","player_choice":"AGREE","floor":4.0,"gold_loss":0.0,"damage_taken":0.0,"cards_obtained":["Doubt"]},{"damage_healed":0,"gold_gain":75,"player_choice":"Gather Gold","damage_taken":11,"max_hp_gain":0,"max_hp_loss":0,"event_name":"World of Goop","floor":13,"gold_loss":0},{"damage_healed":0,"gold_gain":0,"player_choice":"Read","damage_taken":0,"max_hp_gain":0,"max_hp_loss":0,"event_name":"The Library","floor":20,"gold_loss":0,"cards_obtained":["Hemokinesis"]},{"damage_healed":0,"gold_gain":99,"player_choice":"Stole From Cult","damage_taken":0,"max_hp_gain":0,"max_hp_loss":0,"event_name":"Nest","floor":22,"gold_loss":0}],"is_beta":false,"boss_relics":[{"not_picked":["Runic Dome","Busted Crown"],"picked":"Black Blood"}],"items_purged_floors":[5],"is_endless":false,"potions_floor_spawned":[3,8,11,16,18],"killed_by":"Gremlin Leader","ascension_level":0}}