{"host":"nlkpd3ski1rfk80u","time":1614090621,"event":{"mods":["Act Like it!","Arknights","BaseMod","Gensokyo","HololiveMod","Marisa£®ÏF”Í°°ƒß¿Ì…≥£©","Minty Spire (QoL Compilation)","Reimu£®≤©¿ˆ¡È√Œ£©","Remilia£®¿Ÿ√◊¿Ú—«£©","StSLib","The Administrix","WarShipGirlsR/’ΩΩ¢…Ÿ≈ÆR mod","Youmu£®ªÍ∆«—˝√Œ£©","Yuyuko","noobMod"],"gold_per_floor":[119,7,7,7,31,75,87,137,149,199,226,281,316,341,353,495,507,534,546,573,601,631,683,31,66,66,89,17,33,33,67,67,186,186,210,210,210,210,225,264,264,302,302,357,372,101,121,165,165,165,165,165,12,43,43],"floor_reached":56,"language":"ZHS","playtime":5711,"items_purged":["rmod:strick","Regret","Pain"],"score":1585,"play_id":"03c10c17-24af-4a3b-b6cb-1cf29b1b8508","local_time":"20210223223021","is_ascension_mode":true,"campfire_choices":[{"data":"rmod:chargemoney","floor":7.0,"key":"SMITH"},{"data":"rmod:aluminumsupply","floor":15.0,"key":"SMITH"},{"data":"1","floor":30.0,"key":"LIFT"},{"data":"2","floor":32.0,"key":"LIFT"},{"floor":49,"key":"RECALL"},{"data":"3","floor":52,"key":"LIFT"}],"circlet_count":0,"master_deck":["rmod:strick","rmod:strick+1","rmod:defend","rmod:defend","rmod:defend","rmod:defend","rmod:basicallowance","rmod:maingunfire","rmod:luckystar+1","rmod:combined","rmod:chargemoney+1","rmod:fletcherpendant","rmod:supportaircraftcarrier","rmod:unsinkable","rmod:aluminumsupply+1","rmod:guardianhero","rmod:intelligenceanalysis","rmod:supportescort","rmod:highspeedmaneuver","rmod:steelsupply+1","rmod:fletcherpendant","rmod:supportaircraftcarrier+1","rmod:circuitoustactics+1","rmod:expeditionaryescort","rmod:expedition","rmod:fletcher","rmod:ridicule","rmod:lonelyqueen+1","Flash of Steel","Apotheosis","Enlightenment","rmod:fletcherpendant+1","rmod:robin+1","rmod:bulid+1","rmod:salvage+1","rmod:fletcherpendant+1","rmod:fletcherpendant","rmod:fletcherpendant"],"relics":["ice","Matryoshka","Golden Idol","MawBank","Whetstone","Vajra","Pantograph","Mango","Philosopher\u0027s Stone","Kunai","Bag of Preparation","Strange Spoon","Bag of Marbles","Meat on the Bone","Mercury Hourglass","Nunchaku","Girya","Orichalcum","rmod:mogul","rmod:extraamm","WarpedTongs","Pear","rmod:quickrepair","Bird Faced Urn","OrangePellets","Ancient Tea Set","Medical Kit","RuthlessExorcism:ReiMu"],"acts_visited":["Exordium","TheCity","TheBeyond","TheEnding"],"potions_floor_usage":[55],"damage_taken":[{"damage":1.0,"enemies":"2 Louse","floor":1.0,"turns":2.0},{"damage":2.0,"enemies":"Small Slimes","floor":5.0,"turns":3.0},{"damage":35.0,"enemies":"Gremlin Nob","floor":6.0,"turns":4.0},{"damage":7.0,"enemies":"Lagavulin","floor":8.0,"turns":8.0},{"damage":9.0,"enemies":"Gremlin Nob","floor":10.0,"turns":5.0},{"damage":9.0,"enemies":"ats:Genji","floor":11.0,"turns":2.0},{"damage":12.0,"enemies":"3 Sentries","floor":12.0,"turns":5.0},{"damage":0.0,"enemies":"Blue Slaver","floor":13.0,"turns":2.0},{"damage":1.0,"enemies":"3 Louse","floor":14.0,"turns":3.0},{"damage":40.0,"enemies":"The Guardian","floor":16.0,"turns":11.0},{"damage":7.0,"enemies":"Chosen","floor":18.0,"turns":5.0},{"damage":10.0,"enemies":"Spheric Guardian","floor":20.0,"turns":5.0},{"damage":9.0,"enemies":"Snake Plant","floor":21.0,"turns":4.0},{"damage":22.0,"enemies":"Centurion and Healer","floor":22.0,"turns":7.0},{"damage":16.0,"enemies":"Book of Stabbing","floor":23.0,"turns":7.0},{"damage":4.0,"enemies":"Slavers","floor":25.0,"turns":4.0},{"damage":0.0,"enemies":"3 Cultists","floor":27.0,"turns":3.0},{"damage":0.0,"enemies":"Chosen and Byrds","floor":29.0,"turns":3.0},{"damage":0.0,"enemies":"Gremlin Leader","floor":31.0,"turns":5.0},{"damage":0.0,"enemies":"Champ","floor":33.0,"turns":7.0},{"damage":1.0,"enemies":"Orb Walker","floor":35.0,"turns":2.0},{"damage":6.0,"enemies":"3 Shapes","floor":39.0,"turns":1.0},{"damage":2.0,"enemies":"Giant Head","floor":40.0,"turns":6.0},{"damage":9.0,"enemies":"Nemesis","floor":42.0,"turns":5.0},{"damage":22,"enemies":"Reptomancer","floor":44,"turns":4},{"damage":0,"enemies":"Jaw Worm Horde","floor":45,"turns":1},{"damage":21,"enemies":"Writhing Mass","floor":47,"turns":4},{"damage":18,"enemies":"Nemesis","floor":48,"turns":3},{"damage":21,"enemies":"Awakened One","floor":50,"turns":9},{"damage":71,"enemies":"Shield and Spear","floor":54,"turns":7},{"damage":57,"enemies":"The Heart","floor":55,"turns":8}],"seed_played":"-7521562731432893287","potions_obtained":[{"floor":10.0,"key":"Weak Potion"},{"floor":11.0,"key":"Regen Potion"},{"floor":12.0,"key":"SteroidPotion"},{"floor":20.0,"key":"PowerPotion"},{"floor":22.0,"key":"SkillPotion"},{"floor":25.0,"key":"Energy Potion"},{"floor":33.0,"key":"Weak Potion"},{"floor":44,"key":"SmokeBomb"}],"is_trial":false,"path_per_floor":["M","$","?","?","M","E","R","E","T","E","M","E","M","M","R","B",null,"M","?","M","M","M","E","$","E","T","M","$","M","R","E","R","B",null,"M","?","?","?","M","E","?","E","T","E","M","$","M","E","R","B",null,"R","$","E","B",null],"character_chosen":"PRAEFECT","items_purchased":["rmod:chargemoney","Strange Spoon","Bag of Marbles","Meat on the Bone","rmod:expedition","OrangePellets","Medical Kit"],"campfire_rested":0,"item_purchase_floors":[2,24,24,24,28,46,53],"current_hp_per_floor":[74,74,74,56,54,19,19,12,12,72,63,65,65,64,64,49,98,91,91,81,72,65,49,49,57,57,57,57,57,57,57,57,82,98,97,87,87,87,81,79,79,80,80,58,60,60,59,55,55,83,108,108,108,53,43],"gold":43,"neow_bonus":"THREE_CARDS","is_daily":false,"chose_seed":false,"campfire_upgraded":2,"win_rate":0.0,"timestamp":1614090621,"path_taken":["M","$","?","?","M","E","R","E","T","E","M","E","M","M","R","BOSS","M","?","M","M","M","E","$","E","T","M","$","M","R","E","R","BOSS","M","?","?","?","?","E","?","E","T","E","M","$","M","E","R","BOSS","R","$","E","BOSS"],"items_purchased_type":["Card","Relic","Relic","Relic","Card","Relic","Relic"],"build_version":"2020-12-22","purchased_purges":3,"victory":true,"max_hp_per_floor":[75,75,75,75,75,75,75,75,75,76,77,94,95,98,98,98,98,98,98,98,98,98,98,98,98,98,98,98,98,98,98,98,98,98,98,98,98,98,98,98,98,108,108,108,108,108,108,108,108,108,108,108,108,108,108],"card_choices":[{"not_picked":["rmod:victimresponsibility","rmod:selfconfidence"],"picked":"rmod:luckystar","floor":0.0},{"not_picked":["rmod:rockthrower","rmod:ammunitionsupply"],"picked":"rmod:combined","floor":1.0},{"not_picked":["rmod:diamondstrike","rmod:unsinkable"],"picked":"rmod:fletcherpendant","floor":5.0},{"not_picked":["rmod:steelsupply","rmod:wolves"],"picked":"rmod:supportaircraftcarrier","floor":6.0},{"not_picked":["rmod:luckystar","rmod:tearstotiara"],"picked":"rmod:unsinkable","floor":8.0},{"not_picked":["rmod:aviationdawn","rmod:luckystar"],"picked":"rmod:aluminumsupply","floor":10.0},{"not_picked":["rmod:ammunitionsupply","rmod:windflower"],"picked":"rmod:guardianhero","floor":11.0},{"not_picked":["rmod:victimresponsibility","rmod:spoils"],"picked":"rmod:intelligenceanalysis","floor":12.0},{"not_picked":["rmod:smokecover","rmod:luckystar"],"picked":"rmod:supportescort","floor":13.0},{"not_picked":["rmod:smokecover","rmod:aviationdawn","rmod:victimresponsibility"],"picked":"SKIP","floor":14.0},{"not_picked":["rmod:u235","rmod:timeschanged"],"picked":"rmod:highspeedmaneuver","floor":16.0},{"not_picked":["rmod:fletcherpendant","rmod:diamondstrike"],"picked":"rmod:steelsupply+1","floor":18.0},{"not_picked":["rmod:wolves","rmod:spoils+1"],"picked":"rmod:fletcherpendant","floor":20.0},{"not_picked":["rmod:intelligenceanalysis+1","rmod:unsinkable","rmod:supportescort"],"picked":"SKIP","floor":21.0},{"not_picked":["rmod:bulid+1","rmod:advancebysurprise"],"picked":"rmod:supportaircraftcarrier+1","floor":22.0},{"not_picked":["rmod:fletcherpendant","rmod:tearstotiara"],"picked":"rmod:circuitoustactics+1","floor":23.0},{"not_picked":["rmod:aluminumsupply","rmod:steelsupply"],"picked":"rmod:expeditionaryescort","floor":25.0},{"not_picked":["rmod:firesupport+1","rmod:tearstotiara","rmod:aviationdawn"],"picked":"SKIP","floor":27.0},{"not_picked":["rmod:supportescort","rmod:diamondstrike+1","rmod:capitalist"],"picked":"SKIP","floor":29.0},{"not_picked":["rmod:circuitoustactics","rmod:expedition","rmod:unsinkable+1"],"picked":"SKIP","floor":31.0},{"not_picked":["rmod:windflower","rmod:timeschanged"],"picked":"rmod:ridicule","floor":33.0},{"not_picked":["rmod:tearstotiara+1","rmod:unsinkable"],"picked":"rmod:lonelyqueen+1","floor":35.0},{"not_picked":["Deep Breath","Dark Shackles"],"picked":"Flash of Steel","floor":36.0},{"not_picked":["Purity","Magnetism"],"picked":"Apotheosis","floor":36.0},{"not_picked":["Violence","HandOfGreed"],"picked":"Enlightenment","floor":36.0},{"not_picked":["rmod:combined","rmod:diamondstrike+1"],"picked":"rmod:fletcherpendant+1","floor":39.0},{"not_picked":["rmod:launchingtorpedo+1","rmod:steelsupply+1"],"picked":"rmod:robin+1","floor":40.0},{"not_picked":["rmod:robin","rmod:capitalist+1"],"picked":"rmod:bulid+1","floor":42.0},{"not_picked":["rmod:aviationdawn","rmod:spoils+1","rmod:circuitoustactics+1"],"picked":"SKIP","floor":44},{"not_picked":["rmod:circuitoustactics","rmod:fuelsupply","rmod:slowdown"],"picked":"SKIP","floor":45},{"not_picked":["rmod:steelsupply","rmod:generalist","rmod:firesupport+1"],"picked":"SKIP","floor":47},{"not_picked":["rmod:punchline+1","rmod:wife+1"],"picked":"rmod:salvage+1","floor":48},{"not_picked":["rmod:auspiciousomen","rmod:victimresponsibility"],"picked":"rmod:fletcherpendant","floor":54}],"player_experience":43224,"relics_obtained":[{"floor":6.0,"key":"MawBank"},{"floor":8.0,"key":"Whetstone"},{"floor":9.0,"key":"Vajra"},{"floor":10.0,"key":"Pantograph"},{"floor":12.0,"key":"Mango"},{"floor":23.0,"key":"Bag of Preparation"},{"floor":25.0,"key":"Mercury Hourglass"},{"floor":26.0,"key":"Nunchaku"},{"floor":26.0,"key":"Girya"},{"floor":31.0,"key":"Orichalcum"},{"floor":40.0,"key":"rmod:extraamm"},{"floor":42.0,"key":"Pear"},{"floor":43.0,"key":"rmod:quickrepair"},{"floor":44,"key":"Bird Faced Urn"},{"floor":48,"key":"Ancient Tea Set"},{"floor":54,"key":"RuthlessExorcism:ReiMu"}],"event_choices":[{"damage_healed":0.0,"max_hp_gain":0.0,"max_hp_loss":0.0,"gold_gain":0.0,"event_name":"Big Fish","player_choice":"Box","floor":3.0,"gold_loss":0.0,"damage_taken":0.0,"relics_obtained":["Matryoshka"],"cards_obtained":["Regret"]},{"damage_healed":0.0,"max_hp_gain":0.0,"max_hp_loss":0.0,"gold_gain":0.0,"event_name":"Golden Idol","player_choice":"Take Damage","floor":4.0,"gold_loss":0.0,"damage_taken":18.0,"relics_obtained":["Golden Idol"]},{"damage_healed":0.0,"max_hp_gain":0.0,"max_hp_loss":0.0,"gold_gain":0.0,"event_name":"The Mausoleum","player_choice":"Opened","floor":19.0,"gold_loss":0.0,"damage_taken":0.0,"relics_obtained":["Kunai"]},{"damage_healed":0.0,"max_hp_gain":0.0,"max_hp_loss":0.0,"gold_gain":0.0,"event_name":"SensoryStone","player_choice":"Memory 3","floor":36.0,"gold_loss":0.0,"damage_taken":10.0},{"damage_healed":0.0,"max_hp_gain":0.0,"max_hp_loss":0.0,"gold_gain":0.0,"event_name":"Tomb of Lord Red Mask","player_choice":"Ignored","floor":37.0,"gold_loss":0.0,"damage_taken":0.0},{"cards_removed":["rmod:strick"],"damage_healed":0.0,"max_hp_gain":0.0,"max_hp_loss":0.0,"gold_gain":0.0,"event_name":"Falling","player_choice":"Removed Attack","floor":38.0,"gold_loss":0.0,"damage_taken":0.0},{"damage_healed":0.0,"max_hp_gain":0.0,"max_hp_loss":0.0,"gold_gain":0.0,"event_name":"Accursed Blacksmith","player_choice":"Rummage","floor":41.0,"gold_loss":0.0,"damage_taken":0.0,"relics_obtained":["WarpedTongs"],"cards_obtained":["Pain"]}],"is_beta":false,"boss_relics":[{"not_picked":["Runic Dome","Tiny House"],"picked":"Philosopher\u0027s Stone"},{"not_picked":["Sozu","Empty Cage"],"picked":"rmod:mogul"}],"items_purged_floors":[2,24,46],"is_endless":false,"potions_floor_spawned":[10,11,12,13,20,21,22,25,33,39,40,44],"ascension_level":1}}