{"host":"ox77rn1xcurm2t5a","time":1614114213,"event":{"mods":["2.2 Compatiblity","AchievementEnabler","Act Like it!","Aspiration","BaseMod","Best Route Mod","Better Match","Better Note","Better Sensory Stone","Block Reminder","Colored Map","Colored Powertips","Conjunction","Conspire","Custom Start","Energized Spire","GifTheSpireLib","Gold Saver","Gremlin Skip","Halation","Highlight Path","Hubris","Infinite Spire","Minty Spire (QoL Compilation)","Pale of the Ancients","Quick Restart","Reliquary","Replay The Spire","Reworked Bosses","ShortenTheSpire","Spire Exporter","StSLib","Stuff the Spire","Wandering Minibosses"],"gold_per_floor":[968,978,993,438,438,472,472,422,422,438,438,456,456,58,58,153,153,166,177,17,17,37,37,37],"floor_reached":23,"language":"ENG","playtime":628,"items_purged":["Strike_R","Defend_R","Defend_R"],"score":287,"play_id":"9ba8f334-ad4e-4116-9c52-c05ebf3f6724","local_time":"20210223230333","is_ascension_mode":true,"campfire_choices":[{"data":"Metallicize","floor":7,"key":"SMITH"},{"data":"Metallicize","floor":11,"key":"SMITH"},{"floor":13,"key":"RECALL"},{"data":"Bash","floor":15,"key":"SMITH"}],"circlet_count":0,"master_deck":["AscendersBane","Strike_R","Strike_R","Strike_R","Strike_R","Defend_R","Bash+1","Metallicize+1","Cleave","Metallicize+1","Flex","Reaper","Twin Strike+1","Pummel","Sword Boomerang+1"],"relics":["Burning Blood","Orichalcum","infinitespire:Lucky Rock","King of Hearts","StuffTheSpire:GrapeVine","reliquary:FingerTrap","hubris:ScarierMask"],"acts_visited":["Exordium","TheCity"],"potions_floor_usage":[6,10,16,16,16],"damage_taken":[{"damage":8,"enemies":"Jaw Worm","floor":1,"turns":5},{"damage":4,"enemies":"2 Louse","floor":2,"turns":4},{"damage":2,"enemies":"Cultist","floor":3,"turns":4},{"damage":6,"enemies":"Gremlin Nob","floor":6,"turns":5},{"damage":0,"enemies":"Exordium Thugs","floor":10,"turns":5},{"damage":2,"enemies":"2 Fungi Beasts","floor":12,"turns":3},{"damage":36,"enemies":"Fading Forest","floor":16,"turns":11},{"damage":11,"enemies":"Chosen","floor":18,"turns":6},{"damage":2,"enemies":"3 Byrds","floor":19,"turns":5},{"damage":9,"enemies":"Snecko","floor":22,"turns":5},{"damage":91,"enemies":"Book of Stabbing","floor":23,"turns":5}],"seed_played":"6321911968165097202","potions_obtained":[{"floor":6,"key":"Block Potion"},{"floor":10,"key":"LifebloodPotion"},{"floor":16,"key":"Milkshake"}],"is_trial":false,"path_per_floor":["M","M","M","$","?","E","R","?","T","M","R","M","R","$","R","B",null,"M","M","$","?","M","E"],"character_chosen":"IRONCLAD","items_purchased":["Orichalcum","infinitespire:Lucky Rock","Dexterity Potion","LifebloodPotion","Weak Potion","StuffTheSpire:GrapeVine","reliquary:FingerTrap","Pummel"],"campfire_rested":0,"item_purchase_floors":[4,4,4,4,4,14,14,20],"current_hp_per_floor":[70,72,76,76,76,76,76,76,76,80,80,80,80,80,80,55,74,75,80,80,80,80,0,0],"gold":37,"neow_bonus":"HUNDRED_GOLD","is_daily":false,"chose_seed":false,"campfire_upgraded":3,"win_rate":0.0,"timestamp":1614114213,"path_taken":["M","M","M","$","?","E","R","?","T","M","R","M","R","$","R","BOSS","M","M","$","?","M","E"],"items_purchased_type":["Relic","Relic","Potion","Potion","Potion","Relic","Relic","Card"],"build_version":"2020-12-22","purchased_purges":3,"victory":false,"max_hp_per_floor":[80,80,80,80,80,80,80,80,80,80,80,80,80,80,80,80,80,80,80,80,80,80,80,80],"card_choices":[{"not_picked":["Evolve","Heavy Blade"],"picked":"Metallicize","floor":1},{"not_picked":["Havoc","Wild Strike"],"picked":"Cleave","floor":2},{"not_picked":["ReplayTheSpireMod:Corrosion Curse","Wild Strike","Armaments"],"picked":"SKIP","floor":3},{"not_picked":["Run Through","infinitespire:OneForAll"],"picked":"Metallicize","floor":6},{"not_picked":["Anger","Flame Barrier"],"picked":"Flex","floor":10},{"not_picked":["Flex","Shockwave","StuffTheSpire:Slingshot"],"picked":"SKIP","floor":12},{"not_picked":["Fiend Fire","Replay:Many Hands"],"picked":"Reaper","floor":16},{"not_picked":["Replay:Undeath\u0027s Touch","Power Through"],"picked":"Twin Strike+1","floor":18},{"not_picked":["Bloodletting","Warcry+1","hubris:ReadiedAction"],"picked":"SKIP","floor":19},{"not_picked":["Heavy Blade","Armaments+1"],"picked":"Sword Boomerang+1","floor":22}],"player_experience":3235663,"relics_obtained":[{"floor":6,"key":"King of Hearts"}],"event_choices":[{"cards_removed":["Defend_R"],"damage_healed":0,"gold_gain":0,"player_choice":"Card Removal","damage_taken":0,"max_hp_gain":0,"max_hp_loss":0,"event_name":"The Cleric","floor":8,"gold_loss":50},{"damage_healed":0,"gold_gain":0,"player_choice":"Ignored","damage_taken":0,"max_hp_gain":0,"max_hp_loss":0,"event_name":"betterNote:BetterNote","floor":21,"gold_loss":0,"cards_obtained":["Strike_P"]}],"is_beta":false,"boss_relics":[{"not_picked":["infinitespire:Burning Sword","hubris:HollowSoul"],"picked":"hubris:ScarierMask"}],"items_purged_floors":[4,14,20],"is_endless":false,"potions_floor_spawned":[6,10,16],"killed_by":"Book of Stabbing","ascension_level":10}}