{"host":"b1dzdo8uo7e6jx8g","time":1614111896,"event":{"mods":["AchievementEnabler","BaseMod","BetterRewards","Colored Map","Downfall","Highlight Path","Minty Spire (QoL Compilation)","StSLib"],"gold_per_floor":[117,20,20,20,20,56,69,69,93,133,154,169,187,187,187,308,371,394,438,63,63,82,82,121,121,144,157,12,12,32,52,52,182,182,197,197,220,150,250,250,289,289,289],"floor_reached":42,"language":"ENG","playtime":1180,"items_purged":["Defend_B"],"score":599,"play_id":"17146dc4-00cf-493d-9166-99abbfb0def1","local_time":"20210223212456","is_ascension_mode":true,"campfire_choices":[{"data":"Zap","floor":8,"key":"SMITH"},{"data":"Lockon","floor":15,"key":"SMITH"},{"data":"Creative AI","floor":23,"key":"SMITH"},{"floor":25,"key":"REST"},{"floor":29,"key":"REST"},{"floor":32,"key":"REST"},{"floor":40,"key":"REST"}],"circlet_count":0,"master_deck":["Defend_B+1","Defend_B+1","Defend_B+1","Zap+1","Dualcast","Self Repair","Go for the Eyes","Storm+1","Ball Lightning","Amplify","Lockon+1","Ball Lightning","Amplify","Creative AI+1","Conserve Battery","Ball Lightning","Slimebound:Tackle+1","Slimebound:Tackle+1","Slimebound:Tackle+1","Conserve Battery+1","Storm+1","Creative AI","Thunder Strike","Static Discharge","Capacitor","Melter"],"relics":["Cracked Core","NeowsBlessing","Golden Idol","Gremlin Horn","War Paint","Centennial Puzzle","Thread and Needle","Tiny House","Red Mask","Lee\u0027s Waffle","Juzu Bracelet","Ancient Tea Set","Toy Ornithopter","DollysMirror","Cursed Key","Potion Belt"],"acts_visited":["Exordium","TheCity","TheBeyond"],"potions_floor_usage":[19,33,33],"damage_taken":[{"damage":0,"enemies":"Cultist","floor":1,"turns":1},{"damage":0,"enemies":"Gremlin Nob","floor":6,"turns":1},{"damage":0,"enemies":"Small Slimes","floor":7,"turns":1},{"damage":14,"enemies":"Lagavulin","floor":10,"turns":6},{"damage":12,"enemies":"Jaw Worm","floor":11,"turns":3},{"damage":12,"enemies":"Blue Slaver","floor":12,"turns":3},{"damage":12,"enemies":"Exordium Wildlife","floor":13,"turns":3},{"damage":42,"enemies":"Hexaghost","floor":16,"turns":9},{"damage":18,"enemies":"Spheric Guardian","floor":18,"turns":4},{"damage":35,"enemies":"Masked Bandits","floor":19,"turns":5},{"damage":17,"enemies":"3 Byrds","floor":22,"turns":3},{"damage":39,"enemies":"Book of Stabbing","floor":24,"turns":5},{"damage":34,"enemies":"Centurion and Healer","floor":27,"turns":4},{"damage":0,"enemies":"Snecko","floor":30,"turns":3},{"damage":14,"enemies":"3 Cultists","floor":31,"turns":3},{"damage":65,"enemies":"Automaton","floor":33,"turns":8},{"damage":16,"enemies":"3 Shapes","floor":35,"turns":3},{"damage":62,"enemies":"3 Darklings","floor":37,"turns":4},{"damage":34,"enemies":"Reptomancer","floor":41,"turns":6},{"damage":34,"enemies":"Writhing Mass","floor":42,"turns":2}],"seed_played":"2702665225528782383","potions_obtained":[{"floor":7,"key":"Guardian:BlockOnCardUsePotion"},{"floor":11,"key":"DuplicationPotion"},{"floor":16,"key":"EntropicBrew"},{"floor":17,"key":"EssenceOfSteel"},{"floor":22,"key":"Weak Potion"},{"floor":37,"key":"SpeedPotion"}],"is_trial":false,"path_per_floor":["M","$","?","?","$","E","M","R","T","E","M","M","M","T","R","B",null,"M","?","$","?","M","R","E","R","T","M","$","R","M","M","R","B",null,"M","?","M","$","?","R","E","M"],"character_chosen":"DEFECT","items_purchased":["Go for the Eyes","Storm","Lee\u0027s Waffle","Juzu Bracelet","DollysMirror","Capacitor"],"campfire_rested":4,"item_purchase_floors":[2,2,20,20,28,38],"current_hp_per_floor":[75,75,75,57,57,57,57,57,57,50,52,54,49,49,49,7,63,59,24,87,87,70,70,31,57,57,30,30,56,63,56,82,27,72,56,87,25,25,25,51,24,0,0],"gold":289,"neow_bonus":"THREE_ENEMY_KILL","is_daily":false,"chose_seed":false,"campfire_upgraded":3,"win_rate":0.0,"timestamp":1614111896,"path_taken":["M","$","?","?","?","E","M","R","T","E","M","M","M","?","R","BOSS","M","?","$","?","M","R","E","R","T","M","$","R","M","M","R","BOSS","M","?","M","?","?","R","E","M"],"items_purchased_type":["Card","Card","Relic","Relic","Relic","Card"],"build_version":"2020-12-22","purchased_purges":1,"victory":false,"max_hp_per_floor":[75,75,75,75,75,75,75,75,75,75,75,75,75,75,75,75,80,80,80,87,87,87,87,87,87,87,87,87,87,87,87,87,87,87,87,87,87,87,87,87,87,87,87],"card_choices":[{"not_picked":["Stack","Coolheaded"],"picked":"Self Repair","floor":1},{"not_picked":["Reinforced Body","Go for the Eyes"],"picked":"Ball Lightning","floor":6},{"not_picked":["Coolheaded","Rebound","Blizzard"],"picked":"SKIP","floor":7},{"not_picked":["Hologram","Barrage"],"picked":"Amplify","floor":10},{"not_picked":["Storm","Turbo"],"picked":"Lockon","floor":11},{"not_picked":["Undo","Sweeping Beam"],"picked":"Ball Lightning","floor":12},{"not_picked":["Heatsinks","Compile Driver"],"picked":"Amplify","floor":13},{"not_picked":["Meteor Strike","Multi-Cast"],"picked":"Creative AI","floor":16},{"not_picked":["Hologram","Redo"],"picked":"Conserve Battery","floor":17},{"not_picked":["Redo+1","Leap"],"picked":"Ball Lightning","floor":18},{"not_picked":["Static Discharge","Recycle"],"picked":"Conserve Battery+1","floor":22},{"not_picked":["Glacier","Redo","Cold Snap+1"],"picked":"SKIP","floor":24},{"not_picked":["Barrage","Auto Shields","Coolheaded+1"],"picked":"SKIP","floor":27},{"not_picked":["Reinforced Body","Go for the Eyes","Stack+1"],"picked":"SKIP","floor":30},{"not_picked":["Darkness+1","Tempest"],"picked":"Creative AI","floor":31},{"not_picked":["Buffer","Echo Form"],"picked":"Thunder Strike","floor":33},{"not_picked":["Cold Snap","Auto Shields","Streamline+1"],"picked":"SKIP","floor":35},{"not_picked":["Rip and Tear","Undo"],"picked":"Static Discharge","floor":37},{"not_picked":["Conserve Battery","Creative AI"],"picked":"Melter","floor":41}],"player_experience":266045,"relics_obtained":[{"floor":6,"key":"Gremlin Horn"},{"floor":9,"key":"War Paint"},{"floor":10,"key":"Centennial Puzzle"},{"floor":14,"key":"Thread and Needle"},{"floor":19,"key":"Red Mask"},{"floor":24,"key":"Ancient Tea Set"},{"floor":26,"key":"Toy Ornithopter"},{"floor":41,"key":"Potion Belt"}],"event_choices":[{"damage_healed":0,"gold_gain":0,"player_choice":"Grow","damage_taken":0,"max_hp_gain":0,"max_hp_loss":0,"event_name":"Living Wall","floor":3,"gold_loss":0,"cards_upgraded":["Storm"]},{"damage_healed":0,"gold_gain":0,"player_choice":"Take Damage","damage_taken":18,"relics_obtained":["Golden Idol"],"max_hp_gain":0,"max_hp_loss":0,"event_name":"Golden Idol","floor":4,"gold_loss":0},{"damage_healed":0,"gold_gain":0,"player_choice":"Fought Bandits","damage_taken":0,"max_hp_gain":0,"max_hp_loss":0,"event_name":"Masked Bandits","floor":19,"gold_loss":0},{"damage_healed":31,"gold_gain":0,"player_choice":"Full Heal","damage_taken":0,"max_hp_gain":0,"max_hp_loss":0,"event_name":"Wheel of Change","floor":36,"gold_loss":0},{"damage_healed":0,"gold_gain":100,"player_choice":"Pray","damage_taken":0,"max_hp_gain":0,"max_hp_loss":0,"event_name":"Golden Shrine","floor":39,"gold_loss":0}],"is_beta":false,"boss_relics":[{"not_picked":["Runic Dome","bronze:MakeshiftBattery"],"picked":"Tiny House"},{"not_picked":["Coffee Dripper","Fusion Hammer"],"picked":"Cursed Key"}],"items_purged_floors":[20],"is_endless":false,"potions_floor_spawned":[7,11,16,22,31,37],"killed_by":"Writhing Mass","ascension_level":5}}