{"host":"fm9e0lfunjlbhzxv","time":1614104040,"event":{"mods":["Alarm Clock","BaseMod","Bestiary","Better Match","Better Skull","Better Third Choice","Colored Map","Colored Powertips","Downfall","Good Game Mod","Key Reminder","Minty Spire (QoL Compilation)","Permanent Neow","Random Character Button","Rare Cards Sparkle","Relic Stats","Spire Arcade","StSLib","slay the spire mod where everything is the same but ironclad has a cowboy hat"],"gold_per_floor":[99,113,130,149,134,169,195,195,195,195,195],"floor_reached":9,"language":"ENG","playtime":525,"items_purged":[],"score":64,"play_id":"02f7e84f-4b2c-414e-9f56-6f5394662eaf","local_time":"20210223101400","is_ascension_mode":true,"campfire_choices":[{"floor":1,"key":"RECALL"}],"circlet_count":0,"master_deck":["hexamod:Strike","hexamod:Strike","hexamod:Strike","hexamod:Strike","hexamod:Defend","hexamod:Defend","hexamod:Defend","hexamod:Defend","hexamod:Sear","hexamod:Float","expansioncontent:Chronoboost","hexamod:SkipABeat","hexamod:HauntingEcho","hexamod:GhostOfSpirePast","hexamod:HauntingEcho","hexamod:GiftsFromTheDead"],"relics":["REME:ComplimentaryCards","Sozu","keyreminder:keyreminder","Art of War","Bronze Scales","Orichalcum"],"acts_visited":["Exordium"],"potions_floor_usage":[],"damage_taken":[{"damage":1,"enemies":"Cultist","floor":2,"turns":3},{"damage":0,"enemies":"2 Louse","floor":3,"turns":2},{"damage":7,"enemies":"Small Slimes","floor":4,"turns":4},{"damage":5,"enemies":"downfall:FleeingMerchant","floor":5,"turns":4},{"damage":38,"enemies":"Gremlin Nob","floor":6,"turns":5},{"damage":13,"enemies":"3 Sentries","floor":9,"turns":2}],"seed_played":"-1733292846019379588","potions_obtained":[],"is_trial":false,"path_per_floor":["R","M","M","M","$","E","T","?","E"],"character_chosen":"THE_SPIRIT","items_purchased":[],"campfire_rested":0,"item_purchase_floors":[],"current_hp_per_floor":[70,69,69,62,57,19,19,7,0,0,0],"gold":195,"neow_bonus":"BOSS_RELIC","is_daily":false,"chose_seed":false,"campfire_upgraded":0,"win_rate":0.0,"timestamp":1614104040,"path_taken":["R","M","?","M","$","E","T","?","E"],"items_purchased_type":[],"build_version":"2020-12-22","purchased_purges":0,"victory":false,"max_hp_per_floor":[70,70,70,70,70,70,70,70,70,70,70],"relic_stats":{"Sozu":3,"counters":[6,20],"Bronze Scales":[6],"Art of War":[0],"Orichalcum":[0],"obtain_stats":[{"Sozu":0,"keyreminder:keyreminder":1,"REME:ComplimentaryCards":0,"Bronze Scales":7,"Art of War":6,"Orichalcum":8,"hexamod:SpiritBrand":0},{"Sozu":0,"keyreminder:keyreminder":0,"REME:ComplimentaryCards":0,"Bronze Scales":5,"Art of War":5,"Orichalcum":5,"hexamod:SpiritBrand":0},{"Sozu":0,"keyreminder:keyreminder":0,"REME:ComplimentaryCards":0,"Bronze Scales":18,"Art of War":18,"Orichalcum":18,"hexamod:SpiritBrand":0}]},"card_choices":[{"not_picked":["hexamod:GhostShield","hexamod:FlamesFromBeyond"],"picked":"hexamod:SkipABeat","floor":2},{"not_picked":["hexamod:DynamicBlow","hexamod:Rewind"],"picked":"hexamod:HauntingEcho","floor":3},{"not_picked":["hexamod:Firestarter","hexamod:CatchUp"],"picked":"hexamod:GhostOfSpirePast","floor":4},{"not_picked":["hexamod:Firestarter","hexamod:GhostOfSpireFuture"],"picked":"hexamod:HauntingEcho","floor":5},{"not_picked":["hexamod:GhostOfSpirePast","hexamod:FourthSeal"],"picked":"hexamod:GiftsFromTheDead","floor":6}],"player_experience":586040,"relics_obtained":[{"floor":6,"key":"Art of War"},{"floor":7,"key":"Bronze Scales"}],"event_choices":[{"damage_healed":0,"gold_gain":0,"player_choice":"Relic ","damage_taken":12,"max_hp_gain":0,"max_hp_loss":0,"event_name":"betterThird:BetterScrap","floor":8,"gold_loss":0,"cards_obtained":["Fire Breathing"]}],"is_beta":false,"boss_relics":[],"items_purged_floors":[],"is_endless":false,"potions_floor_spawned":[2,3,6],"killed_by":"3 Sentries","ascension_level":1}}