{"host":"tgqjap25jvjx3f06","time":1614084218,"event":{"mods":["BaseMod","DeckTracker","Dota2Spire","Minty Spire (QoL Compilation)","Quick Restart","Relic Filter Mod","Replay The Spire","Shop Mod","StSLib","óô»ðÖ¸ÄÏ"],"gold_per_floor":[118,68,68,68,343,343,383,407,407,421,440,455,455,48,48,48,48],"floor_reached":16,"language":"ZHS","playtime":511,"items_purged":["Regret"],"score":142,"play_id":"c1214bd5-752e-44b2-947d-4fb251d26a5c","local_time":"20210223204338","is_ascension_mode":true,"campfire_choices":[{"data":"Dualcast","floor":6.0,"key":"SMITH"},{"data":"Coolheaded","floor":15.0,"key":"SMITH"}],"circlet_count":0,"master_deck":["Strike_B","Strike_B","Strike_B","Defend_B","Defend_B","Defend_B","Defend_B","Zap","Dualcast+1","Reboot","Coolheaded+1","BootSequence","FIFO Queue+1"],"relics":["Cracked Core","NeowsBlessing","Golden Idol","ReplayFunnel","Frozen Egg 2","Dota2Spire:AghanimScepter"],"acts_visited":["Exordium"],"potions_floor_usage":[16],"damage_taken":[{"damage":0.0,"enemies":"2 Louse","floor":1.0,"turns":1.0},{"damage":0.0,"enemies":"Lagavulin","floor":7.0,"turns":1.0},{"damage":0.0,"enemies":"Small Slimes","floor":8.0,"turns":1.0},{"damage":0.0,"enemies":"Cultist","floor":10.0,"turns":3.0},{"damage":6.0,"enemies":"Large Slime","floor":11.0,"turns":4.0},{"damage":14.0,"enemies":"Looter","floor":12.0,"turns":4.0},{"damage":0.0,"enemies":"Gremlin Nob","floor":13.0,"turns":1.0},{"damage":23,"enemies":"Slime Boss","floor":16,"turns":15}],"seed_played":"-3073394997369960444","potions_obtained":[{"floor":10.0,"key":"SkillPotion"},{"floor":11.0,"key":"SmokeBomb"},{"floor":12.0,"key":"Weak Potion"}],"is_trial":false,"path_per_floor":["M","?","?","?","?","R","E","M","T","M","M","M","E","$","R","B"],"character_chosen":"DEFECT","items_purchased":["Dota2Spire:AghanimScepter","FIFO Queue+1"],"campfire_rested":0,"item_purchase_floors":[14,14],"current_hp_per_floor":[75,75,57,45,45,45,45,45,45,45,39,25,25,25,25,2,2],"gold":48,"neow_bonus":"THREE_ENEMY_KILL","is_daily":false,"chose_seed":false,"campfire_upgraded":2,"win_rate":0.0,"timestamp":1614084218,"path_taken":["M","?","?","?","?","R","E","?","T","M","M","M","E","$","R","BOSS"],"items_purchased_type":["Relic","Card"],"build_version":"2020-12-22","purchased_purges":1,"victory":false,"max_hp_per_floor":[75,75,75,75,75,75,75,75,75,75,75,75,75,75,75,75,75],"card_choices":[{"not_picked":["Turbo","Steam","Leap"],"picked":"SKIP","floor":1.0},{"not_picked":["Steam","ReplaySolidLightProjector","Undo"],"picked":"SKIP","floor":7.0},{"not_picked":["Leap","Steam Power"],"picked":"Reboot","floor":8.0},{"not_picked":["Reprogram","Rebound"],"picked":"Coolheaded","floor":10.0},{"not_picked":["Sweeping Beam","Static Discharge+1","Steam"],"picked":"SKIP","floor":11.0},{"not_picked":["Rebound","ReplayTheSpireMod:Reroute Power"],"picked":"BootSequence","floor":12.0}],"player_experience":347214,"relics_obtained":[{"floor":7.0,"key":"Frozen Egg 2"}],"event_choices":[{"cards_removed":["Strike_B"],"damage_healed":0.0,"max_hp_gain":0.0,"max_hp_loss":0.0,"gold_gain":0.0,"event_name":"The Cleric","player_choice":"Card Removal","floor":2.0,"gold_loss":50.0,"damage_taken":0.0},{"damage_healed":0.0,"max_hp_gain":0.0,"max_hp_loss":0.0,"gold_gain":0.0,"event_name":"Golden Idol","player_choice":"Take Damage","floor":3.0,"gold_loss":0.0,"damage_taken":18.0,"relics_obtained":["Golden Idol"]},{"damage_healed":0.0,"max_hp_gain":0.0,"max_hp_loss":0.0,"gold_gain":0.0,"event_name":"Scrap Ooze","player_choice":"Success","floor":4.0,"gold_loss":0.0,"damage_taken":12.0,"relics_obtained":["ReplayFunnel"]},{"damage_healed":0.0,"max_hp_gain":0.0,"max_hp_loss":0.0,"gold_gain":275.0,"event_name":"Golden Shrine","player_choice":"Desecrate","floor":5.0,"gold_loss":0.0,"damage_taken":0.0,"cards_obtained":["Regret"]}],"is_beta":false,"boss_relics":[],"items_purged_floors":[14],"is_endless":false,"potions_floor_spawned":[10,11,12],"killed_by":"Slime Boss","ascension_level":1}}