{"host":"wqwfknj40rilnol1","time":1614090501,"event":{"mods":["AchievementEnabler","Aspiration","BaseMod","BetterRewards","Block Reminder","Colored Map","Conspire","Highlight Path","Hubris","Minty Spire (QoL Compilation)","Permanent Neow","Quick Restart","Relic Stats","Replay The Spire","Shop Mod","StSLib","The Cursed"],"gold_per_floor":[113,124,144,155,155,155,186,198,210,222,244,276,305,337,349,361,361],"floor_reached":16,"language":"ENG","playtime":478,"items_purged":[],"score":186,"play_id":"49a2d3b1-1753-424f-b44a-26e755397d9e","local_time":"20210223152821","is_ascension_mode":true,"campfire_choices":[{"data":"Uppercut","floor":6,"key":"SMITH"},{"data":"Bash","floor":8,"key":"SMITH"},{"floor":10,"key":"REST"}],"circlet_count":0,"master_deck":["AscendersBane","Strike_R","Strike_R","Strike_R","Strike_R","Strike_R","Defend_R","Defend_R","Defend_R","Defend_R","Bash+1","Ghostly Armor","Headbutt+1","Uppercut+1","Metallicize","Pommel Strike","Shrug It Off","Double Tap","Seeing Red"],"relics":["Burning Blood","Replay:Baseball","Mirror","MawBank","Du-Vu Doll"],"acts_visited":["Exordium"],"potions_floor_usage":[3,16,16],"damage_taken":[{"damage":6,"enemies":"Cultist","floor":1,"turns":4},{"damage":7,"enemies":"Jaw Worm","floor":2,"turns":4},{"damage":16,"enemies":"Small Slimes","floor":3,"turns":3},{"damage":14,"enemies":"Looter","floor":4,"turns":3},{"damage":30,"enemies":"3 Sentries","floor":7,"turns":7},{"damage":12,"enemies":"2 Fungi Beasts","floor":11,"turns":3},{"damage":21,"enemies":"3 Louse","floor":12,"turns":4},{"damage":6,"enemies":"Looter","floor":13,"turns":3},{"damage":10,"enemies":"Blue Slaver","floor":14,"turns":3},{"damage":48,"enemies":"Slime Boss","floor":16,"turns":12}],"seed_played":"3748264355209300977","potions_obtained":[{"floor":1,"key":"SteroidPotion"},{"floor":12,"key":"SkillPotion"},{"floor":13,"key":"DistilledChaos"}],"is_trial":false,"path_per_floor":["M","M","M","M","T","R","E","R","T","R","M","M","M","M","R_BF","B"],"character_chosen":"IRONCLAD","items_purchased":[],"campfire_rested":1,"item_purchase_floors":[],"current_hp_per_floor":[68,67,57,49,49,49,25,25,25,47,41,26,26,22,44,0,0],"gold":361,"neow_bonus":"RANDOM_COMMON_RELIC","is_daily":false,"chose_seed":false,"campfire_upgraded":2,"win_rate":0.0,"timestamp":1614090501,"path_taken":["M","?","?","M","?","R","E","R","T","R","M","M","?","?","R_BF","BOSS"],"items_purchased_type":[],"build_version":"2020-12-22","purchased_purges":0,"victory":false,"max_hp_per_floor":[75,75,75,75,75,75,75,75,75,75,75,75,75,75,75,75,75],"relic_stats":{"counters":[10,46],"MawBank":108,"obtain_stats":[{"Du-Vu Doll":9,"Replay:Baseball":0,"Mirror":5,"MawBank":7,"Burning Blood":0},{"Du-Vu Doll":5,"Replay:Baseball":0,"Mirror":4,"MawBank":5,"Burning Blood":0},{"Du-Vu Doll":21,"Replay:Baseball":0,"Mirror":14,"MawBank":21,"Burning Blood":0}],"Burning Blood":54},"card_choices":[{"not_picked":["Massacre","True Grit"],"picked":"Ghostly Armor","floor":1},{"not_picked":["True Grit","ReplayReversal"],"picked":"Headbutt","floor":2},{"not_picked":["Warcry","Replay:Undeath\u0027s Touch"],"picked":"Uppercut","floor":3},{"not_picked":["Havoc","Searing Blow"],"picked":"Metallicize","floor":4},{"not_picked":["ReplayTheSpireMod:LeadingStrike","Blood for Blood"],"picked":"Pommel Strike","floor":7},{"not_picked":["ReplayTheSpireMod:Muscle Training","Heavy Blade"],"picked":"Shrug It Off","floor":11},{"not_picked":["Thunderclap","Warcry"],"picked":"Double Tap","floor":12},{"not_picked":["Thunderclap","Perfected Strike"],"picked":"Seeing Red","floor":13},{"not_picked":["Anger","hubris:ReadiedAction","ReplayTheSpireMod:Strike From Hell"],"picked":"SKIP","floor":14}],"player_experience":307408,"relics_obtained":[{"floor":5,"key":"Mirror"},{"floor":7,"key":"MawBank"},{"floor":9,"key":"Du-Vu Doll"}],"event_choices":[],"is_beta":false,"boss_relics":[],"items_purged_floors":[],"is_endless":false,"potions_floor_spawned":[1,12,13],"killed_by":"Slime Boss","ascension_level":15}}