{"host":"1mv6gj0zv8k9e9tz","time":1614073385,"event":{"mods":["AchievementEnabler","BaseMod","Better Third Choice","Colored Map","DeckTracker","Highlight Path","KOR Keyword Fix","Keyboard Shortcuts","Minty Spire (QoL Compilation)","Permanent Neow","Quick Restart","Rare Cards Sparkle","StSLib","SuperFastMode","everything is the same but u backflip on backflip"],"gold_per_floor":[112,112,132,150,168,168,201,201,269,23,23,35,35,59,59,59,59],"floor_reached":16,"language":"KOR","playtime":307,"items_purged":[],"score":195,"play_id":"7e796c40-bf1a-4ecb-95b4-1466f96d43cf","local_time":"20210223184305","is_ascension_mode":true,"campfire_choices":[{"data":"Zap","floor":6.0,"key":"SMITH"},{"data":"Coolheaded","floor":8.0,"key":"SMITH"},{"data":"Dualcast","floor":15.0,"key":"SMITH"}],"circlet_count":0,"master_deck":["AscendersBane","Strike_B","Strike_B","Strike_B","Defend_B","Defend_B","Defend_B","Defend_B","Zap+1","Dualcast+1","All For One","Melter","Ball Lightning","Gash","Stack","Coolheaded+1","FTL","Conserve Battery"],"relics":["Cracked Core","Emotion Chip","Frozen Egg 2","Runic Capacitor","Odd Mushroom"],"acts_visited":["Exordium"],"potions_floor_usage":[16],"damage_taken":[{"damage":2.0,"enemies":"Jaw Worm","floor":1.0,"turns":3.0},{"damage":1.0,"enemies":"Cultist","floor":3.0,"turns":3.0},{"damage":1.0,"enemies":"2 Louse","floor":4.0,"turns":2.0},{"damage":3.0,"enemies":"Blue Slaver","floor":5.0,"turns":3.0},{"damage":39.0,"enemies":"Gremlin Nob","floor":7.0,"turns":4.0},{"damage":11.0,"enemies":"Red Slaver","floor":12.0,"turns":2.0},{"damage":0.0,"enemies":"The Mushroom Lair","floor":14.0,"turns":2.0},{"damage":13,"enemies":"The Guardian","floor":16,"turns":4}],"seed_played":"2219797266065100825","potions_obtained":[{"floor":1.0,"key":"Strength Potion"},{"floor":3.0,"key":"FairyPotion"},{"floor":12.0,"key":"Explosive Potion"},{"floor":14.0,"key":"AttackPotion"}],"is_trial":false,"path_per_floor":["M","?","M","M","M","R","E","R","T","$","$","M","$","?","R","B"],"character_chosen":"DEFECT","items_purchased":["Runic Capacitor","FTL"],"campfire_rested":0,"item_purchase_floors":[10,10],"current_hp_per_floor":[44,44,43,42,39,39,21,21,21,21,21,10,10,10,10,0,0],"gold":59,"neow_bonus":"THREE_RARE_CARDS","is_daily":false,"chose_seed":false,"campfire_upgraded":3,"win_rate":0.0,"timestamp":1614073385,"path_taken":["M","?","M","M","M","R","E","R","T","?","$","M","?","?","R","BOSS"],"items_purchased_type":["Relic","Card"],"build_version":"2020-12-22","purchased_purges":0,"victory":false,"max_hp_per_floor":[71,71,71,71,71,71,71,71,71,71,71,71,71,71,71,71,71],"card_choices":[{"not_picked":["Creative AI","Multi-Cast"],"picked":"All For One","floor":0.0},{"not_picked":["Sunder","Aggregate"],"picked":"Melter","floor":1.0},{"not_picked":["Fusion","Barrage"],"picked":"Ball Lightning","floor":3.0},{"not_picked":["Hologram","Barrage"],"picked":"Gash","floor":4.0},{"not_picked":["Rip and Tear","Undo"],"picked":"Stack","floor":5.0},{"not_picked":["Double Energy","Leap"],"picked":"Coolheaded","floor":7.0},{"not_picked":["Lockon","Double Energy"],"picked":"Conserve Battery","floor":12.0}],"player_experience":658836,"relics_obtained":[{"floor":7.0,"key":"Emotion Chip"},{"floor":9.0,"key":"Frozen Egg 2"},{"floor":14.0,"key":"Odd Mushroom"}],"event_choices":[{"cards_removed":["Strike_B"],"damage_healed":0.0,"max_hp_gain":0.0,"max_hp_loss":0.0,"gold_gain":0.0,"event_name":"Bonfire Elementals","player_choice":"Offered Basic","floor":2.0,"gold_loss":0.0,"damage_taken":0.0},{"damage_healed":0.0,"max_hp_gain":0.0,"max_hp_loss":0.0,"gold_gain":0.0,"event_name":"Mushrooms","player_choice":"Fought Mushrooms","floor":14.0,"gold_loss":0.0,"damage_taken":0.0}],"is_beta":false,"boss_relics":[],"items_purged_floors":[],"is_endless":false,"potions_floor_spawned":[1,3,12,14],"killed_by":"The Guardian","ascension_level":19}}