{"host":"2d69zsihwnsihkt1","time":1614091756,"event":{"mods":["AchievementEnabler","Act Like it!","BaseMod","Better Altar","Better Note","Better Skull","Bossed Relics","Colored Map","Colored Powertips","Curses Come First","Displayed Cursed Tome","Googly Eyes","Hermit","Minty Spire (QoL Compilation)","Rare Cards Sparkle","Relic Stats","Replay The Spire","Robot Space Explorer","Shapeshifter Mod","Shop Mod","StSLib","The Forsaken","The Hayseed","The Runesmith"],"gold_per_floor":[112,112,112,139,139,175,199,199,199,199,199,214,234,59,59,190,190,205,39,39,53,53,53,129,129,206,131,174,174,187,187,187],"floor_reached":31,"language":"ENG","playtime":4172,"items_purged":["Delirium"],"score":430,"play_id":"4ed6324d-c49c-4db7-b72e-ea90a4597b67","local_time":"20210223084916","is_ascension_mode":true,"campfire_choices":[{"data":"theForsaken:DarkBarrier","floor":8,"key":"SMITH"},{"floor":11,"key":"REST"},{"data":"theForsaken:DesperatePlea","floor":15,"key":"SMITH"},{"floor":23,"key":"REST"},{"floor":25,"key":"REST"},{"data":"theForsaken:SpreadingPlague","floor":29,"key":"SMITH"}],"circlet_count":0,"master_deck":["theForsaken:TheForsaken_Strike","theForsaken:TheForsaken_Strike","theForsaken:TheForsaken_Strike","theForsaken:TheForsaken_Strike","theForsaken:TheForsaken_Defend","theForsaken:TheForsaken_Defend","theForsaken:TheForsaken_Defend","theForsaken:Smite","theForsaken:Penitence","theForsaken:MagicWeapon","theForsaken:DarkBarrier+1","theForsaken:DesperatePlea+1","theForsaken:DefensiveStance","Bandage Up","theForsaken:SpreadingPlague+1","HandOfGreed","Shame","theForsaken:HealingLight","theForsaken:TearsOfSunlight+1","theForsaken:Bolster"],"relics":["theForsaken:JudgementScales","NeowsBlessing","Golden Idol","Simple Rune","Kunai","Mummified Hand","Shuriken","Cursed Key","PreservedInsect","Ice Cream","Golden Egg","Pantograph"],"acts_visited":["Exordium","TheCity"],"potions_floor_usage":[28,30,31],"damage_taken":[{"damage":0,"enemies":"Jaw Worm","floor":1,"turns":1},{"damage":0,"enemies":"Lagavulin","floor":6,"turns":1},{"damage":0,"enemies":"2 Louse","floor":7,"turns":1},{"damage":0,"enemies":"Small Slimes","floor":12,"turns":4},{"damage":0,"enemies":"2 Fungi Beasts","floor":13,"turns":4},{"damage":0,"enemies":"Slime Boss","floor":16,"turns":12},{"damage":32,"enemies":"3 Byrds","floor":18,"turns":7},{"damage":1,"enemies":"Shell Parasite","floor":21,"turns":6},{"damage":34,"enemies":"Slavers","floor":24,"turns":6},{"damage":15,"enemies":"Book of Stabbing","floor":28,"turns":4},{"damage":64,"enemies":"3 Cultists","floor":30,"turns":7},{"damage":4,"enemies":"Centurion and Healer","floor":31,"turns":1}],"seed_played":"8730399403403784077","potions_obtained":[{"floor":1,"key":"SpeedPotion"},{"floor":7,"key":"Milkshake"},{"floor":18,"key":"AttackPotion"},{"floor":30,"key":"AttackPotion"}],"is_trial":false,"path_per_floor":["M","?","?","T","?","E","M","R","T","?","R","M","M","$","R","B",null,"M","$","?","M","?","R","E","R","T","$","E","R","M","M"],"character_chosen":"THE_FORSAKEN","items_purchased":["theForsaken:DefensiveStance","Bandage Up","HandOfGreed"],"campfire_rested":3,"item_purchase_floors":[14,14,19],"current_hp_per_floor":[65,49,49,49,49,49,49,49,49,42,61,63,65,65,65,65,65,43,43,43,54,54,65,35,54,54,54,48,48,4,0,0],"gold":187,"neow_bonus":"THREE_ENEMY_KILL","is_daily":false,"chose_seed":false,"campfire_upgraded":3,"win_rate":0.0,"timestamp":1614091756,"path_taken":["M","?","?","?","?","E","M","R","T","?","R","M","M","?","R","BOSS","M","$","?","M","?","R","E","R","T","?","E","R","M","M"],"items_purchased_type":["Card","Card","Card"],"build_version":"2020-12-22","purchased_purges":1,"victory":false,"max_hp_per_floor":[65,65,65,65,65,65,65,65,65,65,65,65,65,65,65,65,65,65,65,65,65,65,65,65,65,65,65,65,65,65,65,65],"relic_stats":{"counters":[12,54],"Golden Idol":70,"Mummified Hand":[24],"Shuriken":[6],"Pantograph":0,"PreservedInsect":79,"Kunai":[6],"Cursed Key":1,"obtain_stats":[{"Ice Cream":24,"Golden Egg":26,"NeowsBlessing":0,"Golden Idol":2,"Mummified Hand":9,"Shuriken":10,"Pantograph":28,"Simple Rune":4,"PreservedInsect":22,"Kunai":6,"theForsaken:JudgementScales":0,"Cursed Key":17},{"Ice Cream":9,"Golden Egg":9,"NeowsBlessing":0,"Golden Idol":1,"Mummified Hand":3,"Shuriken":3,"Pantograph":10,"Simple Rune":1,"PreservedInsect":8,"Kunai":2,"theForsaken:JudgementScales":0,"Cursed Key":6},{"Ice Cream":42,"Golden Egg":42,"NeowsBlessing":0,"Golden Idol":1,"Mummified Hand":3,"Shuriken":3,"Pantograph":46,"Simple Rune":1,"PreservedInsect":36,"Kunai":2,"theForsaken:JudgementScales":0,"Cursed Key":23}]},"card_choices":[{"not_picked":["theForsaken:WordOfPower","theForsaken:BlindFaith"],"picked":"theForsaken:MagicWeapon","floor":1},{"not_picked":["theForsaken:ChargeAttack","theForsaken:Backlash","theForsaken:NobleSacrifice"],"picked":"SKIP","floor":6},{"not_picked":["theForsaken:BindingThorns","theForsaken:NobleSacrifice"],"picked":"theForsaken:DarkBarrier","floor":7},{"not_picked":["theForsaken:ScorchingSunlight","theForsaken:DarkBargain","theForsaken:Preservation"],"picked":"SKIP","floor":12},{"not_picked":["theForsaken:QuickAttack","theForsaken:Thunderbolt"],"picked":"theForsaken:DesperatePlea","floor":13},{"not_picked":["theForsaken:CorruptedForm","theForsaken:Retribution"],"picked":"theForsaken:SpreadingPlague","floor":16},{"not_picked":["theForsaken:HymnOfPatience","theForsaken:QuickAttack+1","theForsaken:SpinAttack+1"],"picked":"SKIP","floor":18},{"not_picked":["theForsaken:Eulogy","theForsaken:WordOfPower","theForsaken:DarkBargain"],"picked":"SKIP","floor":21},{"not_picked":["theForsaken:PanicDive","theForsaken:HorrifyingStrike"],"picked":"theForsaken:HealingLight","floor":24},{"not_picked":["theForsaken:CowardsBrand","theForsaken:HymnOfPatience"],"picked":"theForsaken:TearsOfSunlight","floor":28},{"not_picked":["theForsaken:Parry+1","theForsaken:Backlash+1"],"picked":"theForsaken:Bolster","floor":30}],"player_experience":1858268,"relics_obtained":[{"floor":4,"key":"Simple Rune"},{"floor":6,"key":"Kunai"},{"floor":9,"key":"Mummified Hand"},{"floor":24,"key":"Ice Cream"},{"floor":26,"key":"Golden Egg"},{"floor":28,"key":"Pantograph"}],"event_choices":[{"damage_healed":0,"gold_gain":0,"player_choice":"Take Damage","damage_taken":16,"relics_obtained":["Golden Idol"],"max_hp_gain":0,"max_hp_loss":0,"event_name":"Golden Idol","floor":2,"gold_loss":0},{"damage_healed":0,"gold_gain":0,"player_choice":"Success","damage_taken":7,"relics_obtained":["Shuriken"],"max_hp_gain":0,"max_hp_loss":0,"event_name":"Scrap Ooze","floor":10,"gold_loss":0},{"damage_healed":0,"gold_gain":0,"player_choice":"Stole Relic","damage_taken":0,"relics_obtained":["PreservedInsect"],"max_hp_gain":0,"max_hp_loss":0,"event_name":"Addict","floor":22,"gold_loss":0,"cards_obtained":["Shame"]}],"is_beta":false,"boss_relics":[{"not_picked":["Coffee Dripper","Replay:Ancient Bell"],"picked":"Cursed Key"}],"items_purged_floors":[27],"is_endless":false,"potions_floor_spawned":[1,7,18,24,30],"killed_by":"Centurion and Healer","ascension_level":5}}