{"host":"sw6p9u0oh417cx03","time":1614089450,"event":{"mods":["AchievementEnabler","Act Like it!","BaseMod","CapriCore","DeckTracker","Highlight Path","Minty Spire (QoL Compilation)","Quick Restart","StSLib"],"gold_per_floor":[119,119,44,61,61,61,94,113,113,113,129,29,29,29,29,107,107,118,58,58,75,93,123,123,140,140,140,154,173,273,273,273,351,351,370,245,245,93,113,147,147,157,181,181,194,194,207,223,223,223,223,223,38,70,70,70],"floor_reached":55,"language":"ZHS","playtime":3867,"items_purged":["Strike_G","Strike_G","Defend_G"],"score":1249,"play_id":"06eb6395-9d9e-4d96-bf05-2537d4b61ba5","local_time":"20210223221050","is_ascension_mode":true,"campfire_choices":[{"data":"Deadly Poison","floor":6.0,"key":"SMITH"},{"data":"Blade Dance","floor":13.0,"key":"SMITH"},{"data":"Footwork","floor":15.0,"key":"SMITH"},{"data":"Predator","floor":27.0,"key":"SMITH"},{"floor":32.0,"key":"RECALL"},{"data":"Night Terror","floor":41.0,"key":"SMITH"},{"data":"Survivor","floor":44.0,"key":"SMITH"},{"data":"Defend_G","floor":49.0,"key":"SMITH"},{"data":"Defend_G","floor":52.0,"key":"SMITH"}],"circlet_count":0,"master_deck":["AscendersBane","Defend_G","Defend_G+1","Defend_G+1","Survivor+1","Neutralize+1","Footwork+1","Deadly Poison+1","Venomology+1","Prepared+1","Backflip+1","Tactician+1","Predator+1","Footwork+1","Night Terror+1","Noxious Fumes+1","Deflect+1","Backflip+1","Chrysalis"],"relics":["Ring of the Snake","NeowsBlessing","Sundial","Toy Ornithopter","Astrolabe","Potion Belt","FossilizedHelix","CaptainsWheel","Ornamental Fan","Calling Bell","Regal Pillow","Letter Opener","Mango","Orrery","Singing Bowl","White Beast Statue"],"acts_visited":["Exordium","TheCity","TheBeyond","TheEnding"],"potions_floor_usage":[55,55,55,55,55,55,55,55,55,55,55,55,55,55,55,55,55,55,55,55,55,55,55,55],"damage_taken":[{"damage":0.0,"enemies":"Small Slimes","floor":1.0,"turns":1.0},{"damage":0.0,"enemies":"Cultist","floor":4.0,"turns":1.0},{"damage":0.0,"enemies":"Gremlin Nob","floor":7.0,"turns":1.0},{"damage":0.0,"enemies":"2 Louse","floor":8.0,"turns":4.0},{"damage":0.0,"enemies":"Large Slime","floor":11.0,"turns":4.0},{"damage":24.0,"enemies":"Slime Boss","floor":16.0,"turns":11.0},{"damage":0.0,"enemies":"Chosen","floor":18.0,"turns":8.0},{"damage":0.0,"enemies":"Shell Parasite","floor":21.0,"turns":7.0},{"damage":43.0,"enemies":"3 Cultists","floor":22.0,"turns":11.0},{"damage":20.0,"enemies":"Gremlin Leader","floor":23.0,"turns":7.0},{"damage":18.0,"enemies":"Snake Plant","floor":25.0,"turns":4.0},{"damage":0.0,"enemies":"Cultist and Chosen","floor":28.0,"turns":6.0},{"damage":0.0,"enemies":"Chosen and Byrds","floor":29.0,"turns":8.0},{"damage":0.0,"enemies":"Colosseum Slavers","floor":30.0,"turns":5.0},{"damage":7.0,"enemies":"Colosseum Nobs","floor":30.0,"turns":9.0},{"damage":58.0,"enemies":"Collector","floor":33.0,"turns":10.0},{"damage":0.0,"enemies":"3 Darklings","floor":35.0,"turns":4.0},{"damage":0.0,"enemies":"Orb Walker","floor":39.0,"turns":5.0},{"damage":10.0,"enemies":"Giant Head","floor":40.0,"turns":9.0},{"damage":15.0,"enemies":"Writhing Mass","floor":42.0,"turns":7.0},{"damage":0.0,"enemies":"4 Shapes","floor":45.0,"turns":5.0},{"damage":10.0,"enemies":"3 Darklings","floor":47.0,"turns":5.0},{"damage":0.0,"enemies":"Jaw Worm Horde","floor":48.0,"turns":4.0},{"damage":39.0,"enemies":"Donu and Deca","floor":50.0,"turns":11.0},{"damage":113.0,"enemies":"Shield and Spear","floor":54.0,"turns":12.0},{"damage":144,"enemies":"The Heart","floor":55,"turns":14}],"seed_played":"-1405922118817216949","potions_obtained":[{"floor":1.0,"key":"Block Potion"},{"floor":11.0,"key":"Regen Potion"},{"floor":18.0,"key":"BlessingOfTheForge"},{"floor":23.0,"key":"Ancient Potion"},{"floor":28.0,"key":"BlessingOfTheForge"},{"floor":29.0,"key":"BlessingOfTheForge"},{"floor":33.0,"key":"GamblersBrew"},{"floor":35.0,"key":"BlessingOfTheForge"},{"floor":42.0,"key":"DistilledChaos"},{"floor":47.0,"key":"FearPotion"},{"floor":54.0,"key":"BlessingOfTheForge"}],"is_trial":false,"path_per_floor":["M","?","$","M","?","R","E","M","T","?","M","$","R","$","R","B",null,"M","?","$","M","M","E","?","M","T","R","M","M","?","?","R","B",null,"M","$","?","$","M","E","R","M","T","R","M","?","M","M","R","B",null,"R","$","E","B"],"character_chosen":"THE_SILENT","items_purchased":["Orrery","Chrysalis"],"campfire_rested":0,"item_purchase_floors":[38,53],"current_hp_per_floor":[63,63,63,63,63,63,63,63,63,49,59,59,59,59,59,45,64,64,64,64,69,66,50,50,42,42,42,42,47,55,55,55,7,68,83,83,83,83,84,76,76,73,73,73,90,90,90,92,92,58,84,84,84,61,0,0],"gold":70,"neow_bonus":"THREE_ENEMY_KILL","is_daily":false,"chose_seed":false,"campfire_upgraded":8,"win_rate":0.0,"timestamp":1614089450,"path_taken":["M","?","?","?","?","R","E","M","T","?","M","$","R","?","R","BOSS","M","?","$","?","M","E","?","M","T","R","M","M","?","?","R","BOSS","M","$","?","$","M","E","R","M","T","R","M","?","?","M","R","BOSS","R","$","E","BOSS"],"items_purchased_type":["Relic","Card"],"build_version":"2020-12-22","purchased_purges":3,"victory":false,"max_hp_per_floor":[70,70,70,70,70,70,70,70,70,70,70,70,70,70,70,70,70,70,70,70,70,70,70,70,70,70,70,70,70,70,70,70,70,84,84,84,84,84,84,86,86,88,88,88,90,90,90,92,92,92,92,92,92,94,94,94],"card_choices":[{"not_picked":["Backflip","Flechettes"],"picked":"Footwork","floor":1.0},{"not_picked":["Distraction","Footwork"],"picked":"Deadly Poison","floor":4.0},{"not_picked":["Terror","Sucker Punch"],"picked":"Venomology","floor":7.0},{"not_picked":["Poisoned Stab","Slice","Cloak And Dagger"],"picked":"SKIP","floor":8.0},{"not_picked":["Slice","Underhanded Strike"],"picked":"Blade Dance","floor":11.0},{"not_picked":["Night Terror","Doppelganger"],"picked":"Corpse Explosion","floor":16.0},{"not_picked":["Dash+1","Flechettes","Deadly Poison"],"picked":"SKIP","floor":18.0},{"not_picked":["Cloak And Dagger","Blade Dance","PiercingWail"],"picked":"SKIP","floor":21.0},{"not_picked":["Dagger Spray","Blade Dance"],"picked":"Predator","floor":22.0},{"not_picked":["Endless Agony","Distraction"],"picked":"Escape Plan","floor":23.0},{"not_picked":["Well Laid Plans","Deadly Poison","Dagger Spray"],"picked":"SKIP","floor":25.0},{"not_picked":["Escape Plan","Setup","Dagger Spray"],"picked":"SKIP","floor":28.0},{"not_picked":["Flying Knee","Dagger Spray","Endless Agony"],"picked":"SKIP","floor":29.0},{"not_picked":["Finisher","Masterful Stab"],"picked":"Footwork","floor":30.0},{"not_picked":["Burst","Malaise"],"picked":"Night Terror","floor":33.0},{"not_picked":["Footwork","Underhanded Strike","Finisher"],"picked":"SKIP","floor":35.0},{"not_picked":["Sucker Punch","Quick Slash"],"picked":"Noxious Fumes+1","floor":38.0},{"not_picked":["Outmaneuver","Doppelganger"],"picked":"Deflect+1","floor":38.0},{"not_picked":["Predator","Cloak And Dagger","Blade Dance"],"picked":"SKIP","floor":39.0},{"not_picked":["Cloak And Dagger","Sucker Punch","Footwork"],"picked":"Singing Bowl","floor":40.0},{"not_picked":["Dagger Spray+1","Sucker Punch","Predator"],"picked":"Singing Bowl","floor":42.0},{"not_picked":["PiercingWail","Venomology","Riddle With Holes"],"picked":"Singing Bowl","floor":45.0},{"not_picked":["Tactician+1","Accuracy"],"picked":"Backflip+1","floor":47.0},{"not_picked":["Deadly Poison","Sucker Punch","Flying Knee"],"picked":"Singing Bowl","floor":48.0},{"not_picked":["Dodge and Roll","PiercingWail","Dash"],"picked":"Singing Bowl","floor":54.0}],"player_experience":316636,"relics_obtained":[{"floor":7.0,"key":"Sundial"},{"floor":9.0,"key":"Toy Ornithopter"},{"floor":23.0,"key":"Potion Belt"},{"floor":26.0,"key":"FossilizedHelix"},{"floor":30.0,"key":"CaptainsWheel"},{"floor":30.0,"key":"Ornamental Fan"},{"floor":34.0,"key":"Regal Pillow"},{"floor":34.0,"key":"Letter Opener"},{"floor":34.0,"key":"Mango"},{"floor":40.0,"key":"Singing Bowl"},{"floor":54.0,"key":"White Beast Statue"}],"event_choices":[{"cards_removed":["Strike_G"],"damage_healed":0.0,"max_hp_gain":0.0,"max_hp_loss":0.0,"gold_gain":0.0,"event_name":"Purifier","player_choice":"Purged","floor":2.0,"gold_loss":0.0,"damage_taken":0.0},{"damage_healed":0.0,"max_hp_gain":0.0,"max_hp_loss":0.0,"gold_gain":0.0,"event_name":"Liars Game","player_choice":"Ignored","floor":5.0,"gold_loss":0.0,"damage_taken":0.0},{"damage_healed":0.0,"max_hp_gain":0.0,"max_hp_loss":0.0,"gold_gain":0.0,"event_name":"Shining Light","player_choice":"Entered Light","floor":10.0,"gold_loss":0.0,"damage_taken":14.0,"cards_upgraded":["Venomology","Neutralize"]},{"cards_removed":["Strike_G"],"damage_healed":0.0,"max_hp_gain":0.0,"max_hp_loss":0.0,"gold_gain":0.0,"event_name":"Designer","player_choice":"Single Remove","floor":19.0,"gold_loss":60.0,"damage_taken":0.0},{"damage_healed":0.0,"max_hp_gain":0.0,"max_hp_loss":0.0,"gold_gain":0.0,"event_name":"Ghosts","player_choice":"Ignored","floor":24.0,"gold_loss":0.0,"damage_taken":0.0},{"damage_healed":0.0,"max_hp_gain":0.0,"max_hp_loss":0.0,"gold_gain":0.0,"event_name":"Colosseum","player_choice":"Fight","floor":30.0,"gold_loss":0.0,"damage_taken":0.0},{"damage_healed":0.0,"max_hp_gain":0.0,"max_hp_loss":0.0,"gold_gain":0.0,"event_name":"Colosseum","player_choice":"Fought Nobs","floor":30.0,"gold_loss":0.0,"damage_taken":0.0},{"damage_healed":0.0,"max_hp_gain":0.0,"max_hp_loss":0.0,"gold_gain":0.0,"event_name":"Upgrade Shrine","player_choice":"Upgraded","floor":31.0,"gold_loss":0.0,"damage_taken":0.0,"cards_upgraded":["Footwork"]},{"cards_removed":["Defend_G"],"damage_healed":0.0,"max_hp_gain":0.0,"max_hp_loss":0.0,"gold_gain":0.0,"event_name":"Falling","player_choice":"Removed Skill","floor":37.0,"gold_loss":0.0,"damage_taken":0.0},{"cards_removed":["Escape Plan"],"damage_healed":0.0,"max_hp_gain":0.0,"max_hp_loss":0.0,"gold_gain":0.0,"event_name":"Bonfire Elementals","player_choice":"Offered Uncommon","floor":46.0,"gold_loss":0.0,"damage_taken":0.0}],"is_beta":false,"boss_relics":[{"not_picked":["Black Star","HoveringKite"],"picked":"Astrolabe"},{"not_picked":["Cursed Key","Ring of the Serpent"],"picked":"Calling Bell"}],"items_purged_floors":[3,12,36],"is_endless":false,"potions_floor_spawned":[1,11,18,21,23,28,29,33,35,42,47,48,54],"killed_by":"The Heart","ascension_level":13}}