{"host":"jegehu1t82aiec5j","time":1614097779,"event":{"mods":["BaseMod","Colored Map","Minty Spire (QoL Compilation)","Relic Stats","StSLib"],"gold_per_floor":[115,9,9,9,9,44,44,78,78,78,78,78,121,11,11,104,104,119,138,171,96,146,146,146],"floor_reached":23,"language":"ENG","playtime":1438,"items_purged":["Pain"],"score":352,"play_id":"da204093-a866-4636-817b-f4260b22a57c","local_time":"20210223112939","is_ascension_mode":true,"campfire_choices":[{"data":"Predator","floor":10,"key":"SMITH"},{"floor":12,"key":"REST"},{"data":"Bouncing Flask","floor":15,"key":"SMITH"}],"circlet_count":0,"master_deck":["AscendersBane","Strike_G","Strike_G","Strike_G","Strike_G","Defend_G","Defend_G","Defend_G","Defend_G","Defend_G","Survivor","Neutralize","Bouncing Flask+1","Flying Knee","All Out Attack+1","Leg Sweep","Predator+1","Leg Sweep","Corpse Explosion","Catalyst"],"relics":["Ring of the Snake","WarpedTongs","Pantograph","Golden Idol","Sundial","Meat on the Bone","Pen Nib","Fusion Hammer","Red Mask"],"acts_visited":["Exordium","TheCity"],"potions_floor_usage":[20],"damage_taken":[{"damage":0,"enemies":"Cultist","floor":1,"turns":3},{"damage":18,"enemies":"3 Sentries","floor":6,"turns":8},{"damage":23,"enemies":"Gremlin Nob","floor":8,"turns":4},{"damage":23,"enemies":"Lagavulin","floor":13,"turns":6},{"damage":39,"enemies":"Slime Boss","floor":16,"turns":13},{"damage":23,"enemies":"3 Byrds","floor":18,"turns":4},{"damage":7,"enemies":"Chosen","floor":19,"turns":4},{"damage":17,"enemies":"Masked Bandits","floor":20,"turns":5},{"damage":31,"enemies":"Book of Stabbing","floor":23,"turns":6}],"seed_played":"6116071519248525725","potions_obtained":[{"floor":1,"key":"Ancient Potion"}],"is_trial":false,"path_per_floor":["M","$","T","?","?","E","$","E","T","R","?","R","E","$","R","B",null,"M","M","?","?","?","E"],"character_chosen":"THE_SILENT","items_purchased":["All Out Attack","Leg Sweep","Leg Sweep"],"campfire_rested":1,"item_purchase_floors":[2,2,14],"current_hp_per_floor":[59,59,59,59,59,41,41,18,18,18,18,36,25,25,25,23,51,40,33,28,28,28,0,0],"gold":146,"neow_bonus":"THREE_CARDS","is_daily":false,"chose_seed":false,"campfire_upgraded":2,"win_rate":0.0,"timestamp":1614097779,"path_taken":["M","$","?","?","?","E","?","E","T","R","?","R","E","$","R","BOSS","M","M","?","?","?","E"],"items_purchased_type":["Card","Card","Card"],"build_version":"2020-12-22","purchased_purges":1,"victory":false,"max_hp_per_floor":[66,66,66,60,60,60,60,60,60,60,60,60,60,60,60,60,60,60,60,60,60,60,60,60],"relic_stats":{"counters":[9,53],"Golden Idol":56,"Sundial":[4],"Pantograph":25,"Pen Nib":[4],"obtain_stats":[{"Golden Idol":4,"Sundial":8,"Pantograph":3,"Pen Nib":13,"Fusion Hammer":17,"Red Mask":20,"Ring of the Snake":0,"WarpedTongs":0,"Meat on the Bone":9},{"Golden Idol":1,"Sundial":3,"Pantograph":1,"Pen Nib":4,"Fusion Hammer":5,"Red Mask":8,"Ring of the Snake":0,"WarpedTongs":0,"Meat on the Bone":3},{"Golden Idol":3,"Sundial":15,"Pantograph":3,"Pen Nib":21,"Fusion Hammer":34,"Red Mask":47,"Ring of the Snake":0,"WarpedTongs":0,"Meat on the Bone":15}],"Ring of the Snake":[18],"WarpedTongs":[50],"Meat on the Bone":48},"card_choices":[{"not_picked":["Deadly Poison","Dodge and Roll"],"picked":"Bouncing Flask","floor":0},{"not_picked":["Distraction","Slice"],"picked":"Flying Knee","floor":1},{"not_picked":["Escape Plan","Deadly Poison"],"picked":"Predator","floor":6},{"not_picked":["Concentrate","All Out Attack","Prepared"],"picked":"SKIP","floor":8},{"not_picked":["Quick Slash","Burst","Dagger Throw"],"picked":"SKIP","floor":13},{"not_picked":["Tools of the Trade","Adrenaline"],"picked":"Corpse Explosion","floor":16},{"not_picked":["Dagger Throw","Deadly Poison","Cloak And Dagger"],"picked":"SKIP","floor":18},{"not_picked":["Backflip","Dagger Spray","Poisoned Stab"],"picked":"SKIP","floor":19},{"not_picked":["Deflect","Tools of the Trade"],"picked":"Catalyst","floor":20}],"player_experience":2639927,"relics_obtained":[{"floor":3,"key":"Pantograph"},{"floor":8,"key":"Sundial"},{"floor":9,"key":"Meat on the Bone"},{"floor":13,"key":"Pen Nib"},{"floor":20,"key":"Red Mask"}],"event_choices":[{"damage_healed":0,"gold_gain":0,"player_choice":"Lose Max HP","damage_taken":0,"relics_obtained":["Golden Idol"],"max_hp_gain":0,"max_hp_loss":6,"event_name":"Golden Idol","floor":4,"gold_loss":0},{"damage_healed":0,"gold_gain":0,"player_choice":"Grow","damage_taken":0,"max_hp_gain":0,"max_hp_loss":0,"event_name":"Living Wall","floor":5,"gold_loss":0,"cards_upgraded":["All Out Attack"]},{"damage_healed":0,"gold_gain":0,"player_choice":"Rummage","damage_taken":0,"relics_obtained":["WarpedTongs"],"max_hp_gain":0,"max_hp_loss":0,"event_name":"Accursed Blacksmith","floor":11,"gold_loss":0,"cards_obtained":["Pain"]},{"damage_healed":0,"gold_gain":0,"player_choice":"Fought Bandits","damage_taken":0,"max_hp_gain":0,"max_hp_loss":0,"event_name":"Masked Bandits","floor":20,"gold_loss":0},{"cards_removed":["Strike_G"],"damage_healed":0,"gold_gain":0,"player_choice":"Gave Gold","damage_taken":0,"max_hp_gain":0,"max_hp_loss":0,"event_name":"Beggar","floor":21,"gold_loss":75},{"damage_healed":0,"gold_gain":50,"player_choice":"Pray","damage_taken":0,"max_hp_gain":0,"max_hp_loss":0,"event_name":"Golden Shrine","floor":22,"gold_loss":0}],"is_beta":false,"boss_relics":[{"not_picked":["Runic Dome","SacredBark"],"picked":"Fusion Hammer"}],"items_purged_floors":[14],"is_endless":false,"potions_floor_spawned":[1],"killed_by":"Book of Stabbing","ascension_level":15}}