{"host":"1hzg86ju9fvxh562","time":1614085518,"event":{"mods":["AchievementEnabler","Act Like it!","AlwaysNeverKeys","BaseMod","Bestiary","Better Altar","Better Match","Better Note","Better Third Choice","Block Reminder","Challenge The Spire","Colored Map","Colored Powertips","Curses Come First","Displayed Cursed Tome","Filter the Spire","Highlight Path","Keyboard Shortcuts","Minty Spire (QoL Compilation)","Rare Cards Sparkle","Relic Sorter","Relic Stats","Smile Girya","Spicy Shops","Spire Arcade","StSLib","Wide Potions","everything is the same but u backflip on backflip","slay the spire mod where everything is the same but ironclad has a cowboy hat"],"gold_per_floor":[119,44,62,62,75,106,106,140,208,241,254,274,294,294,294,389,389,404,158,158,177,195,229,229,257,257,257,257],"floor_reached":27,"language":"ENG","playtime":1694,"items_purged":["Writhe"],"score":477,"play_id":"f7ed2ec1-a0eb-4cf8-a3fe-d11a946329d0","local_time":"20210223100518","is_ascension_mode":true,"campfire_choices":[{"floor":7,"key":"REST"},{"floor":15,"key":"REST"},{"floor":24,"key":"REST"}],"circlet_count":0,"master_deck":["AscendersBane","Strike_R","Strike_R","Strike_R","Strike_R","Strike_R","Defend_R","Defend_R","Defend_R","Defend_R","Bash","Flame Barrier","Offering+1","Armaments","Shrug It Off","Hemokinesis","Bludgeon","True Grit","Double Tap","Clothesline","Disarm","Armaments","Whirlwind","Pommel Strike"],"relics":["Velvet Choker","Calipers","Red Skull","Ornamental Fan","Bag of Marbles","Runic Cube","Matryoshka","Orichalcum","Pantograph","CaptainsWheel","Oddly Smooth Stone","Letter Opener","Frozen Egg 2"],"acts_visited":["Exordium","TheCity"],"potions_floor_usage":[10,16,23],"damage_taken":[{"damage":1,"enemies":"Cultist","floor":1,"turns":3},{"damage":6,"enemies":"2 Louse","floor":3,"turns":2},{"damage":7,"enemies":"Small Slimes","floor":5,"turns":3},{"damage":54,"enemies":"Gremlin Nob","floor":6,"turns":5},{"damage":17,"enemies":"3 Sentries","floor":8,"turns":9},{"damage":8,"enemies":"Lagavulin","floor":10,"turns":2},{"damage":2,"enemies":"Gremlin Gang","floor":11,"turns":2},{"damage":0,"enemies":"Looter","floor":12,"turns":2},{"damage":0,"enemies":"Blue Slaver","floor":13,"turns":1},{"damage":12,"enemies":"Hexaghost","floor":16,"turns":6},{"damage":6,"enemies":"Spheric Guardian","floor":18,"turns":1},{"damage":0,"enemies":"Shell Parasite","floor":21,"turns":6},{"damage":8,"enemies":"Shelled Parasite and Fungi","floor":22,"turns":3},{"damage":26,"enemies":"Slavers","floor":23,"turns":5},{"damage":19,"enemies":"Book of Stabbing","floor":25,"turns":5},{"damage":60,"enemies":"Gremlin Leader","floor":27,"turns":9}],"seed_played":"-233773799525833565","potions_obtained":[{"floor":1,"key":"Energy Potion"},{"floor":3,"key":"FairyPotion"},{"floor":13,"key":"PowerPotion"},{"floor":16,"key":"BlessingOfTheForge"}],"is_trial":false,"path_per_floor":["M","?","M","$","M","E","R","E","T","E","M","M","M","?","R","B",null,"M","$","T","M","M","E","R","E","T","E"],"character_chosen":"IRONCLAD","items_purchased":["Matryoshka","Armaments"],"campfire_rested":3,"item_purchase_floors":[19,19],"current_hp_per_floor":[71,71,65,65,58,4,28,11,11,3,1,1,1,1,25,13,63,57,57,57,57,49,23,47,28,28,0,0],"gold":257,"neow_bonus":"BOSS_RELIC","is_daily":false,"chose_seed":false,"campfire_upgraded":0,"win_rate":0.0,"timestamp":1614085518,"path_taken":["M","?","M","?","M","E","R","E","T","E","M","M","M","?","R","BOSS","M","?","?","M","M","E","R","E","T","E"],"items_purchased_type":["Relic","Card"],"build_version":"2020-12-22","purchased_purges":1,"victory":false,"max_hp_per_floor":[80,80,80,80,80,80,80,80,80,80,80,80,80,80,80,80,80,80,80,80,80,80,80,80,80,80,80,80],"relic_stats":{"counters":[16,64],"Ornamental Fan":[44],"Pantograph":0,"Letter Opener":[5],"Orichalcum":[12],"obtain_stats":[{"Calipers":6,"Velvet Choker":0,"Oddly Smooth Stone":25,"Letter Opener":26,"Orichalcum":20,"Frozen Egg 2":26,"Burning Blood":0,"CaptainsWheel":23,"Matryoshka":19,"Ornamental Fan":9,"Pantograph":20,"Bag of Marbles":10,"Red Skull":8,"Runic Cube":17},{"Calipers":4,"Velvet Choker":0,"Oddly Smooth Stone":15,"Letter Opener":15,"Orichalcum":11,"Frozen Egg 2":15,"Burning Blood":0,"CaptainsWheel":14,"Matryoshka":11,"Ornamental Fan":5,"Pantograph":11,"Bag of Marbles":6,"Red Skull":5,"Runic Cube":10},{"Calipers":13,"Velvet Choker":0,"Oddly Smooth Stone":55,"Letter Opener":55,"Orichalcum":36,"Frozen Egg 2":55,"Burning Blood":0,"CaptainsWheel":50,"Matryoshka":36,"Ornamental Fan":22,"Pantograph":36,"Bag of Marbles":24,"Red Skull":22,"Runic Cube":35}],"Runic Cube":[22]},"card_choices":[{"not_picked":["Dual Wield","Spot Weakness"],"picked":"Flame Barrier","floor":1},{"not_picked":["Juggernaut+1","Limit Break+1"],"picked":"Offering+1","floor":2},{"not_picked":["Twin Strike","Reckless Charge"],"picked":"Armaments","floor":3},{"not_picked":["Dark Embrace","Havoc"],"picked":"Shrug It Off","floor":5},{"not_picked":["Power Through","Shrug It Off"],"picked":"Hemokinesis","floor":6},{"not_picked":["Twin Strike","Warcry"],"picked":"Bludgeon","floor":8},{"not_picked":["Sword Boomerang","Warcry"],"picked":"True Grit","floor":10},{"not_picked":["Flex","Power Through","Body Slam"],"picked":"SKIP","floor":11},{"not_picked":["Havoc","Rampage"],"picked":"Double Tap","floor":12},{"not_picked":["Pommel Strike","True Grit"],"picked":"Clothesline","floor":13},{"not_picked":["Sword Boomerang","Infernal Blade"],"picked":"Disarm","floor":18},{"not_picked":["Metallicize","Iron Wave+1","Twin Strike"],"picked":"SKIP","floor":21},{"not_picked":["Hemokinesis","Infernal Blade","Body Slam+1"],"picked":"SKIP","floor":22},{"not_picked":["Demon Form","Dropkick"],"picked":"Whirlwind","floor":23},{"not_picked":["Heavy Blade","Cleave"],"picked":"Pommel Strike","floor":25}],"player_experience":554333,"relics_obtained":[{"floor":6,"key":"Calipers"},{"floor":8,"key":"Red Skull"},{"floor":9,"key":"Ornamental Fan"},{"floor":10,"key":"Bag of Marbles"},{"floor":20,"key":"Orichalcum"},{"floor":20,"key":"Pantograph"},{"floor":23,"key":"CaptainsWheel"},{"floor":25,"key":"Oddly Smooth Stone"},{"floor":26,"key":"Letter Opener"},{"floor":26,"key":"Frozen Egg 2"}],"event_choices":[{"damage_healed":0,"gold_gain":0,"player_choice":"2","damage_taken":0,"max_hp_gain":0,"max_hp_loss":0,"event_name":"betterMatch:BetterMatch","floor":2,"gold_loss":0,"cards_obtained":["betterMatch:RareCard"]},{"damage_healed":0,"gold_gain":0,"player_choice":"Ignored","damage_taken":0,"max_hp_gain":0,"max_hp_loss":0,"event_name":"betterNote:BetterNote","floor":14,"gold_loss":0,"cards_obtained":["Searing Blow"]}],"is_beta":false,"boss_relics":[{"not_picked":["Runic Pyramid","Coffee Dripper"],"picked":"Runic Cube"}],"items_purged_floors":[19],"is_endless":false,"potions_floor_spawned":[1,3,10,13,16,18],"killed_by":"Gremlin Leader","ascension_level":12}}