{"host":"bpdbi03e31cbjklx","time":1614122061,"event":{"mods":["BaseMod","Colored Map","Colored Powertips","Downfall","Highlight Path","Minty Spire (QoL Compilation)","Replay The Spire","StSLib","The Senshi"],"gold_per_floor":[117,133,152,152,163,163,190,190,244,244,244,419,37,60,60,185,248,268,13,26,26,26],"floor_reached":21,"language":"ENG","playtime":2375,"items_purged":["Doubt"],"score":240,"play_id":"b0001cc6-26fc-43d1-8644-4f64d27f8904","local_time":"20210223171421","is_ascension_mode":true,"campfire_choices":[{"data":"Eruption","floor":6,"key":"SMITH"},{"floor":8,"key":"RECALL"},{"data":"Crescendo","floor":11,"key":"SMITH"},{"data":"MentalFortress","floor":15,"key":"SMITH"}],"circlet_count":0,"master_deck":["Strike_P","Strike_P","Strike_P","Strike_P","Defend_P","Defend_P","Defend_P","Eruption+1","Vigilance","Crescendo+1","Replay:Anticipation","Replay:AtTheReady+1","CutThroughFate+1","Replay:BluntJabs","InnerPeace","MentalFortress+1","SpiritShield","WaveOfTheHand","FollowUp","Adaptation"],"relics":["PureWater","NeowsBlessing","Darkstone Periapt","Golden Idol","Replay:Kaleidoscope","Tiny House","theSenshi:FeatherClipsRelic"],"acts_visited":["Exordium","TheCity"],"potions_floor_usage":[5,18,21],"damage_taken":[{"damage":0,"enemies":"Jaw Worm","floor":1,"turns":1},{"damage":0,"enemies":"Small Slimes","floor":2,"turns":1},{"damage":0,"enemies":"2 Louse","floor":3,"turns":2},{"damage":6,"enemies":"Lots of Slimes","floor":5,"turns":5},{"damage":38,"enemies":"Replay:BlueRogue","floor":7,"turns":6},{"damage":0,"enemies":"2 Fungi Beasts","floor":14,"turns":2},{"damage":0,"enemies":"Slime Boss","floor":16,"turns":6},{"damage":10,"enemies":"2 Thieves","floor":18,"turns":4},{"damage":2,"enemies":"Spheric Guardian","floor":20,"turns":4},{"damage":122,"enemies":"Cultist and Chosen","floor":21,"turns":12}],"seed_played":"8326318619753602192","potions_obtained":[{"floor":1,"key":"BottledMiracle"},{"floor":7,"key":"Dexterity Potion"},{"floor":17,"key":"Fire Potion"},{"floor":18,"key":"Milkshake"}],"is_trial":false,"path_per_floor":["M","M","M","?","M","R","E","R","T","?","R","?","$","M","R","B",null,"M","$","M","M"],"character_chosen":"WATCHER","items_purchased":["Replay:Kaleidoscope","theSenshi:FeatherClipsRelic"],"campfire_rested":0,"item_purchase_floors":[13,19],"current_hp_per_floor":[72,72,72,72,66,66,28,28,28,28,28,34,34,34,34,34,78,68,68,72,0,0],"gold":26,"neow_bonus":"THREE_ENEMY_KILL","is_daily":false,"chose_seed":false,"campfire_upgraded":3,"win_rate":0.0,"timestamp":1614122061,"path_taken":["M","M","M","?","M","R","E","R","T","?","R","?","$","M","R","BOSS","M","$","M","M"],"items_purchased_type":["Relic","Relic"],"build_version":"2020-12-22","purchased_purges":1,"victory":false,"max_hp_per_floor":[72,72,72,72,72,72,72,72,72,67,67,73,73,73,73,73,78,78,78,78,78,78],"card_choices":[{"not_picked":["FlurryOfBlows","Replay:ManipulateFuture"],"picked":"Crescendo","floor":1},{"not_picked":["Prostrate","Replay:BluntJabs"],"picked":"Replay:Anticipation","floor":2},{"not_picked":["Fasting2","Protect"],"picked":"Replay:AtTheReady","floor":3},{"not_picked":["Protect","Study"],"picked":"Replay:BluntJabs","floor":5},{"not_picked":["FollowUp","FearNoEvil"],"picked":"InnerPeace","floor":7},{"not_picked":["Protect","CrushJoints"],"picked":"MentalFortress","floor":14},{"not_picked":["Brilliance","Replay:LoomingThreat"],"picked":"SpiritShield","floor":16},{"not_picked":["FlyingSleeves","Replay:BluntJabs"],"picked":"WaveOfTheHand","floor":17},{"not_picked":["Replay:ManipulateFuture+1","BowlingBash"],"picked":"FollowUp","floor":18},{"not_picked":["Halt","CrushJoints"],"picked":"Adaptation","floor":20}],"player_experience":457916,"relics_obtained":[{"floor":7,"key":"Darkstone Periapt"}],"event_choices":[{"damage_healed":0,"gold_gain":0,"player_choice":"Lose Max HP","damage_taken":0,"relics_obtained":["Golden Idol"],"max_hp_gain":0,"max_hp_loss":5,"event_name":"Golden Idol","floor":10,"gold_loss":0},{"damage_healed":0,"gold_gain":175,"player_choice":"AGREE","damage_taken":0,"max_hp_gain":0,"max_hp_loss":0,"event_name":"Liars Game","floor":12,"gold_loss":0,"cards_obtained":["Doubt"]}],"is_beta":false,"boss_relics":[{"not_picked":["Velvet Choker","Replay:Ancient Bell"],"picked":"Tiny House"}],"items_purged_floors":[13],"is_endless":false,"potions_floor_spawned":[1,7,18],"killed_by":"Cultist and Chosen","ascension_level":1}}