{"host":"df48i9djcn92c5sx","time":1614087513,"event":{"mods":["Act Like it!","Arknights","BaseMod","Decade(王小明)","Downfall","Gensokyo","Marisa（F雨　魔理沙）","Minty Spire (QoL Compilation)","READ ME - Guardian Mod","READ ME - Snecko Mod","Reimu（博丽灵梦）","Remilia（蕾米莉亚）","Shop Mod","StSLib","The Jungle","The Servant 0.9.4"],"gold_per_floor":[116,116,63,83,19,19,19,19,19,29,29,29,39,50,50,121,121,133,58,58,74,74,74,74,74],"floor_reached":24,"language":"ZHS","playtime":541,"items_purged":[],"score":356,"play_id":"ed15a64d-5477-4bec-9c69-a0749edf5df2","local_time":"20210223213833","is_ascension_mode":true,"campfire_choices":[{"data":"Go for the Eyes","floor":6.0,"key":"SMITH"},{"data":"Reprogram","floor":8.0,"key":"SMITH"},{"data":"Conserve Battery","floor":11.0,"key":"SMITH"},{"data":"Streamline","floor":15,"key":"SMITH"},{"data":"Steam","floor":23,"key":"SMITH"}],"circlet_count":0,"master_deck":["AscendersBane","Defend_B","Defend_B","Defend_B","Defend_B","Dualcast","Gash","Go for the Eyes+1","Reprogram+1","Conserve Battery+1","Gash","Fission","Steam+1","Streamline+1","Echo Form","Bite","Bite","Bite","Bite","Bite"],"relics":["SacredBark","Bottled Flame","Philosopher\u0027s Stone"],"acts_visited":["Exordium","TheCity"],"potions_floor_usage":[13,14,18],"damage_taken":[{"damage":8.0,"enemies":"2 Louse","floor":1.0,"turns":3.0},{"damage":12.0,"enemies":"Jaw Worm","floor":4.0,"turns":3.0},{"damage":4.0,"enemies":"Cultist","floor":10.0,"turns":4.0},{"damage":8,"enemies":"Looter","floor":13,"turns":3},{"damage":16,"enemies":"Exordium Wildlife","floor":14,"turns":5},{"damage":8,"enemies":"The Guardian","floor":16,"turns":11},{"damage":24,"enemies":"Chosen","floor":18,"turns":6},{"damage":26,"enemies":"Spheric Guardian","floor":21,"turns":4},{"damage":19,"enemies":"3 Cultists","floor":24,"turns":4}],"seed_played":"6466239639178319128","potions_obtained":[{"floor":1.0,"key":"EssenceOfDarkness"},{"floor":10.0,"key":"SkillPotion"},{"floor":16,"key":"Fire Potion"}],"is_trial":false,"path_per_floor":["M","?","$","M","?","R","$","R","T","M","R","?","M","M","R","B",null,"M","?","$","M","?","R","M"],"character_chosen":"DEFECT","items_purchased":["Go for the Eyes"],"campfire_rested":0,"item_purchase_floors":[3],"current_hp_per_floor":[56,61,61,49,49,49,49,49,49,45,45,45,37,21,21,13,60,36,36,36,10,10,10,0,0],"gold":74,"neow_bonus":"BOSS_RELIC","is_daily":false,"chose_seed":false,"campfire_upgraded":5,"win_rate":0.0,"timestamp":1614087513,"path_taken":["M","?","$","M","?","R","$","R","T","M","R","?","M","?","R","BOSS","M","?","$","M","?","R","M"],"items_purchased_type":["Card"],"build_version":"2020-12-22","purchased_purges":0,"victory":false,"max_hp_per_floor":[71,76,76,76,76,76,76,76,76,76,76,76,76,76,76,76,76,76,76,76,76,53,53,53,53],"card_choices":[{"not_picked":["Undo","Turbo"],"picked":"Gash","floor":1.0},{"not_picked":["Aggregate","Coolheaded"],"picked":"Reprogram","floor":4.0},{"not_picked":["Ball Lightning","Lockon"],"picked":"Conserve Battery","floor":10.0},{"not_picked":["Aggregate","Darkness"],"picked":"Steam","floor":13},{"not_picked":["Scrape","Force Field"],"picked":"Streamline","floor":14},{"not_picked":["Creative AI","Biased Cognition"],"picked":"Echo Form","floor":16},{"not_picked":["Loop+1","Turbo","Compile Driver"],"picked":"SKIP","floor":18},{"not_picked":["Tempest","Cold Snap+1","Steam Power"],"picked":"SKIP","floor":21}],"player_experience":1622792,"relics_obtained":[{"floor":9.0,"key":"Bottled Flame"}],"event_choices":[{"damage_healed":0.0,"max_hp_gain":5.0,"max_hp_loss":0.0,"gold_gain":0.0,"event_name":"Big Fish","player_choice":"Donut","floor":2.0,"gold_loss":0.0,"damage_taken":0.0},{"damage_healed":0.0,"max_hp_gain":0.0,"max_hp_loss":0.0,"gold_gain":0.0,"event_name":"World of Goop","player_choice":"Left Gold","floor":5.0,"gold_loss":64.0,"damage_taken":0.0},{"damage_healed":0,"gold_gain":0,"player_choice":"2 cards matched","damage_taken":0,"max_hp_gain":0,"max_hp_loss":0,"event_name":"Match and Keep!","floor":12,"gold_loss":0,"cards_obtained":["Gash","Fission"]},{"cards_removed":["Zap"],"damage_healed":0,"gold_gain":0,"player_choice":"Gave Gold","damage_taken":0,"max_hp_gain":0,"max_hp_loss":0,"event_name":"Beggar","floor":19,"gold_loss":75},{"damage_healed":0,"gold_gain":0,"player_choice":"Became a vampire","damage_taken":0,"max_hp_gain":0,"max_hp_loss":23,"event_name":"Vampires","floor":22,"gold_loss":0,"cards_obtained":["Bite","Bite","Bite","Bite","Bite"]}],"is_beta":false,"boss_relics":[{"not_picked":["Tiny House","RedLine:ReiMu"],"picked":"Philosopher\u0027s Stone"}],"items_purged_floors":[],"is_endless":false,"potions_floor_spawned":[1,10,16],"killed_by":"3 Cultists","ascension_level":16}}