{"host":"d52brwsy6af8zvaq","time":1614110563,"event":{"mods":["AchievementEnabler","BaseMod","Bestiary","Highlight Path","Minty Spire (QoL Compilation)","Quick Restart","Relic Stats","ojb\u0027s Better Paths Mod"],"gold_per_floor":[209,226,40,57,57,57,87,87,112,129,139,139,164,164,164,258,258,279,295,295,295],"floor_reached":20,"language":"ENG","playtime":927,"items_purged":[],"score":368,"play_id":"9c6b7dd3-d5e4-45e2-8793-43df80167123","local_time":"20210223130243","is_ascension_mode":true,"campfire_choices":[{"data":"Zap","floor":6.0,"key":"SMITH"},{"floor":8.0,"key":"REST"},{"floor":15,"key":"REST"}],"circlet_count":0,"master_deck":["AscendersBane","Strike_B","Strike_B","Strike_B","Strike_B","Defend_B","Defend_B","Defend_B","Defend_B","Zap+1","Dualcast","Ball Lightning","Chill","Coolheaded","Ball Lightning","FTL","Consume+1","Static Discharge","BootSequence","Echo Form+1","Doom and Gloom","Leap"],"relics":["Cracked Core","Frozen Eye","Potion Belt","Frozen Egg 2","Golden Idol","Nuclear Battery"],"acts_visited":["TheCity"],"potions_floor_usage":[16,16],"damage_taken":[{"damage":7.0,"enemies":"Small Slimes","floor":1.0,"turns":3.0},{"damage":6.0,"enemies":"2 Louse","floor":2.0,"turns":3.0},{"damage":5.0,"enemies":"Jaw Worm","floor":4.0,"turns":3.0},{"damage":21.0,"enemies":"Lagavulin","floor":7.0,"turns":6.0},{"damage":8.0,"enemies":"Blue Slaver","floor":10.0,"turns":2.0},{"damage":3.0,"enemies":"Red Slaver","floor":11.0,"turns":3.0},{"damage":8,"enemies":"Gremlin Nob","floor":13,"turns":3},{"damage":21,"enemies":"The Guardian","floor":16,"turns":11},{"damage":18,"enemies":"3 Byrds","floor":18,"turns":4},{"damage":21,"enemies":"Shell Parasite","floor":19,"turns":5},{"damage":22,"enemies":"Snecko","floor":20,"turns":3}],"seed_played":"3569922116139198930","potions_obtained":[{"floor":1.0,"key":"BlessingOfTheForge"},{"floor":2.0,"key":"Weak Potion"},{"floor":10.0,"key":"Explosive Potion"},{"floor":13,"key":"Explosive Potion"}],"is_trial":false,"path_per_floor":["M","M","$","M","$","R","E","R","T","M","M","?","E","?","R","B",null,"M","M","M"],"character_chosen":"DEFECT","items_purchased":["Coolheaded","Frozen Eye"],"campfire_rested":2,"item_purchase_floors":[3,3],"current_hp_per_floor":[57,51,51,46,46,46,25,46,46,38,35,35,27,27,46,25,54,36,15,0,0],"gold":295,"neow_bonus":"HUNDRED_GOLD","is_daily":false,"chose_seed":false,"campfire_upgraded":1,"win_rate":0.0,"timestamp":1614110563,"path_taken":["M","M","$","M","$","R","E","R","T","M","M","?","E","?","R","BOSS","M","M","M"],"items_purchased_type":["Card","Relic"],"build_version":"2020-12-22","purchased_purges":0,"victory":false,"max_hp_per_floor":[71,71,71,71,71,71,71,71,71,71,71,71,71,64,64,64,64,64,64,64,64],"relic_stats":{"counters":[11,46],"Golden Idol":26,"obtain_stats":[{"Potion Belt":7,"Frozen Eye":3,"Golden Idol":14,"Frozen Egg 2":13,"Cracked Core":0,"Nuclear Battery":17},{"Potion Belt":4,"Frozen Eye":2,"Golden Idol":7,"Frozen Egg 2":7,"Cracked Core":0,"Nuclear Battery":8},{"Potion Belt":15,"Frozen Eye":6,"Golden Idol":23,"Frozen Egg 2":23,"Cracked Core":0,"Nuclear Battery":34}]},"card_choices":[{"not_picked":["White Noise","Turbo"],"picked":"Ball Lightning","floor":1.0},{"not_picked":["Recycle","White Noise"],"picked":"Chill","floor":2.0},{"not_picked":["Redo","Streamline"],"picked":"Ball Lightning","floor":4.0},{"not_picked":["Darkness","Force Field"],"picked":"FTL","floor":7.0},{"not_picked":["Barrage","Sweeping Beam"],"picked":"Consume","floor":10.0},{"not_picked":["Barrage","Reprogram"],"picked":"Static Discharge","floor":11.0},{"not_picked":["Stack","Fusion"],"picked":"BootSequence","floor":13},{"not_picked":["Amplify","Thunder Strike"],"picked":"Echo Form+1","floor":16},{"not_picked":["Gash","Sweeping Beam"],"picked":"Doom and Gloom","floor":18},{"not_picked":["Heatsinks+1","Tempest+1"],"picked":"Leap","floor":19}],"player_experience":2351534,"relics_obtained":[{"floor":7.0,"key":"Potion Belt"},{"floor":13,"key":"Frozen Egg 2"}],"event_choices":[{"damage_healed":0.0,"max_hp_gain":0.0,"max_hp_loss":0.0,"gold_gain":0.0,"event_name":"Living Wall","player_choice":"Grow","floor":12.0,"gold_loss":0.0,"damage_taken":0.0,"cards_upgraded":["Consume"]},{"damage_healed":0,"gold_gain":0,"player_choice":"Lose Max HP","damage_taken":0,"relics_obtained":["Golden Idol"],"max_hp_gain":0,"max_hp_loss":7,"event_name":"Golden Idol","floor":14,"gold_loss":0}],"is_beta":false,"boss_relics":[{"not_picked":["Ectoplasm","Empty Cage"],"picked":"Nuclear Battery"}],"items_purged_floors":[],"is_endless":false,"potions_floor_spawned":[1,2,10,13],"killed_by":"Snecko","ascension_level":20}}