{"host":"8ki4rp59nppvqwda","time":1614053789,"event":{"mods":["AlwaysNeverKeys","BaseMod","Hermit","Minty Spire (QoL Compilation)","Robot Space Explorer","SacredBarkPlus","StSLib","The Cursed","The Necromancer","The Trickster"],"gold_per_floor":[169,119,119,119,136,136,166,177,225,236,247,247,272,24,24,122,122,134,150,150,75,75,75,105,105,185,201,215,215,248,267,267,372,372,388,443,457,476,476,476,504,504,582,582,582,582,617,631,631,631],"floor_reached":51,"language":"ENG","playtime":2206,"items_purged":["RobotSpaceExplorer:Strike"],"score":1320,"play_id":"c107340b-4c0f-4f5e-bcd6-e8d90a31ca05","local_time":"20210222231629","is_ascension_mode":true,"campfire_choices":[{"data":"RobotSpaceExplorer:MiniBoosters","floor":6.0,"key":"SMITH"},{"data":"RobotSpaceExplorer:StarLightning","floor":12.0,"key":"SMITH"},{"data":"RobotSpaceExplorer:MiniLasers","floor":15.0,"key":"SMITH"},{"data":"RobotSpaceExplorer:ShovelStrike","floor":23.0,"key":"SMITH"},{"data":"RobotSpaceExplorer:Jetpack","floor":25.0,"key":"SMITH"},{"floor":29.0,"key":"REST"},{"data":"RobotSpaceExplorer:Accelerator","floor":32.0,"key":"SMITH"},{"data":"RobotSpaceExplorer:Comet","floor":40,"key":"SMITH"},{"data":"1","floor":42,"key":"LIFT"},{"data":"2","floor":44,"key":"LIFT"},{"data":"3","floor":46,"key":"LIFT"},{"floor":49,"key":"REST"}],"circlet_count":0,"master_deck":["AscendersBane","RobotSpaceExplorer:Strike","RobotSpaceExplorer:Defend","RobotSpaceExplorer:Defend","RobotSpaceExplorer:Scan+1","RobotSpaceExplorer:MiniLasers+1","RobotSpaceExplorer:ScrapMissile","RobotSpaceExplorer:MiniBoosters+1","RobotSpaceExplorer:StarLightning+1","RobotSpaceExplorer:PlasmaMissile","RobotSpaceExplorer:PowerGlove","RobotSpaceExplorer:StunGrenade","RobotSpaceExplorer:Jetpack+1","RobotSpaceExplorer:ScrapToss","RobotSpaceExplorer:TrailblazerForm","Master of Strategy","RobotSpaceExplorer:Explosion","RobotSpaceExplorer:ShovelStrike+1","RobotSpaceExplorer:RigExplosive","RobotSpaceExplorer:Explosion","RobotSpaceExplorer:Jetpack","RobotSpaceExplorer:Accelerator+1","RobotSpaceExplorer:Comet+1","RobotSpaceExplorer:ScrapMissile","RobotSpaceExplorer:StarDust+1","RobotSpaceExplorer:StarLightning","RobotSpaceExplorer:Fix","RobotSpaceExplorer:Jetpack+1"],"relics":["Tiny House","Pen Nib","Bag of Marbles","Bag of Preparation","RobotSpaceExplorer:SearchSpecs","Lantern","Singing Bowl","Blood Vial","SlaversCollar","Turnip","Girya","StrikeDummy","Calipers"],"acts_visited":["Exordium","TheCity","TheBeyond"],"potions_floor_usage":[38,41,47,50,50],"damage_taken":[{"damage":5.0,"enemies":"Small Slimes","floor":1.0,"turns":4.0},{"damage":0.0,"enemies":"2 Louse","floor":5.0,"turns":3.0},{"damage":38.0,"enemies":"Gremlin Nob","floor":7.0,"turns":5.0},{"damage":0.0,"enemies":"Cultist","floor":8.0,"turns":3.0},{"damage":6.0,"enemies":"Looter","floor":10.0,"turns":2.0},{"damage":0.0,"enemies":"Exordium Wildlife","floor":11.0,"turns":2.0},{"damage":0.0,"enemies":"Lagavulin","floor":13.0,"turns":4.0},{"damage":2.0,"enemies":"Slime Boss","floor":16.0,"turns":5.0},{"damage":17.0,"enemies":"2 Thieves","floor":18.0,"turns":3.0},{"damage":2.0,"enemies":"Spheric Guardian","floor":19.0,"turns":4.0},{"damage":18.0,"enemies":"Book of Stabbing","floor":24.0,"turns":5.0},{"damage":3.0,"enemies":"Snecko","floor":27.0,"turns":5.0},{"damage":0.0,"enemies":"Cultist and Chosen","floor":28.0,"turns":3.0},{"damage":21.0,"enemies":"Slavers","floor":30.0,"turns":4.0},{"damage":1.0,"enemies":"Centurion and Healer","floor":31.0,"turns":4.0},{"damage":11.0,"enemies":"Champ","floor":33.0,"turns":6.0},{"damage":4.0,"enemies":"Orb Walker","floor":35.0,"turns":3.0},{"damage":0.0,"enemies":"2 Orb Walkers","floor":36.0,"turns":3.0},{"damage":11.0,"enemies":"3 Darklings","floor":37.0,"turns":3.0},{"damage":6,"enemies":"Sphere and 2 Shapes","floor":38,"turns":5},{"damage":0,"enemies":"Giant Head","floor":41,"turns":7},{"damage":0,"enemies":"Reptomancer","floor":47,"turns":5},{"damage":36,"enemies":"Jaw Worm Horde","floor":48,"turns":4},{"damage":66,"enemies":"Donu and Deca","floor":50,"turns":8}],"seed_played":"-6084380103237994091","potions_obtained":[{"floor":0.0,"key":"Regen Potion"},{"floor":1.0,"key":"FairyPotion"},{"floor":7.0,"key":"Swift Potion"},{"floor":16.0,"key":"Fruit Juice"},{"floor":18.0,"key":"Ancient Potion"},{"floor":30.0,"key":"Energy Potion"},{"floor":33.0,"key":"Regen Potion"},{"floor":36.0,"key":"EntropicBrew"},{"floor":47,"key":"Strength Potion"}],"is_trial":false,"path_per_floor":["M","?","?","?","M","R","E","M","T","M","M","R","E","$","R","B",null,"M","M","?","?","$","R","E","R","T","M","M","R","E","M","R","B",null,"M","?","M","M","?","R","E","R","T","R","?","R","E","M","R","B",null],"character_chosen":"RobotSpaceExplorer","items_purchased":["Master of Strategy"],"campfire_rested":2,"item_purchase_floors":[14],"current_hp_per_floor":[80,80,80,80,80,80,42,42,42,36,36,36,36,36,36,39,74,57,55,55,55,55,55,37,37,37,36,36,62,41,44,44,35,76,83,85,76,72,72,72,80,80,80,80,82,82,88,56,84,24],"gold":631,"neow_bonus":"BOSS_RELIC","is_daily":false,"chose_seed":false,"campfire_upgraded":7,"win_rate":0.0,"timestamp":1614053789,"path_taken":["M","?","?","?","M","R","E","M","T","?","M","R","E","$","R","BOSS","M","M","?","?","?","R","E","R","T","?","M","R","E","M","R","BOSS","M","?","M","M","?","R","E","R","T","R","?","R","E","?","R","BOSS"],"items_purchased_type":["Card"],"build_version":"2020-12-22","purchased_purges":1,"victory":true,"max_hp_per_floor":[80,80,80,80,80,80,80,80,80,80,80,80,80,80,80,85,85,85,85,85,85,85,85,85,85,85,87,87,87,87,89,89,89,89,89,89,89,89,89,89,91,91,91,91,93,93,93,95,95,95],"card_choices":[{"not_picked":["RobotSpaceExplorer:GlueSpray","RobotSpaceExplorer:ImprovisedAttack"],"picked":"RobotSpaceExplorer:ScrapMissile","floor":0.0},{"not_picked":["RobotSpaceExplorer:ShockKick","RobotSpaceExplorer:Pulsar"],"picked":"RobotSpaceExplorer:MiniBoosters","floor":1.0},{"not_picked":["RobotSpaceExplorer:FrostMissile","RobotSpaceExplorer:Ammunition"],"picked":"RobotSpaceExplorer:PlasmaMissile","floor":5.0},{"not_picked":["RobotSpaceExplorer:MetalStrike","RobotSpaceExplorer:FreezeRay"],"picked":"RobotSpaceExplorer:PowerGlove","floor":7.0},{"not_picked":["RobotSpaceExplorer:StunGrenade","RobotSpaceExplorer:FrostMissile","RobotSpaceExplorer:ImprovisedAttack"],"picked":"SKIP","floor":8.0},{"not_picked":["RobotSpaceExplorer:FrostMissile","RobotSpaceExplorer:ImprovisedAttack"],"picked":"RobotSpaceExplorer:StunGrenade","floor":8.0},{"not_picked":["RobotSpaceExplorer:SurgingShield","RobotSpaceExplorer:Probe"],"picked":"RobotSpaceExplorer:Jetpack","floor":10.0},{"not_picked":["RobotSpaceExplorer:ShockKick","RobotSpaceExplorer:Pulsar"],"picked":"RobotSpaceExplorer:ScrapToss","floor":11.0},{"not_picked":["RobotSpaceExplorer:Ammunition","RobotSpaceExplorer:MakeshiftVolley"],"picked":"RobotSpaceExplorer:TrailblazerForm","floor":13.0},{"not_picked":["RobotSpaceExplorer:Wormhole","RobotSpaceExplorer:Blaster"],"picked":"RobotSpaceExplorer:Explosion","floor":16.0},{"not_picked":["RobotSpaceExplorer:Smokescreen","RobotSpaceExplorer:FrostMissile+1"],"picked":"RobotSpaceExplorer:ShovelStrike","floor":18.0},{"not_picked":["RobotSpaceExplorer:Ammunition","RobotSpaceExplorer:MiniBoosters"],"picked":"RobotSpaceExplorer:RigExplosive","floor":19.0},{"not_picked":["RobotSpaceExplorer:SurgingShield","RobotSpaceExplorer:StunGrenade"],"picked":"RobotSpaceExplorer:Explosion","floor":24.0},{"not_picked":["RobotSpaceExplorer:ShovelStrike","RobotSpaceExplorer:MetalStrike+1","RobotSpaceExplorer:FranticSearch"],"picked":"Singing Bowl","floor":27.0},{"not_picked":["RobotSpaceExplorer:MiniBoosters","RobotSpaceExplorer:SurgingShield"],"picked":"RobotSpaceExplorer:Jetpack","floor":28.0},{"not_picked":["RobotSpaceExplorer:ScrapMissile","RobotSpaceExplorer:MetalStrike"],"picked":"RobotSpaceExplorer:Accelerator","floor":30.0},{"not_picked":["RobotSpaceExplorer:Counterblock","RobotSpaceExplorer:FrostMissile","RobotSpaceExplorer:Ammunition"],"picked":"Singing Bowl","floor":31.0},{"not_picked":["RobotSpaceExplorer:Blaster","RobotSpaceExplorer:Explosion"],"picked":"RobotSpaceExplorer:Comet","floor":33.0},{"not_picked":["RobotSpaceExplorer:FrostMissile","RobotSpaceExplorer:ShovelStrike"],"picked":"RobotSpaceExplorer:ScrapMissile","floor":35.0},{"not_picked":["RobotSpaceExplorer:SlimeMissile","RobotSpaceExplorer:GlueShot"],"picked":"RobotSpaceExplorer:StarDust+1","floor":36.0},{"not_picked":["RobotSpaceExplorer:FranticSearch+1","RobotSpaceExplorer:SurgingShield"],"picked":"RobotSpaceExplorer:StarLightning","floor":37.0},{"not_picked":["RobotSpaceExplorer:SelfCleaning","RobotSpaceExplorer:Blitz+1"],"picked":"RobotSpaceExplorer:Fix","floor":38},{"not_picked":["RobotSpaceExplorer:MetalStrike+1","RobotSpaceExplorer:Counterblock","RobotSpaceExplorer:SlimeMissile+1"],"picked":"Singing Bowl","floor":41},{"not_picked":["Dark Shackles","Enlightenment","Magnetism"],"picked":"Singing Bowl","floor":45},{"not_picked":["RobotSpaceExplorer:RigExplosive+1","RobotSpaceExplorer:ShockKick"],"picked":"RobotSpaceExplorer:Jetpack+1","floor":47},{"not_picked":["RobotSpaceExplorer:FrostMissile","RobotSpaceExplorer:Ammunition","RobotSpaceExplorer:BigMissile"],"picked":"Singing Bowl","floor":48}],"player_experience":1338402,"relics_obtained":[{"floor":7.0,"key":"Pen Nib"},{"floor":9.0,"key":"Bag of Marbles"},{"floor":13.0,"key":"Bag of Preparation"},{"floor":24.0,"key":"Lantern"},{"floor":26.0,"key":"Singing Bowl"},{"floor":30.0,"key":"Blood Vial"},{"floor":36.0,"key":"Turnip"},{"floor":41,"key":"Girya"},{"floor":43,"key":"StrikeDummy"},{"floor":47,"key":"Calipers"}],"event_choices":[{"cards_removed":["RobotSpaceExplorer:Defend"],"damage_healed":0.0,"max_hp_gain":0.0,"max_hp_loss":0.0,"gold_gain":0.0,"event_name":"The Cleric","player_choice":"Card Removal","floor":2.0,"gold_loss":50.0,"damage_taken":0.0},{"damage_healed":0.0,"max_hp_gain":0.0,"max_hp_loss":0.0,"gold_gain":0.0,"cards_transformed":["RobotSpaceExplorer:Strike"],"event_name":"Living Wall","player_choice":"Change","floor":3.0,"gold_loss":0.0,"damage_taken":0.0,"cards_obtained":["RobotSpaceExplorer:StarLightning"]},{"damage_healed":0.0,"max_hp_gain":0.0,"max_hp_loss":0.0,"gold_gain":0.0,"event_name":"The Woman in Blue","player_choice":"Bought 0 Potions","floor":4.0,"gold_loss":0.0,"damage_taken":0.0},{"cards_removed":["RobotSpaceExplorer:Defend"],"damage_healed":0.0,"max_hp_gain":0.0,"max_hp_loss":0.0,"gold_gain":0.0,"event_name":"Back to Basics","player_choice":"Elegance","floor":20.0,"gold_loss":0.0,"damage_taken":0.0},{"cards_removed":["RobotSpaceExplorer:Strike"],"damage_healed":0.0,"max_hp_gain":0.0,"max_hp_loss":0.0,"gold_gain":0.0,"event_name":"Beggar","player_choice":"Gave Gold","floor":21.0,"gold_loss":75.0,"damage_taken":0.0},{"damage_healed":0.0,"max_hp_gain":0.0,"max_hp_loss":0.0,"gold_gain":0.0,"event_name":"Mysterious Sphere","player_choice":"Fight","floor":36.0,"gold_loss":0.0,"damage_taken":0.0},{"damage_healed":0,"gold_gain":0,"player_choice":"Ignored","damage_taken":0,"max_hp_gain":0,"max_hp_loss":0,"event_name":"Tomb of Lord Red Mask","floor":39,"gold_loss":0},{"damage_healed":0,"gold_gain":0,"player_choice":"Memory 1","damage_taken":0,"max_hp_gain":0,"max_hp_loss":0,"event_name":"SensoryStone","floor":45,"gold_loss":0}],"is_beta":false,"boss_relics":[{"not_picked":["Velvet Choker","Busted Crown"],"picked":"RobotSpaceExplorer:SearchSpecs"},{"not_picked":["Snecko Eye","Sozu"],"picked":"SlaversCollar"}],"items_purged_floors":[14],"is_endless":false,"potions_floor_spawned":[1,7,10,11,16,18,28,30,33,36,47,48],"ascension_level":12}}