{"host":"5qewjvycy34u7aeo","time":1614040382,"event":{"mods":["BaseMod","Curses Come First","Downfall","GifTheSpireLib","Infinite Spire","Minty Spire (QoL Compilation)","Permanent Neow","Replay The Spire","StSLib","Wandering Minibosses"],"gold_per_floor":[109,121,121,139,139,169,269,294,294,308,319,329,176,176,176],"floor_reached":14,"language":"ENG","playtime":1070,"items_purged":["Strike_R"],"score":112,"play_id":"a85f6bcd-88e4-484f-ac52-ce18a17149c2","local_time":"20210222183302","is_ascension_mode":true,"campfire_choices":[],"circlet_count":0,"master_deck":["Strike_R","Strike_R","Strike_R","Strike_R","Defend_R","Defend_R","Defend_R","Defend_R","Bash","Dark Embrace","Second Wind","Demon Form","Thunderclap","Dropkick","Seeing Red","Limit Break"],"relics":["Replay:Bronze Core","ReplayTheSpireMod:Spearhead","infinitespire:CursedDice"],"acts_visited":["Exordium"],"potions_floor_usage":[8],"damage_taken":[{"damage":0,"enemies":"Small Slimes","floor":1,"turns":3},{"damage":1,"enemies":"Cultist","floor":2,"turns":3},{"damage":11,"enemies":"2 Louse","floor":4,"turns":3},{"damage":25,"enemies":"3 Sentries","floor":6,"turns":10},{"damage":21,"enemies":"Lagavulin","floor":8,"turns":6},{"damage":6,"enemies":"2 Fungi Beasts","floor":10,"turns":3},{"damage":13,"enemies":"3 Louse","floor":11,"turns":4},{"damage":8,"enemies":"Large Slime","floor":12,"turns":5},{"damage":0,"enemies":"3 Sentries","floor":14,"turns":1}],"seed_played":"266847287551408375","potions_obtained":[{"floor":1,"key":"PowerPotion"},{"floor":8,"key":"Adrenaline Potion"},{"floor":11,"key":"BlessingOfTheForge"}],"is_trial":false,"path_per_floor":["M","M","?","M","?","E","?","E","T","M","M","M","$","E"],"character_chosen":"IRONCLAD","items_purchased":["Limit Break"],"campfire_rested":0,"item_purchase_floors":[13],"current_hp_per_floor":[80,79,79,68,49,24,24,3,3,29,16,8,8,8,8],"gold":176,"neow_bonus":"BOSS_RELIC","is_daily":false,"chose_seed":false,"campfire_upgraded":0,"win_rate":0.0,"timestamp":1614040382,"path_taken":["M","M","?","M","?","E","?","E","T","?","M","M","$","E"],"items_purchased_type":["Card"],"build_version":"2020-12-22","purchased_purges":1,"victory":false,"max_hp_per_floor":[80,80,80,80,80,80,80,80,80,80,80,80,80,80,80],"card_choices":[{"not_picked":["Clothesline","Run Through"],"picked":"Dark Embrace","floor":1},{"not_picked":["Searing Blow","Clothesline","Sword Boomerang"],"picked":"SKIP","floor":2},{"not_picked":["Headbutt","Metallicize"],"picked":"Second Wind","floor":4},{"not_picked":["Armaments","Headbutt"],"picked":"Demon Form","floor":6},{"not_picked":["Sword Boomerang","Body Slam"],"picked":"Thunderclap","floor":8},{"not_picked":["Evolve","Rampage"],"picked":"Dropkick","floor":10},{"not_picked":["Clothesline","Perfected Strike","Inflame"],"picked":"SKIP","floor":11},{"not_picked":["Clothesline","Perfected Strike","Inflame"],"picked":"SKIP","floor":11},{"not_picked":["Twin Strike","Infernal Blade"],"picked":"Seeing Red","floor":12}],"player_experience":508767,"relics_obtained":[{"floor":6,"key":"ReplayTheSpireMod:Spearhead"},{"floor":8,"key":"infinitespire:CursedDice"}],"event_choices":[{"damage_healed":0,"gold_gain":100,"player_choice":"Pray","damage_taken":0,"max_hp_gain":0,"max_hp_loss":0,"event_name":"Golden Shrine","floor":7,"gold_loss":0}],"is_beta":false,"boss_relics":[],"items_purged_floors":[13],"is_endless":false,"potions_floor_spawned":[1,8,11],"killed_by":"3 Sentries","ascension_level":2}}