{"host":"oa1po1d7a3sote6p","time":1614121038,"event":{"mods":["AchievementEnabler","BaseMod","BetterRewards","Colored Map","Colored Powertips","Hubris","Minty Spire (QoL Compilation)","Quick Restart","Rare Cards Sparkle","StSLib"],"gold_per_floor":[116,126,226,244,244,244,277,277,277,295,295,306,306,306,306],"floor_reached":14,"language":"ENG","playtime":496,"items_purged":[],"score":90,"play_id":"5ef0a8cd-09c1-4b5a-8625-70ed7e4c11db","local_time":"20210223165718","daily_mods":["Draft","Allstar","Heirloom"],"is_ascension_mode":false,"campfire_choices":[{"data":"Havoc","floor":6,"key":"SMITH"},{"data":"Perfected Strike","floor":8,"key":"SMITH"},{"data":"Seeing Red","floor":11,"key":"SMITH"},{"data":"Rupture","floor":13,"key":"SMITH"}],"circlet_count":0,"master_deck":["Wild Strike","Carnage","Pommel Strike","Perfected Strike+1","Second Wind","Flex","Rupture+1","Havoc","Flex","Havoc+1","Ghostly Armor","Twin Strike","Shockwave","Pommel Strike","Searing Blow","Reckless Charge","Combust","Sentinel","Pommel Strike","Seeing Red+1","Blood for Blood"],"relics":["Burning Blood","hubris:Potato","TungstenRod","Gremlin Horn"],"acts_visited":["Exordium"],"potions_floor_usage":[7,14],"damage_taken":[{"damage":6,"enemies":"2 Louse","floor":1,"turns":2},{"damage":0,"enemies":"Cultist","floor":2,"turns":3},{"damage":1,"enemies":"Small Slimes","floor":4,"turns":2},{"damage":23,"enemies":"Gremlin Nob","floor":7,"turns":4},{"damage":0,"enemies":"Gremlin Gang","floor":10,"turns":3},{"damage":0,"enemies":"3 Louse","floor":12,"turns":2},{"damage":14,"enemies":"Lagavulin","floor":14,"turns":4}],"seed_played":"-5380847504459520778","potions_obtained":[{"floor":1,"key":"Block Potion"},{"floor":10,"key":"SkillPotion"},{"floor":12,"key":"FearPotion"}],"is_trial":true,"path_per_floor":["M","M","?","M","?","R","E","R","T","M","R","M","R","E"],"character_chosen":"IRONCLAD","items_purchased":[],"campfire_rested":0,"item_purchase_floors":[],"current_hp_per_floor":[80,80,80,80,80,80,63,63,63,69,69,75,75,61,61],"gold":306,"neow_bonus":"","is_daily":false,"chose_seed":false,"campfire_upgraded":4,"win_rate":0.0,"timestamp":1614121038,"path_taken":["M","M","?","?","?","R","E","R","T","?","R","M","R","E"],"items_purchased_type":[],"build_version":"2020-12-22","purchased_purges":0,"victory":false,"max_hp_per_floor":[80,80,80,80,80,80,80,80,80,80,80,80,80,80,80],"card_choices":[{"not_picked":["Clothesline","Heavy Blade"],"picked":"Wild Strike","floor":0},{"not_picked":["Sever Soul","Flame Barrier"],"picked":"Carnage","floor":0},{"not_picked":["Heavy Blade","Clash"],"picked":"Pommel Strike","floor":0},{"not_picked":["Sword Boomerang","Rampage"],"picked":"Perfected Strike","floor":0},{"not_picked":["Armaments","Body Slam"],"picked":"Second Wind","floor":0},{"not_picked":["Clothesline","Intimidate"],"picked":"Flex","floor":0},{"not_picked":["hubris:SharpeningStone","Anger"],"picked":"Rupture","floor":0},{"not_picked":["Anger","Armaments"],"picked":"Havoc","floor":0},{"not_picked":["Cleave","Searing Blow"],"picked":"Flex","floor":0},{"not_picked":["Headbutt","True Grit"],"picked":"Havoc","floor":0},{"not_picked":["True Grit","Uppercut"],"picked":"Ghostly Armor","floor":0},{"not_picked":["Headbutt","Searing Blow"],"picked":"Twin Strike","floor":0},{"not_picked":["Havoc","Shrug It Off"],"picked":"Shockwave","floor":0},{"not_picked":["Anger","Pummel"],"picked":"Pommel Strike","floor":0},{"not_picked":["Clothesline","Reckless Charge"],"picked":"Searing Blow","floor":0},{"not_picked":["Burning Pact","Cleave"],"picked":"Reckless Charge","floor":1},{"not_picked":["Twin Strike","Shrug It Off"],"picked":"Combust","floor":2},{"not_picked":["Headbutt","hubris:ReadiedAction"],"picked":"Sentinel","floor":4},{"not_picked":["Anger","Dropkick"],"picked":"Pommel Strike","floor":7},{"not_picked":["Perfected Strike","Hemokinesis"],"picked":"Seeing Red","floor":10},{"not_picked":["Impervious","hubris:ReadiedAction"],"picked":"Blood for Blood","floor":12}],"player_experience":403866,"relics_obtained":[{"floor":7,"key":"TungstenRod"},{"floor":9,"key":"Gremlin Horn"}],"event_choices":[{"damage_healed":0,"gold_gain":100,"player_choice":"Pray","damage_taken":0,"max_hp_gain":0,"max_hp_loss":0,"event_name":"Golden Shrine","floor":3,"gold_loss":0},{"damage_healed":0,"gold_gain":0,"player_choice":"Ignored","damage_taken":0,"max_hp_gain":0,"max_hp_loss":0,"event_name":"NoteForYourself","floor":5,"gold_loss":0}],"is_beta":false,"boss_relics":[],"items_purged_floors":[],"is_endless":true,"potions_floor_spawned":[1,10,12],"killed_by":"Lagavulin","ascension_level":0}}