{"host":"t9vqxmgmtrdkt9v9","time":1614080705,"event":{"mods":["AchievementEnabler","BaseMod","Colored Map","Minty Spire (QoL Compilation)","Permanent Neow","Relic Stats","StSLib"],"gold_per_floor":[118,132,146,38,49,81,81,111,180,206,222,235,22,42,42,118,118,129,129,179,104,114,114,125,156,156,156,156,175,18,47,47,126,126,139,139,151,165,177,212,212,239,239,269,12,12,12,26,26,26,26,26],"floor_reached":51,"language":"ENG","playtime":2681,"items_purged":["Strike_R","Defend_R"],"score":1744,"play_id":"479d1f13-02b5-4184-aed8-8a13c32cfc31","local_time":"20210223214505","is_ascension_mode":true,"campfire_choices":[{"data":"Whirlwind","floor":7.0,"key":"SMITH"},{"floor":15.0,"key":"REST"},{"floor":23.0,"key":"REST"},{"data":"Reprogram","floor":27.0,"key":"SMITH"},{"data":"Bloodletting","floor":32.0,"key":"SMITH"},{"data":"Reboot","floor":41.0,"key":"SMITH"},{"data":"Double Energy","floor":46.0,"key":"SMITH"},{"floor":49.0,"key":"REST"}],"circlet_count":0,"master_deck":["AscendersBane","Strike_R","Strike_R","Defend_R+1","Defend_R+1","Defend_R","Bash","Whirlwind+1","Shrug It Off","Inflame","Perfected Strike","Bloodletting+1","Uppercut","Double Tap","Disarm","Second Wind","Inflame","Auto Shields","Die Die Die","Reprogram+1","Necronomicurse","Pommel Strike","Dramatic Entrance+1","Decay","Reboot+1","Pain","Dark Shackles","Dark Shackles+1","Prepared","Double Energy+1","Offering","Sever Soul+1","Turbo"],"relics":["Runic Pyramid","War Paint","Du-Vu Doll","Darkstone Periapt","Blood Vial","PrismaticShard","Empty Cage","Necronomicon","Meat on the Bone","Art of War","Vajra","PreservedInsect","Philosopher\u0027s Stone","WarpedTongs","Happy Flower","CaptainsWheel","Thread and Needle","Oddly Smooth Stone","Orrery"],"acts_visited":["Exordium","TheCity","TheBeyond"],"potions_floor_usage":[50,50],"damage_taken":[{"damage":2.0,"enemies":"Cultist","floor":1.0,"turns":4.0},{"damage":2.0,"enemies":"Small Slimes","floor":2.0,"turns":5.0},{"damage":7.0,"enemies":"2 Louse","floor":3.0,"turns":4.0},{"damage":0.0,"enemies":"Blue Slaver","floor":5.0,"turns":6.0},{"damage":20.0,"enemies":"3 Sentries","floor":6.0,"turns":5.0},{"damage":6.0,"enemies":"Lagavulin","floor":8.0,"turns":7.0},{"damage":9.0,"enemies":"Gremlin Nob","floor":10.0,"turns":3.0},{"damage":11.0,"enemies":"Exordium Wildlife","floor":11.0,"turns":3.0},{"damage":7.0,"enemies":"Red Slaver","floor":12.0,"turns":3.0},{"damage":8.0,"enemies":"Looter","floor":14.0,"turns":2.0},{"damage":3.0,"enemies":"Slime Boss","floor":16.0,"turns":3.0},{"damage":27.0,"enemies":"Shell Parasite","floor":18.0,"turns":6.0},{"damage":3.0,"enemies":"Spheric Guardian","floor":22.0,"turns":1.0},{"damage":0.0,"enemies":"Cultist and Chosen","floor":24.0,"turns":2.0},{"damage":10.0,"enemies":"Book of Stabbing","floor":25.0,"turns":3.0},{"damage":11.0,"enemies":"Centurion and Healer","floor":29.0,"turns":3.0},{"damage":7.0,"enemies":"Gremlin Leader","floor":31.0,"turns":3.0},{"damage":12.0,"enemies":"Automaton","floor":33.0,"turns":6.0},{"damage":0.0,"enemies":"3 Shapes","floor":35.0,"turns":1.0},{"damage":0.0,"enemies":"Orb Walker","floor":37.0,"turns":1.0},{"damage":21.0,"enemies":"3 Darklings","floor":38.0,"turns":3.0},{"damage":3.0,"enemies":"Maw","floor":39.0,"turns":4.0},{"damage":0.0,"enemies":"Reptomancer","floor":40.0,"turns":2.0},{"damage":8.0,"enemies":"Nemesis","floor":42.0,"turns":3.0},{"damage":13.0,"enemies":"Reptomancer","floor":44.0,"turns":4.0},{"damage":24.0,"enemies":"Sphere and 2 Shapes","floor":48.0,"turns":4.0},{"damage":37,"enemies":"Awakened One","floor":50,"turns":8},{"damage":60,"enemies":"Donu and Deca","floor":51,"turns":3}],"seed_played":"-4456195170445368002","potions_obtained":[{"floor":2.0,"key":"EssenceOfSteel"},{"floor":5.0,"key":"Regen Potion"},{"floor":8.0,"key":"Weak Potion"},{"floor":14.0,"key":"SkillPotion"},{"floor":22.0,"key":"Strength Potion"},{"floor":37.0,"key":"LiquidBronze"},{"floor":44.0,"key":"Explosive Potion"},{"floor":48.0,"key":"FearPotion"}],"is_trial":false,"path_per_floor":["M","M","M","$","M","E","R","E","T","E","M","M","$","M","R","B",null,"M","?","?","$","M","R","M","E","T","R","?","M","$","E","R","B",null,"M","?","M","M","M","E","R","E","T","E","$","R","?","M","R","B","B"],"character_chosen":"IRONCLAD","items_purchased":["Perfected Strike","LiquidMemories","PrismaticShard","Inflame","Vajra","Orrery"],"campfire_rested":3,"item_purchase_floors":[4,4,13,13,30,45],"current_hp_per_floor":[66,64,57,57,57,51,51,45,45,36,27,22,22,16,38,37,66,41,26,26,26,25,49,51,43,43,43,49,52,52,47,47,49,78,80,86,88,69,68,70,70,64,64,53,53,53,53,43,70,47,0,0],"gold":26,"neow_bonus":"BOSS_RELIC","is_daily":false,"chose_seed":false,"campfire_upgraded":5,"win_rate":0.0,"timestamp":1614080705,"path_taken":["M","M","M","?","M","E","R","E","T","E","M","M","$","M","R","BOSS","M","?","?","$","M","R","M","E","T","R","?","M","?","E","R","BOSS","M","?","?","M","M","E","R","E","T","E","$","R","?","M","R","BOSS","BOSS"],"items_purchased_type":["Card","Potion","Relic","Card","Relic","Relic"],"build_version":"2020-12-22","purchased_purges":2,"victory":false,"max_hp_per_floor":[75,75,75,75,75,75,75,75,75,75,75,75,75,75,75,75,75,75,81,81,81,81,81,81,81,81,81,87,87,87,87,87,87,87,87,93,93,93,93,93,93,93,93,93,93,93,93,93,93,93,93,93],"relic_stats":{"Darkstone Periapt":18,"Blood Vial":42,"Happy Flower":[7],"counters":[28,102],"PreservedInsect":174,"Necronomicon":[35],"Art of War":[4],"War Paint":["Defend_R","Defend_R"],"obtain_stats":[{"Darkstone Periapt":9,"Happy Flower":40,"Vajra":30,"Oddly Smooth Stone":44,"Thread and Needle":43,"PreservedInsect":31,"War Paint":6,"PrismaticShard":13,"Empty Cage":17,"Burning Blood":0,"WarpedTongs":36,"Du-Vu Doll":8,"Blood Vial":10,"CaptainsWheel":42,"Orrery":45,"Philosopher\u0027s Stone":34,"Necronomicon":19,"Art of War":26,"Runic Pyramid":0,"Meat on the Bone":25},{"Darkstone Periapt":6,"Happy Flower":23,"Vajra":16,"Oddly Smooth Stone":25,"Thread and Needle":24,"PreservedInsect":17,"War Paint":5,"PrismaticShard":9,"Empty Cage":11,"Burning Blood":0,"WarpedTongs":19,"Du-Vu Doll":6,"Blood Vial":7,"CaptainsWheel":24,"Orrery":25,"Philosopher\u0027s Stone":18,"Necronomicon":12,"Art of War":15,"Runic Pyramid":0,"Meat on the Bone":15},{"Darkstone Periapt":31,"Happy Flower":80,"Vajra":60,"Oddly Smooth Stone":87,"Thread and Needle":83,"PreservedInsect":63,"War Paint":24,"PrismaticShard":40,"Empty Cage":45,"Burning Blood":0,"WarpedTongs":70,"Du-Vu Doll":31,"Blood Vial":34,"CaptainsWheel":83,"Orrery":87,"Philosopher\u0027s Stone":69,"Necronomicon":51,"Art of War":57,"Runic Pyramid":0,"Meat on the Bone":57}],"Meat on the Bone":48,"WarpedTongs":[32]},"card_choices":[{"not_picked":["Body Slam","Sword Boomerang"],"picked":"Whirlwind","floor":1.0},{"not_picked":["Body Slam","Armaments"],"picked":"Shrug It Off","floor":2.0},{"not_picked":["Clash","Iron Wave"],"picked":"Inflame","floor":3.0},{"not_picked":["True Grit","Perfected Strike"],"picked":"Bloodletting","floor":5.0},{"not_picked":["Wild Strike","Body Slam"],"picked":"Uppercut","floor":6.0},{"not_picked":["Metallicize","Clash"],"picked":"Double Tap","floor":8.0},{"not_picked":["Ghostly Armor","Sword Boomerang"],"picked":"Disarm","floor":10.0},{"not_picked":["Thunderclap","Dual Wield"],"picked":"Second Wind","floor":11.0},{"not_picked":["Thunderclap","Warcry","Flex"],"picked":"SKIP","floor":12.0},{"not_picked":["Consume","All Out Attack"],"picked":"Auto Shields","floor":14.0},{"not_picked":["Vault","Secret Technique"],"picked":"Die Die Die","floor":16.0},{"not_picked":["Tantrum","Dagger Spray"],"picked":"Reprogram","floor":18.0},{"not_picked":["Inflame","Halt+1"],"picked":"Pommel Strike","floor":22.0},{"not_picked":["Hologram","CutThroughFate","Iron Wave+1"],"picked":"SKIP","floor":24.0},{"not_picked":["Hologram","CutThroughFate","Iron Wave+1"],"picked":"SKIP","floor":24.0},{"not_picked":["Enlightenment","Defragment"],"picked":"Dramatic Entrance+1","floor":25.0},{"not_picked":["Body Slam","Clash","Meditate"],"picked":"SKIP","floor":29.0},{"not_picked":["Endless Agony","Caltrops","Glacier"],"picked":"SKIP","floor":31.0},{"not_picked":["Magnetism","Violence"],"picked":"Reboot","floor":33.0},{"not_picked":["Cleave","Perseverance","EmptyBody"],"picked":"SKIP","floor":35.0},{"not_picked":["Adaptation+1","Ghostly Armor+1"],"picked":"Dark Shackles","floor":37.0},{"not_picked":["EmptyBody","Barrage","Flying Knee"],"picked":"SKIP","floor":38.0},{"not_picked":["ClearTheMind","Compile Driver","JustLucky+1"],"picked":"SKIP","floor":39.0},{"not_picked":["Poisoned Stab","Barrage"],"picked":"Dark Shackles+1","floor":40.0},{"not_picked":["BootSequence","Poisoned Stab+1"],"picked":"Prepared","floor":42.0},{"not_picked":["Loop+1","Expertise+1"],"picked":"Double Energy","floor":44.0},{"not_picked":["Madness","Intimidate"],"picked":"Offering","floor":45.0},{"not_picked":["PiercingWail","Slice"],"picked":"Sever Soul+1","floor":45.0},{"not_picked":["Flex","Sunder"],"picked":"Turbo","floor":45.0},{"not_picked":["JustLucky","Collect+1","Body Slam"],"picked":"SKIP","floor":48.0}],"player_experience":480790,"relics_obtained":[{"floor":6.0,"key":"War Paint"},{"floor":8.0,"key":"Du-Vu Doll"},{"floor":9.0,"key":"Darkstone Periapt"},{"floor":10.0,"key":"Blood Vial"},{"floor":19.0,"key":"Necronomicon"},{"floor":25.0,"key":"Meat on the Bone"},{"floor":26.0,"key":"Art of War"},{"floor":31.0,"key":"PreservedInsect"},{"floor":40.0,"key":"Happy Flower"},{"floor":42.0,"key":"CaptainsWheel"},{"floor":43.0,"key":"Thread and Needle"},{"floor":44.0,"key":"Oddly Smooth Stone"}],"event_choices":[{"damage_healed":0.0,"max_hp_gain":0.0,"max_hp_loss":0.0,"gold_gain":0.0,"event_name":"Cursed Tome","player_choice":"Obtained Book","floor":19.0,"gold_loss":0.0,"damage_taken":21.0},{"damage_healed":0.0,"max_hp_gain":0.0,"max_hp_loss":0.0,"gold_gain":50.0,"event_name":"Nest","player_choice":"Stole From Cult","floor":20.0,"gold_loss":0.0,"damage_taken":0.0},{"damage_healed":0.0,"max_hp_gain":0.0,"max_hp_loss":0.0,"gold_gain":0.0,"event_name":"Forgotten Altar","player_choice":"Smashed Altar","floor":28.0,"gold_loss":0.0,"damage_taken":0.0,"cards_obtained":["Decay"]},{"damage_healed":0.0,"max_hp_gain":0.0,"max_hp_loss":0.0,"gold_gain":0.0,"event_name":"Accursed Blacksmith","player_choice":"Rummage","floor":36.0,"gold_loss":0.0,"damage_taken":0.0,"relics_obtained":["WarpedTongs"],"cards_obtained":["Pain"]},{"damage_healed":0.0,"max_hp_gain":0.0,"max_hp_loss":0.0,"gold_gain":0.0,"event_name":"Fountain of Cleansing","player_choice":"Ignored","floor":47.0,"gold_loss":0.0,"damage_taken":0.0}],"is_beta":false,"boss_relics":[{"not_picked":["SacredBark","Coffee Dripper"],"picked":"Empty Cage"},{"not_picked":["Mark of Pain","Velvet Choker"],"picked":"Philosopher\u0027s Stone"}],"items_purged_floors":[21,45],"is_endless":false,"potions_floor_spawned":[2,5,8,14,22,31,37,44,48],"killed_by":"Donu and Deca","ascension_level":20}}