{"host":"wf1r1zhguvoo22rf","time":1614106659,"event":{"mods":["BaseMod","Colored Powertips","Minty Spire (QoL Compilation)","StSLib"],"gold_per_floor":[113,127,93,268,268,296,312,312,364,35,54,70,81,96,96,96,96],"floor_reached":16,"language":"ENG","playtime":760,"items_purged":[],"score":104,"play_id":"e1f1cf1f-ad34-4455-aa19-650ee068211a","local_time":"20210223205739","is_ascension_mode":false,"campfire_choices":[{"floor":8,"key":"REST"},{"floor":15,"key":"REST"}],"circlet_count":0,"master_deck":["Strike_P","Strike_P","Strike_P","Strike_P","Defend_P","Defend_P","Defend_P","Defend_P","Eruption","Vigilance","Evaluate","FearNoEvil","BattleHymn","Crescendo","BowlingBash","Conclude+1","Indignation","WaveOfTheHand","FollowUp+1","FollowUp+1"],"relics":["PureWater","Boot","Damaru","Molten Egg 2"],"acts_visited":["Exordium"],"potions_floor_usage":[14,16,16],"damage_taken":[{"damage":0,"enemies":"Small Slimes","floor":1,"turns":2},{"damage":7,"enemies":"Cultist","floor":2,"turns":4},{"damage":58,"enemies":"Lagavulin","floor":6,"turns":11},{"damage":0,"enemies":"2 Louse","floor":7,"turns":2},{"damage":7,"enemies":"Large Slime","floor":11,"turns":3},{"damage":4,"enemies":"Exordium Wildlife","floor":12,"turns":2},{"damage":9,"enemies":"Blue Slaver","floor":13,"turns":4},{"damage":8,"enemies":"Large Slime","floor":14,"turns":4},{"damage":32,"enemies":"The Guardian","floor":16,"turns":2}],"seed_played":"-4385745835347599268","potions_obtained":[{"floor":7,"key":"Block Potion"},{"floor":13,"key":"Ancient Potion"},{"floor":14,"key":"FearPotion"}],"is_trial":false,"path_per_floor":["M","M","$","?","?","E","M","R","T","$","M","M","M","M","R","B"],"character_chosen":"WATCHER","items_purchased":["BattleHymn","Molten Egg 2","Conclude+1"],"campfire_rested":2,"item_purchase_floors":[3,10,10],"current_hp_per_floor":[79,72,72,72,72,14,14,37,37,37,30,26,17,9,32,0,0],"gold":96,"neow_bonus":"TEN_PERCENT_HP_BONUS","is_daily":false,"chose_seed":false,"campfire_upgraded":0,"win_rate":0.0,"timestamp":1614106659,"path_taken":["M","M","$","?","?","E","M","R","T","$","M","M","?","M","R","BOSS"],"items_purchased_type":["Card","Relic","Card"],"build_version":"2020-12-22","purchased_purges":0,"victory":false,"max_hp_per_floor":[79,79,79,79,79,79,79,79,79,79,79,79,79,79,79,79,79],"card_choices":[{"not_picked":["ThirdEye","Sanctity"],"picked":"Evaluate","floor":1},{"not_picked":["FlyingSleeves","Evaluate"],"picked":"FearNoEvil","floor":2},{"not_picked":["CrushJoints","SashWhip"],"picked":"Crescendo","floor":6},{"not_picked":["FollowUp","Evaluate"],"picked":"BowlingBash","floor":7},{"not_picked":["ClearTheMind","Perseverance"],"picked":"Indignation","floor":11},{"not_picked":["DeceiveReality","InnerPeace"],"picked":"WaveOfTheHand","floor":12},{"not_picked":["Vault","CutThroughFate+1"],"picked":"FollowUp+1","floor":13},{"not_picked":["CrushJoints+1","SashWhip+1"],"picked":"FollowUp+1","floor":14}],"player_experience":254405,"relics_obtained":[{"floor":6,"key":"Boot"},{"floor":9,"key":"Damaru"}],"event_choices":[{"damage_healed":0,"gold_gain":175,"player_choice":"AGREE","damage_taken":0,"max_hp_gain":0,"max_hp_loss":0,"event_name":"Liars Game","floor":4,"gold_loss":0,"cards_obtained":["Doubt"]},{"cards_removed":["Doubt"],"damage_healed":0,"gold_gain":0,"player_choice":"Purged","damage_taken":0,"max_hp_gain":0,"max_hp_loss":0,"event_name":"Purifier","floor":5,"gold_loss":0}],"is_beta":false,"boss_relics":[],"items_purged_floors":[],"is_endless":false,"potions_floor_spawned":[7,13,14],"killed_by":"The Guardian","ascension_level":0}}