{"host":"ben","time":1614041865,"event":{"mods":["AchievementEnabler","BaseMod","Block Reminder","DeckTracker","Highlight Path","Minty Spire (QoL Compilation)","Permanent Neow","Relic Stats","StSLib"],"gold_per_floor":[114,114,114,114,130,130,152,152,152,152,152,152],"floor_reached":11,"language":"ENG","playtime":428,"items_purged":[],"score":118,"play_id":"8ddc2580-bd97-443b-8622-70f336a1c2a4","local_time":"20210222175745","is_ascension_mode":true,"campfire_choices":[{"data":"Masterful Stab","floor":6,"key":"SMITH"},{"data":"Masterful Stab","floor":8,"key":"SMITH"},{"floor":10,"key":"REST"}],"circlet_count":0,"master_deck":["AscendersBane","Strike_G","Strike_G","Strike_G","Strike_G","Strike_G","Defend_G","Defend_G","Defend_G+1","Defend_G+1","Defend_G","Survivor","Neutralize","Masterful Stab+1","Masterful Stab+1","Terror"],"relics":["Ring of the Snake","Potion Belt","Odd Mushroom","Mercury Hourglass"],"acts_visited":["Exordium"],"potions_floor_usage":[7],"damage_taken":[{"damage":1,"enemies":"Small Slimes","floor":1,"turns":3},{"damage":0,"enemies":"2 Louse","floor":5,"turns":2},{"damage":3,"enemies":"The Mushroom Lair","floor":7,"turns":5},{"damage":25,"enemies":"3 Sentries","floor":11,"turns":5}],"seed_played":"-5047771686280015671","potions_obtained":[{"floor":5,"key":"EssenceOfSteel"}],"is_trial":false,"path_per_floor":["M","?","?","?","M","R","?","R","T","R","E"],"character_chosen":"THE_SILENT","items_purchased":[],"campfire_rested":1,"item_purchase_floors":[],"current_hp_per_floor":[58,63,42,7,7,7,4,4,4,25,0,0],"gold":152,"neow_bonus":"THREE_CARDS","is_daily":false,"chose_seed":false,"campfire_upgraded":2,"win_rate":0.0,"timestamp":1614041865,"path_taken":["M","?","?","?","?","R","?","R","T","R","E"],"items_purchased_type":[],"build_version":"2020-12-18","purchased_purges":0,"victory":false,"max_hp_per_floor":[66,71,71,71,71,71,71,71,71,71,71,71],"relic_stats":{"counters":[4,15],"obtain_stats":[{"Potion Belt":4,"Odd Mushroom":7,"Ring of the Snake":0,"Mercury Hourglass":9},{"Potion Belt":1,"Odd Mushroom":3,"Ring of the Snake":0,"Mercury Hourglass":3},{"Potion Belt":3,"Odd Mushroom":10,"Ring of the Snake":0,"Mercury Hourglass":10}],"Ring of the Snake":[8],"Mercury Hourglass":[36]},"card_choices":[{"not_picked":["Prepared","Finisher"],"picked":"Masterful Stab","floor":0},{"not_picked":["Acrobatics","Outmaneuver","Bane"],"picked":"SKIP","floor":1},{"not_picked":["Blur","Deadly Poison"],"picked":"Masterful Stab","floor":5},{"not_picked":["Dagger Spray","Prepared"],"picked":"Terror","floor":7}],"player_experience":7746764,"relics_obtained":[{"floor":7,"key":"Odd Mushroom"},{"floor":9,"key":"Mercury Hourglass"}],"event_choices":[{"damage_healed":0,"gold_gain":0,"player_choice":"Donut","damage_taken":0,"max_hp_gain":5,"max_hp_loss":0,"event_name":"Big Fish","floor":2,"gold_loss":0},{"damage_healed":0,"gold_gain":0,"player_choice":"Entered Light","damage_taken":21,"max_hp_gain":0,"max_hp_loss":0,"event_name":"Shining Light","floor":3,"gold_loss":0,"cards_upgraded":["Defend_G","Defend_G"]},{"damage_healed":0,"gold_gain":0,"player_choice":"Success","damage_taken":35,"relics_obtained":["Potion Belt"],"max_hp_gain":0,"max_hp_loss":0,"event_name":"Scrap Ooze","floor":4,"gold_loss":0},{"damage_healed":0,"gold_gain":0,"player_choice":"Fought Mushrooms","damage_taken":0,"max_hp_gain":0,"max_hp_loss":0,"event_name":"Mushrooms","floor":7,"gold_loss":0}],"is_beta":true,"boss_relics":[],"items_purged_floors":[],"is_endless":false,"potions_floor_spawned":[5],"killed_by":"3 Sentries","ascension_level":20}}