{"host":"d7b3eqpbli5gspou","time":1614087796,"event":{"mods":["2.2 Compatiblity","BaseMod","Colored Map","Colored Powertips","Downfall","Minty Spire (QoL Compilation)","Quick Restart","Random Character Button","Random Character Mod","Relic Sorter","StSLib"],"gold_per_floor":[99,114,129,140,35,48,75,75,108,120,120,145,145,156,170,170,170,170],"floor_reached":16,"language":"ENG","playtime":1282,"items_purged":[],"score":145,"play_id":"1a926c2a-0819-4283-bac6-c9fc44649ff9","local_time":"20210223084316","is_ascension_mode":true,"campfire_choices":[{"data":"champ:Taunt","floor":1,"key":"SMITH"},{"data":"champ:BringItOn","floor":8,"key":"SMITH"},{"data":"champ:GutPunch","floor":11,"key":"SMITH"},{"floor":13,"key":"REST"}],"circlet_count":0,"master_deck":["champ:Strike","champ:Strike","champ:Strike","champ:Strike","champ:Defend","champ:Defend","champ:Defend","champ:Defend","champ:Execute","champ:Taunt+1","champ:CrownThrow","champ:AdrenalArmor","champ:RecklessLeap","Finesse","champ:BringItOn+1","champ:ShieldWall","champ:GutPunch+1"],"relics":["champ:ChampionCrown","Regal Pillow","Strawberry","Tiny Chest"],"acts_visited":["Exordium"],"potions_floor_usage":[9,16,16,16],"damage_taken":[{"damage":20,"enemies":"Cultist","floor":2,"turns":3},{"damage":10,"enemies":"Small Slimes","floor":3,"turns":3},{"damage":10,"enemies":"2 Louse","floor":4,"turns":3},{"damage":25,"enemies":"downfall:FleeingMerchant","floor":5,"turns":4},{"damage":67,"enemies":"Large Slime","floor":6,"turns":6},{"damage":50,"enemies":"Gremlin Nob","floor":9,"turns":5},{"damage":17,"enemies":"Blue Slaver","floor":10,"turns":5},{"damage":56,"enemies":"3 Sentries","floor":12,"turns":6},{"damage":36,"enemies":"Gremlin Gang","floor":14,"turns":4},{"damage":18,"enemies":"3 Louse","floor":15,"turns":3},{"damage":48,"enemies":"DF_ARCHETYPE_STREAMLINE","floor":16,"turns":4}],"seed_played":"-2762086590076503523","potions_obtained":[{"floor":3,"key":"bronze:BurnAndBuffPotion"},{"floor":6,"key":"Weak Potion"},{"floor":9,"key":"champ:CounterPotion"},{"floor":12,"key":"PowerPotion"}],"is_trial":false,"path_per_floor":["R","M","M","M","$","M","T","R","E","M","R","E","R","M","M","B"],"character_chosen":"THE_CHAMP","items_purchased":["Finesse"],"campfire_rested":1,"item_purchase_floors":[5],"current_hp_per_floor":[99,99,99,99,94,77,77,77,54,47,47,36,82,56,48,0,0,0],"gold":170,"neow_bonus":"TEN_PERCENT_HP_BONUS","is_daily":false,"chose_seed":false,"campfire_upgraded":3,"win_rate":0.0,"timestamp":1614087796,"path_taken":["R","M","M","?","$","M","T","R","E","M","R","E","R","M","M","BOSS"],"items_purchased_type":["Card"],"build_version":"2020-12-22","purchased_purges":0,"victory":false,"max_hp_per_floor":[99,99,99,99,99,99,99,99,106,106,106,106,106,106,106,106,106,106],"card_choices":[{"not_picked":["champ:EnGarde","champ:BladeFlurry","champ:PreciseThrust"],"picked":"SKIP","floor":2},{"not_picked":["champ:EnGarde","champ:ArenaPreparation"],"picked":"champ:CrownThrow","floor":3},{"not_picked":["champ:FlashCut","champ:EndlessRage"],"picked":"champ:AdrenalArmor","floor":4},{"not_picked":["champ:FlashCut","champ:GutPunch"],"picked":"champ:RecklessLeap","floor":5},{"not_picked":["champ:FlashCut","champ:Circumvent"],"picked":"champ:BringItOn","floor":6},{"not_picked":["champ:GladiatorStyle","champ:DefensiveShout"],"picked":"champ:ShieldWall","floor":9},{"not_picked":["champ:PerfectedStrike","champ:DeathBlow"],"picked":"champ:GutPunch","floor":10},{"not_picked":["champ:IgnorePain","champ:Parry","champ:BerserkersShout"],"picked":"SKIP","floor":12},{"not_picked":["champ:PerfectedStrike","champ:BringItOn","champ:SkillfulDodge"],"picked":"SKIP","floor":14},{"not_picked":["champ:Backstep","champ:DefensiveShout","champ:Encircle"],"picked":"SKIP","floor":15}],"player_experience":205787,"relics_obtained":[{"floor":7,"key":"Regal Pillow"},{"floor":9,"key":"Strawberry"},{"floor":12,"key":"Tiny Chest"}],"event_choices":[],"is_beta":false,"boss_relics":[],"items_purged_floors":[],"is_endless":false,"potions_floor_spawned":[3,6,9,12,15],"killed_by":"DF_ARCHETYPE_STREAMLINE","ascension_level":1}}