{"host":"uafoej811sw8via1","time":1614110896,"event":{"mods":["BaseMod","Minty Spire (QoL Compilation)","Relic Stats","StSLib"],"gold_per_floor":[144,189,234,158,203,203,248,338,350,407,19,64,64,109,109,409,409,454,499,46,46,131,221,221,311,311,356,356,446,361,451,451,751,751,821,866,911,956,507,597,687,687,712,757,802,847,68,458,458,458],"floor_reached":51,"language":"ENG","playtime":3828,"items_purged":["Evolve","Iron Wave","Iron Wave"],"score":1123,"play_id":"dc719f44-f256-4775-abcb-ae362bc2caed","local_time":"20210223150816","daily_mods":["Draft","Flight","Midas"],"is_ascension_mode":false,"campfire_choices":[{"floor":6,"key":"REST"},{"floor":13,"key":"REST"},{"floor":15,"key":"REST"},{"floor":24,"key":"REST"},{"floor":32,"key":"REST"},{"floor":49,"key":"REST"}],"circlet_count":0,"master_deck":["Spot Weakness","Battle Trance+1","Armaments+1","Shrug It Off","Shockwave","Wild Strike","Thunderclap","Rampage+1","Headbutt+1","Cleave","Battle Trance","True Grit","Shrug It Off","Rage","Inflame","Shrug It Off","Feel No Pain","Corruption","Impervious","Heavy Blade","Evolve+1","Dark Embrace","Armaments+1","Reaper+1","Shockwave+1","Heavy Blade+1","Whirlwind+1","Exhume+1","True Grit+1","Dark Embrace+1","Feel No Pain+1","Shrug It Off+1","Pommel Strike+1","Body Slam+1","Impervious+1","Second Wind+1","True Grit+1","Entrench+1","Shrug It Off+1"],"relics":["Burning Blood","MawBank","Centennial Puzzle","Paper Frog","ClockworkSouvenir","Snecko Eye","Happy Flower","Toolbox","InkBottle","Molten Egg 2","Toxic Egg 2","Calipers","Akabeko","Bird Faced Urn","Black Star","Brimstone","Whetstone","Dream Catcher","War Paint","Singing Bowl","Red Skull","Anchor","Toy Ornithopter","Orrery","FossilizedHelix","Old Coin","Orichalcum"],"acts_visited":["Exordium","TheCity","TheBeyond"],"potions_floor_usage":[14,16,27,50],"damage_taken":[{"damage":0,"enemies":"Jaw Worm","floor":1,"turns":3},{"damage":0,"enemies":"Cultist","floor":2,"turns":2},{"damage":0,"enemies":"2 Louse","floor":3,"turns":2},{"damage":0,"enemies":"Looter","floor":5,"turns":3},{"damage":2,"enemies":"Large Slime","floor":7,"turns":4},{"damage":8,"enemies":"Gremlin Nob","floor":8,"turns":4},{"damage":9,"enemies":"Exordium Thugs","floor":10,"turns":5},{"damage":5,"enemies":"3 Louse","floor":12,"turns":2},{"damage":1,"enemies":"Gremlin Gang","floor":14,"turns":3},{"damage":23,"enemies":"Hexaghost","floor":16,"turns":7},{"damage":0,"enemies":"Chosen","floor":18,"turns":3},{"damage":0,"enemies":"Shell Parasite","floor":19,"turns":3},{"damage":7,"enemies":"Centurion and Healer","floor":22,"turns":4},{"damage":0,"enemies":"Gremlin Leader","floor":23,"turns":4},{"damage":3,"enemies":"Slavers","floor":25,"turns":3},{"damage":0,"enemies":"Shelled Parasite and Fungi","floor":27,"turns":2},{"damage":0,"enemies":"Book of Stabbing","floor":29,"turns":3},{"damage":1,"enemies":"Slavers","floor":31,"turns":4},{"damage":17,"enemies":"Collector","floor":33,"turns":8},{"damage":6,"enemies":"Orb Walker","floor":35,"turns":4},{"damage":0,"enemies":"3 Darklings","floor":36,"turns":1},{"damage":0,"enemies":"Writhing Mass","floor":37,"turns":5},{"damage":0,"enemies":"Sphere and 2 Shapes","floor":38,"turns":2},{"damage":0,"enemies":"Reptomancer","floor":40,"turns":3},{"damage":15,"enemies":"Nemesis","floor":41,"turns":3},{"damage":0,"enemies":"4 Shapes","floor":44,"turns":2},{"damage":14,"enemies":"Maw","floor":45,"turns":4},{"damage":0,"enemies":"Writhing Mass","floor":46,"turns":3},{"damage":0,"enemies":"Giant Head","floor":48,"turns":3},{"damage":48,"enemies":"Awakened One","floor":50,"turns":5}],"seed_played":"-7386017133472573341","potions_obtained":[{"floor":1,"key":"DistilledChaos"},{"floor":2,"key":"Dexterity Potion"},{"floor":8,"key":"Fruit Juice"},{"floor":14,"key":"Energy Potion"},{"floor":18,"key":"DuplicationPotion"},{"floor":27,"key":"BloodPotion"},{"floor":35,"key":"Strength Potion"},{"floor":37,"key":"SneckoOil"},{"floor":46,"key":"ElixirPotion"}],"is_trial":false,"path_per_floor":["M","M","M","$","M","R","M","E","T","M","$","M","R","M","R","B",null,"M","M","$","?","M","E","R","E","T","M","?","E","?","E","R","B",null,"M","M","M","M","$","E","E","?","T","M","M","M","$","E","R","B",null],"character_chosen":"IRONCLAD","items_purchased":["Inflame","Paper Frog","ClockworkSouvenir","Dark Embrace","Happy Flower","Toolbox","Shrug It Off+1","Brimstone","Whetstone","Toy Ornithopter","Orrery","FossilizedHelix","True Grit+1"],"campfire_rested":6,"item_purchase_floors":[4,11,11,20,20,20,39,39,39,47,47,47,47],"current_hp_per_floor":[80,80,80,80,80,80,80,78,78,75,75,76,80,80,80,63,80,80,80,80,80,79,80,80,80,80,85,85,85,85,85,85,85,85,85,85,85,85,85,85,84,84,84,87,85,91,97,97,97,67],"gold":458,"neow_bonus":"","is_daily":true,"chose_seed":false,"campfire_upgraded":0,"win_rate":0.0,"timestamp":1614110896,"path_taken":["M","M","M","$","M","R","M","E","T","M","$","M","R","M","R","BOSS","M","M","$","?","M","E","R","E","T","?","?","E","?","E","R","BOSS","M","M","M","M","$","E","E","?","T","M","M","M","$","E","R","BOSS"],"items_purchased_type":["Card","Relic","Relic","Card","Relic","Relic","Card","Relic","Relic","Relic","Relic","Relic","Card"],"build_version":"2020-12-22","purchased_purges":3,"victory":true,"max_hp_per_floor":[80,80,80,80,80,80,80,80,80,80,80,80,80,80,80,80,80,80,80,80,80,80,80,80,80,80,85,85,85,85,85,85,85,85,85,85,85,85,85,85,87,87,87,87,89,91,97,97,97,97],"relic_stats":{"Happy Flower":[21],"Singing Bowl":12,"counters":[30,104],"Whetstone":["Headbutt","Rampage"],"War Paint":["Battle Trance","Armaments"],"Orichalcum":[0],"MawBank":36,"Burning Blood":56,"Centennial Puzzle":[36],"Dream Catcher":1,"Bird Faced Urn":[43],"Snecko Eye":[200,197,185,176],"Black Star":3,"obtain_stats":[{"Calipers":29,"Singing Bowl":41,"Whetstone":39,"Burning Blood":0,"ClockworkSouvenir":11,"Old Coin":48,"Centennial Puzzle":9,"Dream Catcher":40,"Toolbox":20,"Toxic Egg 2":26,"InkBottle":23,"Red Skull":41,"Paper Frog":11,"Happy Flower":20,"War Paint":40,"Orichalcum":48,"MawBank":8,"Akabeko":30,"Anchor":43,"Brimstone":39,"Bird Faced Urn":31,"Snecko Eye":17,"Orrery":47,"Molten Egg 2":25,"Black Star":34,"Toy Ornithopter":47,"FossilizedHelix":47},{"Calipers":17,"Singing Bowl":25,"Whetstone":23,"Burning Blood":0,"ClockworkSouvenir":7,"Old Coin":29,"Centennial Puzzle":6,"Dream Catcher":24,"Toolbox":12,"Toxic Egg 2":15,"InkBottle":14,"Red Skull":25,"Paper Frog":7,"Happy Flower":12,"War Paint":24,"Orichalcum":29,"MawBank":6,"Akabeko":17,"Anchor":25,"Brimstone":23,"Bird Faced Urn":18,"Snecko Eye":10,"Orrery":28,"Molten Egg 2":15,"Black Star":19,"Toy Ornithopter":28,"FossilizedHelix":28},{"Calipers":57,"Singing Bowl":87,"Whetstone":81,"Burning Blood":0,"ClockworkSouvenir":23,"Old Coin":99,"Centennial Puzzle":18,"Dream Catcher":84,"Toolbox":41,"Toxic Egg 2":52,"InkBottle":49,"Red Skull":87,"Paper Frog":23,"Happy Flower":41,"War Paint":84,"Orichalcum":99,"MawBank":18,"Akabeko":57,"Anchor":87,"Brimstone":81,"Bird Faced Urn":61,"Snecko Eye":35,"Orrery":96,"Molten Egg 2":52,"Black Star":69,"Toy Ornithopter":96,"FossilizedHelix":96}],"InkBottle":[29],"Toy Ornithopter":0},"card_choices":[{"not_picked":["Entrench","Thunderclap"],"picked":"Spot Weakness","floor":0},{"not_picked":["True Grit","Evolve"],"picked":"Battle Trance","floor":0},{"not_picked":["Body Slam","Iron Wave"],"picked":"Armaments","floor":0},{"not_picked":["Searing Blow","Flame Barrier"],"picked":"Shrug It Off","floor":0},{"not_picked":["Flex","Heavy Blade"],"picked":"Shockwave","floor":0},{"not_picked":["Clash","Heavy Blade"],"picked":"Wild Strike","floor":0},{"not_picked":["Flex","Infernal Blade"],"picked":"Thunderclap","floor":0},{"not_picked":["Heavy Blade","Body Slam"],"picked":"Iron Wave","floor":0},{"not_picked":["True Grit","Pommel Strike"],"picked":"Rampage","floor":0},{"not_picked":["Pummel","Reckless Charge"],"picked":"Headbutt","floor":0},{"not_picked":["Flex","Body Slam"],"picked":"Cleave","floor":0},{"not_picked":["Perfected Strike","Heavy Blade"],"picked":"Anger","floor":0},{"not_picked":["Heavy Blade","Warcry"],"picked":"Iron Wave","floor":0},{"not_picked":["Uppercut","Pommel Strike"],"picked":"Battle Trance","floor":0},{"not_picked":["Perfected Strike","Headbutt"],"picked":"True Grit","floor":0},{"not_picked":["Heavy Blade","Anger","Sword Boomerang"],"picked":"SKIP","floor":1},{"not_picked":["Armaments","Entrench"],"picked":"Shrug It Off","floor":2},{"not_picked":["Reckless Charge","Flex"],"picked":"Rage","floor":3},{"not_picked":["Spot Weakness","Perfected Strike"],"picked":"Shrug It Off","floor":5},{"not_picked":["Intimidate","Flame Barrier"],"picked":"Evolve","floor":7},{"not_picked":["Fire Breathing","Headbutt"],"picked":"Feel No Pain","floor":8},{"not_picked":["Thunderclap","Rage","Metallicize"],"picked":"SKIP","floor":10},{"not_picked":["Warcry","Clash"],"picked":"Corruption","floor":12},{"not_picked":["Warcry","Body Slam","Armaments"],"picked":"SKIP","floor":14},{"not_picked":["Bludgeon","Juggernaut"],"picked":"Impervious","floor":16},{"not_picked":["Thunderclap","Dropkick"],"picked":"Heavy Blade","floor":18},{"not_picked":["Sword Boomerang","Havoc"],"picked":"Evolve+1","floor":19},{"not_picked":["Pummel","Perfected Strike","Infernal Blade"],"picked":"SKIP","floor":22},{"not_picked":["Twin Strike","Iron Wave"],"picked":"Armaments+1","floor":23},{"not_picked":["Flex","Thunderclap+1"],"picked":"Reaper+1","floor":25},{"not_picked":["Clash+1","Thunderclap+1"],"picked":"Shockwave+1","floor":27},{"not_picked":["Clothesline+1","Intimidate+1"],"picked":"Heavy Blade+1","floor":29},{"not_picked":["Thunderclap+1","Clothesline+1"],"picked":"Whirlwind+1","floor":31},{"not_picked":["Barricade","Demon Form"],"picked":"Exhume+1","floor":33},{"not_picked":["Power Through+1","Thunderclap+1"],"picked":"True Grit+1","floor":35},{"not_picked":["Armaments+1","Pommel Strike+1","Havoc+1"],"picked":"SKIP","floor":36},{"not_picked":["Clothesline+1","Impervious+1"],"picked":"Dark Embrace+1","floor":37},{"not_picked":["Dropkick+1","Flame Barrier+1"],"picked":"Feel No Pain+1","floor":38},{"not_picked":["Headbutt+1","Infernal Blade+1"],"picked":"Pommel Strike+1","floor":40},{"not_picked":["Iron Wave+1","Sword Boomerang+1","Hemokinesis+1"],"picked":"Singing Bowl","floor":41},{"not_picked":["Inflame","Sword Boomerang+1"],"picked":"Body Slam+1","floor":44},{"not_picked":["Battle Trance+1","Body Slam+1","Hemokinesis+1"],"picked":"Singing Bowl","floor":45},{"not_picked":["Headbutt+1","Twin Strike+1","Pommel Strike+1"],"picked":"Singing Bowl","floor":46},{"not_picked":["Armaments+1","Thunderclap+1","Perfected Strike+1"],"picked":"Singing Bowl","floor":47},{"not_picked":["Dropkick+1","Hemokinesis+1"],"picked":"Impervious+1","floor":47},{"not_picked":["Cleave+1","True Grit+1"],"picked":"Second Wind+1","floor":47},{"not_picked":["Anger+1","Perfected Strike+1","Armaments+1"],"picked":"Singing Bowl","floor":47},{"not_picked":["Twin Strike+1","Rampage+1","Uppercut+1"],"picked":"Singing Bowl","floor":47},{"not_picked":["Havoc+1","Disarm+1"],"picked":"Entrench+1","floor":48},{"not_picked":["Warcry+1","Anger+1"],"picked":"Shrug It Off+1","floor":49}],"player_experience":1094658,"relics_obtained":[{"floor":8,"key":"MawBank"},{"floor":9,"key":"Centennial Puzzle"},{"floor":23,"key":"InkBottle"},{"floor":25,"key":"Molten Egg 2"},{"floor":26,"key":"Toxic Egg 2"},{"floor":29,"key":"Calipers"},{"floor":31,"key":"Bird Faced Urn"},{"floor":40,"key":"Dream Catcher"},{"floor":40,"key":"War Paint"},{"floor":41,"key":"Singing Bowl"},{"floor":41,"key":"Red Skull"},{"floor":43,"key":"Anchor"},{"floor":48,"key":"Old Coin"},{"floor":48,"key":"Orichalcum"}],"event_choices":[{"cards_removed":["Anger"],"damage_healed":5,"gold_gain":0,"player_choice":"Offered Common","damage_taken":0,"max_hp_gain":0,"max_hp_loss":0,"event_name":"Bonfire Elementals","floor":21,"gold_loss":0},{"cards_removed":["Anger"],"damage_healed":5,"gold_gain":0,"player_choice":"Offered Special","damage_taken":0,"max_hp_gain":0,"max_hp_loss":0,"event_name":"Bonfire Elementals","floor":21,"gold_loss":0},{"damage_healed":0,"gold_gain":0,"player_choice":"Ignored","damage_taken":0,"max_hp_gain":0,"max_hp_loss":0,"event_name":"Vampires","floor":28,"gold_loss":0},{"damage_healed":0,"gold_gain":0,"player_choice":"Obtained Relic","damage_taken":0,"relics_obtained":["Akabeko"],"max_hp_gain":0,"max_hp_loss":0,"event_name":"Addict","floor":30,"gold_loss":85},{"damage_healed":0,"gold_gain":0,"player_choice":"Ignored","damage_taken":0,"max_hp_gain":0,"max_hp_loss":0,"event_name":"Tomb of Lord Red Mask","floor":42,"gold_loss":0}],"is_beta":false,"boss_relics":[{"not_picked":["Sozu","Astrolabe"],"picked":"Snecko Eye"},{"not_picked":["SlaversCollar","Tiny House"],"picked":"Black Star"}],"items_purged_floors":[20,39,47],"is_endless":false,"potions_floor_spawned":[1,2,8,14,18,27,31,33,35,37,40,45,46],"ascension_level":0}}