{"host":"y76clbnovzmw9ubx","time":1614040289,"event":{"mods":["AchievementEnabler","BaseMod","Minty Spire (QoL Compilation)","Permanent Neow","Relic Stats"],"gold_per_floor":[12,22,40,3,3,3,18,53,53,53,71,82,110,43,43,43,43],"floor_reached":16,"language":"ENG","playtime":1410,"items_purged":[],"score":224,"play_id":"43c4fdcb-0d33-475c-9841-024e451019ec","local_time":"20210222193129","is_ascension_mode":true,"campfire_choices":[{"floor":6,"key":"REST"},{"data":"Noxious Fumes","floor":10,"key":"SMITH"},{"floor":15,"key":"REST"}],"circlet_count":0,"master_deck":["AscendersBane","Strike_G","Strike_G","Strike_G","Strike_G","Strike_G","Defend_G","Defend_G","Defend_G","Defend_G","Defend_G","Survivor+1","Neutralize","Envenom+1","Masterful Stab","Endless Agony","Backstab","Noxious Fumes+1","PiercingWail","Deflect+1","Dagger Spray","Calculated Gamble+1","Skewer"],"relics":["Ring of the Snake","Toxic Egg 2","Smiling Mask"],"acts_visited":["Exordium"],"potions_floor_usage":[8,8,16],"damage_taken":[{"damage":6,"enemies":"Cultist","floor":1,"turns":4},{"damage":2,"enemies":"Small Slimes","floor":2,"turns":4},{"damage":4,"enemies":"Jaw Worm","floor":3,"turns":3},{"damage":3,"enemies":"Blue Slaver","floor":7,"turns":3},{"damage":3,"enemies":"Gremlin Nob","floor":8,"turns":3},{"damage":8,"enemies":"Gremlin Gang","floor":11,"turns":5},{"damage":11,"enemies":"Exordium Thugs","floor":12,"turns":4},{"damage":15,"enemies":"3 Sentries","floor":13,"turns":6},{"damage":34,"enemies":"Slime Boss","floor":16,"turns":6}],"seed_played":"-4335909143957576628","potions_obtained":[{"floor":1,"key":"Regen Potion"},{"floor":2,"key":"ColorlessPotion"},{"floor":13,"key":"SpeedPotion"}],"is_trial":false,"path_per_floor":["M","M","M","$","?","R","M","E","T","R","M","M","E","?","R","B"],"character_chosen":"THE_SILENT","items_purchased":["Noxious Fumes"],"campfire_rested":2,"item_purchase_floors":[4],"current_hp_per_floor":[53,51,47,47,27,46,43,49,49,49,41,30,15,15,34,0,0],"gold":43,"neow_bonus":"THREE_RARE_CARDS","is_daily":false,"chose_seed":false,"campfire_upgraded":1,"win_rate":0.0,"timestamp":1614040289,"path_taken":["M","M","M","?","?","R","M","E","T","R","M","M","E","?","R","BOSS"],"items_purchased_type":["Card"],"build_version":"2020-12-22","purchased_purges":0,"victory":false,"max_hp_per_floor":[66,66,66,66,66,66,66,66,66,66,66,66,66,66,66,66,66],"relic_stats":{"counters":[9,38],"Smiling Mask":0,"obtain_stats":[{"Toxic Egg 2":8,"Smiling Mask":13,"Ring of the Snake":0},{"Toxic Egg 2":5,"Smiling Mask":8,"Ring of the Snake":0},{"Toxic Egg 2":17,"Smiling Mask":32,"Ring of the Snake":0}],"Ring of the Snake":[18]},"card_choices":[{"not_picked":["Storm of Steel","Doppelganger"],"picked":"Envenom","floor":0},{"not_picked":["Crippling Poison","Well Laid Plans"],"picked":"Masterful Stab","floor":1},{"not_picked":["Underhanded Strike","Backflip"],"picked":"Endless Agony","floor":2},{"not_picked":["PiercingWail","Quick Slash"],"picked":"Backstab","floor":3},{"not_picked":["Well Laid Plans","Expertise"],"picked":"PiercingWail","floor":7},{"not_picked":["Dagger Throw","Sucker Punch"],"picked":"Deflect+1","floor":8},{"not_picked":["Poisoned Stab","Die Die Die"],"picked":"Dagger Spray","floor":11},{"not_picked":["Prepared+1","Endless Agony"],"picked":"Calculated Gamble+1","floor":12},{"not_picked":["Masterful Stab","All Out Attack"],"picked":"Skewer","floor":13}],"player_experience":3276753,"relics_obtained":[{"floor":8,"key":"Toxic Egg 2"},{"floor":13,"key":"Smiling Mask"}],"event_choices":[{"damage_healed":0,"gold_gain":0,"player_choice":"Entered Light","damage_taken":20,"max_hp_gain":0,"max_hp_loss":0,"event_name":"Shining Light","floor":5,"gold_loss":0,"cards_upgraded":["Survivor","Envenom"]},{"damage_healed":0,"gold_gain":0,"player_choice":"Left Gold","damage_taken":0,"max_hp_gain":0,"max_hp_loss":0,"event_name":"World of Goop","floor":14,"gold_loss":67}],"is_beta":false,"boss_relics":[],"items_purged_floors":[],"is_endless":false,"potions_floor_spawned":[1,2,7,13],"killed_by":"Slime Boss","ascension_level":20}}