{"host":"72n3jwtrlpjobydj","time":1614074618,"event":{"mods":["AchievementEnabler","Act Like it!","Arknights","BaseMod","CapriCore","DeckTracker","Hermit","Koishi","Lobotomy","Marisa£¨Ùöéë¡¡Øª×âÞÞ£©","Minty Spire (QoL Compilation)","Permanent Neow","StSLib","SuperFastMode","The Cursed","The Gatherer","The Hierophant","The Immortal"],"gold_per_floor":[19,19,35,48,48,48,77,97,97,97,112,112,131,131,131,131,131,131],"floor_reached":16,"language":"KOR","playtime":552,"items_purged":[],"score":102,"play_id":"b8e141a6-9c1a-43d6-bd3f-7b7ceb8b1eaf","local_time":"20210223190338","is_ascension_mode":false,"campfire_choices":[{"data":"MokouMod:Burn","floor":6,"key":"SMITH"},{"floor":12,"key":"REST"},{"floor":15,"key":"REST"}],"circlet_count":0,"master_deck":["MokouMod:Strike","MokouMod:Strike","MokouMod:Strike","MokouMod:Strike","MokouMod:Strike","MokouMod:Defend","MokouMod:Defend","MokouMod:Defend","MokouMod:Defend","MokouMod:HeatSpark","MokouMod:Burn+1","MokouMod:RoaringFlare","MokouMod:Trailblazer","MokouMod:EternalBurstReactor","Parasite"],"relics":["MokouMod:PhoenixFeather","Lizard Tail","Centennial Puzzle","Letter Opener"],"acts_visited":["Exordium"],"potions_floor_usage":[7,8,16],"damage_taken":[{"damage":5,"enemies":"Small Slimes","floor":1,"turns":4},{"damage":0,"enemies":"Cultist","floor":3,"turns":4},{"damage":0,"enemies":"2 Louse","floor":4,"turns":3},{"damage":37,"enemies":"Lagavulin","floor":7,"turns":9},{"damage":26,"enemies":"Gremlin Gang","floor":8,"turns":5},{"damage":9,"enemies":"Blue Slaver","floor":11,"turns":5},{"damage":14,"enemies":"2 Fungi Beasts","floor":13,"turns":5},{"damage":166,"enemies":"Hexaghost","floor":16,"turns":19}],"seed_played":"8378408107626022858","potions_obtained":[{"floor":1,"key":"LiquidMemories"},{"floor":7,"key":"LiquidBronze"},{"floor":8,"key":"Energy Potion"},{"floor":11,"key":"ColorlessPotion"}],"is_trial":false,"path_per_floor":["M","?","M","M","?","R","E","M","T","?","M","R","M","?","R","B"],"character_chosen":"MKU","items_purchased":[],"campfire_rested":2,"item_purchase_floors":[],"current_hp_per_floor":[70,70,70,70,75,75,38,12,12,12,3,27,13,33,57,0,0,0],"gold":131,"neow_bonus":"ONE_RARE_RELIC","is_daily":false,"chose_seed":false,"campfire_upgraded":1,"win_rate":0.0,"timestamp":1614074618,"path_taken":["M","?","M","?","?","R","E","M","T","?","M","R","M","?","R","BOSS"],"items_purchased_type":[],"build_version":"2020-12-22","purchased_purges":0,"victory":false,"max_hp_per_floor":[75,75,75,75,80,80,80,80,80,80,80,80,80,80,80,80,80,80],"card_choices":[{"not_picked":["MokouMod:FujiyamaVolcano","MokouMod:ResoluteFlare"],"picked":"MokouMod:Burn","floor":1},{"not_picked":["MokouMod:Combust","MokouMod:FlareStarter"],"picked":"MokouMod:RoaringFlare","floor":3},{"not_picked":["MokouMod:Stoke","MokouMod:IllusoryBattlefield","MokouMod:HeatFactory"],"picked":"SKIP","floor":4},{"not_picked":["MokouMod:AdaptivePyromancy","MokouMod:EternalBurstReactor"],"picked":"MokouMod:Trailblazer","floor":7},{"not_picked":["MokouMod:DanceofFlames","MokouMod:Stoke"],"picked":"MokouMod:EternalBurstReactor","floor":8},{"not_picked":["MokouMod:Extinguish","MokouMod:Firecracker","MokouMod:IgneousBlow"],"picked":"SKIP","floor":11},{"not_picked":["MokouMod:TemporalFireSeal","MokouMod:ThermalPressure","MokouMod:RetainTemperature"],"picked":"SKIP","floor":13}],"player_experience":131397,"relics_obtained":[{"floor":2,"key":"Centennial Puzzle"},{"floor":7,"key":"Letter Opener"}],"event_choices":[{"damage_healed":0,"gold_gain":0,"player_choice":"Relic","damage_taken":0,"max_hp_gain":0,"max_hp_loss":0,"event_name":"Wheel of Change","floor":2,"gold_loss":0},{"damage_healed":0,"gold_gain":0,"player_choice":"Donut","damage_taken":0,"max_hp_gain":5,"max_hp_loss":0,"event_name":"Big Fish","floor":5,"gold_loss":0},{"damage_healed":0,"gold_gain":0,"player_choice":"Fled","damage_taken":0,"max_hp_gain":0,"max_hp_loss":0,"event_name":"Scrap Ooze","floor":10,"gold_loss":0},{"damage_healed":20,"gold_gain":0,"player_choice":"Healed and dodged fight","damage_taken":0,"max_hp_gain":0,"max_hp_loss":0,"event_name":"Mushrooms","floor":14,"gold_loss":0,"cards_obtained":["Parasite"]}],"is_beta":false,"boss_relics":[],"items_purged_floors":[],"is_endless":false,"potions_floor_spawned":[1,7,8,11],"killed_by":"Hexaghost","ascension_level":0}}