{"host":"leaz4ay2evvu5l18","time":1614119604,"event":{"mods":["BaseMod","Colored Map","Downfall","Minty Spire (QoL Compilation)","StSLib"],"gold_per_floor":[99,113,133,147,72,22,22,22,82,32,60,10,38,57,71,176,176,126,126,126,126],"floor_reached":19,"language":"ENG","playtime":2180,"items_purged":[],"score":184,"play_id":"f88c3025-edba-4e5d-9f76-afd3ebacb6f8","local_time":"20210223223324","is_ascension_mode":true,"campfire_choices":[{"data":"Slimebound:Split","floor":1.0,"key":"SMITH"},{"data":"Slimebound:Grow","floor":6.0,"key":"SMITH"},{"data":"Slimebound:GoopSpray","floor":10.0,"key":"SMITH"},{"data":"Slimebound:FirmFortitude","floor":12.0,"key":"SMITH"},{"data":"Slimebound:PrepareCrush","floor":18,"key":"SMITH"}],"circlet_count":0,"master_deck":["Slimebound:Strike_Slimebound","Slimebound:Strike_Slimebound","Slimebound:Tackle","Slimebound:Defend_Slimebound","Slimebound:Defend_Slimebound","Slimebound:Defend_Slimebound","Slimebound:Split+1","Slimebound:CorrosiveSpit","Slimebound:MinionMaster","Slimebound:FirmFortitude+1","Slimebound:Grow+1","Slimebound:SplitLeeching","Slimebound:LivingWall","Slimebound:GoopSpray+1","Slimebound:GoopSpray","Slimebound:SlimeBarrage","Slimebound:PrepareCrush+1"],"relics":["Slimebound:AbsorbEndCombat","Slimebound:GreedOozeRelic","Gambling Chip","Dream Catcher","Centennial Puzzle","Mango","Meat on the Bone","Snecko Eye"],"acts_visited":["Exordium","TheCity"],"potions_floor_usage":[],"damage_taken":[{"damage":1.0,"enemies":"Cultist","floor":2.0,"turns":3.0},{"damage":14.0,"enemies":"Jaw Worm","floor":3.0,"turns":5.0},{"damage":7.0,"enemies":"Small Slimes","floor":4.0,"turns":5.0},{"damage":19.0,"enemies":"3 Sentries","floor":9.0,"turns":7.0},{"damage":7.0,"enemies":"Gremlin Nob","floor":11.0,"turns":4.0},{"damage":6.0,"enemies":"3 Sentries","floor":13.0,"turns":7.0},{"damage":0.0,"enemies":"3 Louse","floor":14.0,"turns":3.0},{"damage":9.0,"enemies":"Blue Slaver","floor":15.0,"turns":3.0},{"damage":2.0,"enemies":"IC_STATUS_ARCHETYPE","floor":16.0,"turns":6.0},{"damage":0,"enemies":"Shell Parasite","floor":19,"turns":2}],"seed_played":"-6566591984620340522","potions_obtained":[{"floor":4.0,"key":"Slimebound:SpawnSlimePotion"},{"floor":9.0,"key":"Guardian:BlockOnCardUsePotion"},{"floor":15.0,"key":"DistilledChaos"}],"is_trial":false,"path_per_floor":["R","M","M","M","?","R","T","?","?","R","E","R","E","M","M","B",null,"R","M"],"character_chosen":"SLIMEBOUND","items_purchased":[],"campfire_rested":0,"item_purchase_floors":[],"current_hp_per_floor":[59,59,50,47,47,47,47,44,25,25,40,40,40,44,41,47,73,73,73,73,73],"gold":126,"neow_bonus":"TRANSFORM_TWO_CARDS","is_daily":false,"chose_seed":false,"campfire_upgraded":5,"win_rate":0.0,"timestamp":1614119604,"path_taken":["R","M","?","M","?","R","T","?","?","R","E","R","E","M","M","BOSS","R","M"],"items_purchased_type":[],"build_version":"2020-12-22","purchased_purges":0,"victory":false,"max_hp_per_floor":[59,59,59,59,59,59,59,59,59,59,73,73,73,73,73,73,73,73,73,73,73],"card_choices":[{"not_picked":["Slimebound:HauntingLick","Slimebound:LeechingTouch"],"picked":"Slimebound:Grow","floor":2.0},{"not_picked":["Slimebound:HauntingLick","Slimebound:ItLooksTasty"],"picked":"Slimebound:SplitLeeching","floor":3.0},{"not_picked":["Slimebound:ItLooksTasty","Slimebound:SpikyOuterGoop"],"picked":"Slimebound:LivingWall","floor":4.0},{"not_picked":["Slimebound:Darklings","Slimebound:SlimeSpikes"],"picked":"Slimebound:GoopSpray","floor":9.0},{"not_picked":["Slimebound:SamplingLick","Slimebound:Darklings"],"picked":"Slimebound:GoopSpray","floor":11.0},{"not_picked":["Slimebound:DisruptingSlam","Slimebound:ViciousTackle"],"picked":"Slimebound:SlimeBarrage","floor":13.0},{"not_picked":["Slimebound:ItLooksTasty","Slimebound:SlimeBrawl","Slimebound:HauntingLick"],"picked":"SKIP","floor":14.0},{"not_picked":["Slimebound:RainOfGoop","Slimebound:SplitMire","Slimebound:TongueLash"],"picked":"SKIP","floor":15.0},{"not_picked":["Slimebound:DouseInSlime","Slimebound:FirmFortitude"],"picked":"Slimebound:PrepareCrush","floor":16.0}],"player_experience":853567,"relics_obtained":[{"floor":7.0,"key":"Gambling Chip"},{"floor":9.0,"key":"Centennial Puzzle"},{"floor":11.0,"key":"Mango"},{"floor":13.0,"key":"Meat on the Bone"}],"event_choices":[{"damage_healed":0.0,"max_hp_gain":0.0,"max_hp_loss":0.0,"gold_gain":0.0,"event_name":"Scrap Ooze","player_choice":"Success","floor":8.0,"gold_loss":0.0,"damage_taken":3.0,"relics_obtained":["Dream Catcher"]}],"is_beta":false,"boss_relics":[{"not_picked":["Fusion Hammer","bronze:MakeshiftBattery"],"picked":"Snecko Eye"}],"items_purged_floors":[],"is_endless":false,"potions_floor_spawned":[4,9,15],"killed_by":"Shell Parasite","ascension_level":1}}