{"host":"nbofzmb1hl9rnais","time":1614042764,"event":{"mods":["BaseMod","Colored Map","Minty Spire (QoL Compilation)","StSLib"],"gold_per_floor":[144,189,189,114,159,159,109,199,211,313,75,75,150,25,25,325,325,370,370,70,115,160,250,250,340,340,340,165,255,300,390,390,690,690,735,1062,1162,1207,1007,1097,1187,1187,1212,1212,1212,1212,462,552,552,552],"floor_reached":51,"language":"ENG","playtime":2787,"items_purged":["Pommel Strike","Wild Strike","Heavy Blade","True Grit","Iron Wave","Flex","Evolve+1"],"score":1012,"play_id":"728e1828-ccf1-4305-905f-058fff27f7ca","local_time":"20210222171244","daily_mods":["Draft","Flight","Midas"],"is_ascension_mode":false,"campfire_choices":[{"floor":6,"key":"REST"},{"floor":15,"key":"REST"},{"floor":32,"key":"REST"},{"floor":45,"key":"REST"},{"floor":49,"key":"REST"}],"circlet_count":0,"master_deck":["Spot Weakness+1","Flame Barrier+1","Heavy Blade+1","Flex+1","Iron Wave+1","Iron Wave+1","Battle Trance+1","Spot Weakness+1","Flame Barrier+1","Barricade+1","Iron Wave+1","Reaper+1","Flex+1","Limit Break+1","Impervious+1","Impervious+1"],"relics":["Burning Blood","MawBank","Centennial Puzzle","InkBottle","ClockworkSouvenir","Snecko Eye","Vajra","Molten Egg 2","Calipers","Akabeko","Toxic Egg 2","Spirit Poop","Bird Faced Urn","Dream Catcher","Black Star","Old Coin","War Paint","Singing Bowl","Red Skull","Thread and Needle","Mark of the Bloom","Anchor","Self Forming Clay","Potion Belt","Orichalcum","Gremlin Horn"],"acts_visited":["Exordium","TheCity","TheBeyond"],"potions_floor_usage":[10,22,25,29,29,30],"damage_taken":[{"damage":0,"enemies":"Jaw Worm","floor":1,"turns":3},{"damage":0,"enemies":"Cultist","floor":2,"turns":2},{"damage":0,"enemies":"2 Louse","floor":5,"turns":3},{"damage":36,"enemies":"Gremlin Nob","floor":8,"turns":4},{"damage":6,"enemies":"3 Sentries","floor":10,"turns":5},{"damage":40,"enemies":"Hexaghost","floor":16,"turns":8},{"damage":0,"enemies":"Chosen","floor":18,"turns":4},{"damage":0,"enemies":"Shell Parasite","floor":21,"turns":2},{"damage":10,"enemies":"Centurion and Healer","floor":22,"turns":3},{"damage":28,"enemies":"Gremlin Leader","floor":23,"turns":6},{"damage":15,"enemies":"Slavers","floor":25,"turns":3},{"damage":27,"enemies":"Book of Stabbing","floor":29,"turns":5},{"damage":52,"enemies":"Shelled Parasite and Fungi","floor":30,"turns":6},{"damage":15,"enemies":"Slavers","floor":31,"turns":4},{"damage":66,"enemies":"Collector","floor":33,"turns":10},{"damage":15,"enemies":"Orb Walker","floor":35,"turns":4},{"damage":45,"enemies":"2 Orb Walkers","floor":36,"turns":4},{"damage":56,"enemies":"3 Darklings","floor":38,"turns":7},{"damage":6,"enemies":"Reptomancer","floor":40,"turns":6},{"damage":7,"enemies":"Nemesis","floor":41,"turns":7},{"damage":0,"enemies":"Giant Head","floor":48,"turns":6},{"damage":0,"enemies":"Awakened One","floor":50,"turns":8}],"seed_played":"-7386017133472573341","potions_obtained":[{"floor":1,"key":"DistilledChaos"},{"floor":2,"key":"Dexterity Potion"},{"floor":10,"key":"LiquidBronze"},{"floor":21,"key":"Fire Potion"},{"floor":22,"key":"DuplicationPotion"},{"floor":25,"key":"PowerPotion"},{"floor":29,"key":"BloodPotion"},{"floor":36,"key":"SpeedPotion"},{"floor":41,"key":"SneckoOil"},{"floor":48,"key":"HeartOfIron"}],"is_trial":false,"path_per_floor":["M","M","?","$","M","R","?","E","T","E","$","?","?","$","R","B",null,"M","?","$","M","M","E","?","E","T","?","$","E","M","E","R","B",null,"M","?","?","M","$","E","E","?","T","?","R","?","$","E","R","B",null],"character_chosen":"IRONCLAD","items_purchased":["ClockworkSouvenir","Vajra","Self Forming Clay","Potion Belt","EssenceOfSteel","Weak Potion"],"campfire_rested":5,"item_purchase_floors":[11,20,47,47,47,47],"current_hp_per_floor":[80,80,80,80,80,80,80,50,50,50,50,50,39,39,63,29,80,80,80,80,80,76,54,54,45,45,45,45,33,31,38,62,30,80,71,54,54,58,58,82,84,84,84,80,80,80,80,80,80,80],"gold":552,"neow_bonus":"","is_daily":true,"chose_seed":false,"campfire_upgraded":0,"win_rate":0.0,"timestamp":1614042764,"path_taken":["M","M","?","$","?","R","?","E","T","E","$","?","?","?","R","BOSS","M","?","$","M","M","E","?","E","T","?","$","E","?","E","R","BOSS","M","?","?","?","$","E","E","?","T","?","R","?","$","E","R","BOSS"],"items_purchased_type":["Relic","Relic","Relic","Relic","Potion","Potion"],"build_version":"2020-12-22","purchased_purges":7,"victory":true,"max_hp_per_floor":[80,80,80,80,80,80,80,80,80,80,80,80,80,80,80,80,80,80,80,80,80,80,80,80,80,80,80,80,80,80,80,80,80,80,80,80,80,80,80,82,84,84,84,80,82,82,82,84,86,86],"card_choices":[{"not_picked":["Entrench","Thunderclap"],"picked":"Spot Weakness","floor":0},{"not_picked":["True Grit","Battle Trance"],"picked":"Evolve","floor":0},{"not_picked":["Body Slam","Armaments"],"picked":"Iron Wave","floor":0},{"not_picked":["Searing Blow","Shrug It Off"],"picked":"Flame Barrier","floor":0},{"not_picked":["Flex","Shockwave"],"picked":"Heavy Blade","floor":0},{"not_picked":["Clash","Heavy Blade"],"picked":"Wild Strike","floor":0},{"not_picked":["Infernal Blade","Thunderclap"],"picked":"Flex","floor":0},{"not_picked":["Heavy Blade","Body Slam"],"picked":"Iron Wave","floor":0},{"not_picked":["True Grit","Rampage"],"picked":"Pommel Strike","floor":0},{"not_picked":["Pummel","Reckless Charge"],"picked":"Headbutt","floor":0},{"not_picked":["Cleave","Body Slam"],"picked":"Flex","floor":0},{"not_picked":["Anger","Perfected Strike"],"picked":"Heavy Blade","floor":0},{"not_picked":["Heavy Blade","Warcry"],"picked":"Iron Wave","floor":0},{"not_picked":["Uppercut","Pommel Strike"],"picked":"Battle Trance","floor":0},{"not_picked":["Perfected Strike","Headbutt"],"picked":"True Grit","floor":0},{"not_picked":["Heavy Blade","Anger","Sword Boomerang"],"picked":"SKIP","floor":1},{"not_picked":["Armaments","Entrench","Shrug It Off"],"picked":"SKIP","floor":2},{"not_picked":["True Grit","Flex","Battle Trance"],"picked":"SKIP","floor":5},{"not_picked":["Shrug It Off","Perfected Strike"],"picked":"Spot Weakness","floor":8},{"not_picked":["Intimidate","Evolve"],"picked":"Flame Barrier","floor":10},{"not_picked":["Exhume","Demon Form"],"picked":"Barricade","floor":16},{"not_picked":["Thunderclap","Heavy Blade","Dropkick"],"picked":"SKIP","floor":18},{"not_picked":["Pummel","Wild Strike","Clothesline"],"picked":"SKIP","floor":21},{"not_picked":["Pummel","Perfected Strike","Infernal Blade"],"picked":"SKIP","floor":22},{"not_picked":["Twin Strike+1","Armaments+1"],"picked":"Iron Wave+1","floor":23},{"not_picked":["Flex","Thunderclap+1"],"picked":"Reaper+1","floor":25},{"not_picked":["Body Slam+1","Cleave+1","Reckless Charge+1"],"picked":"SKIP","floor":29},{"not_picked":["Anger+1","Perfected Strike+1"],"picked":"Flex+1","floor":30},{"not_picked":["Rage+1","Dropkick+1","Fire Breathing"],"picked":"SKIP","floor":31},{"not_picked":["Double Tap+1","Bludgeon+1"],"picked":"Limit Break+1","floor":33},{"not_picked":["Power Through+1","Thunderclap+1","True Grit+1"],"picked":"SKIP","floor":35},{"not_picked":["Clothesline+1","Dark Embrace+1"],"picked":"Impervious+1","floor":38},{"not_picked":["Thunderclap+1","Blood for Blood+1","Shrug It Off+1"],"picked":"Singing Bowl","floor":40},{"not_picked":["Headbutt+1","Pommel Strike+1","Infernal Blade+1"],"picked":"Singing Bowl","floor":41},{"not_picked":["Iron Wave+1","Sword Boomerang+1","Hemokinesis+1"],"picked":"Singing Bowl","floor":45},{"not_picked":["Sword Boomerang+1","Clothesline+1","Flex+1"],"picked":"Singing Bowl","floor":48},{"not_picked":["Sword Boomerang+1","Iron Wave+1","Headbutt+1"],"picked":"Singing Bowl","floor":49}],"player_experience":156203,"relics_obtained":[{"floor":8,"key":"MawBank"},{"floor":9,"key":"Centennial Puzzle"},{"floor":10,"key":"InkBottle"},{"floor":23,"key":"Molten Egg 2"},{"floor":25,"key":"Akabeko"},{"floor":26,"key":"Toxic Egg 2"},{"floor":29,"key":"Bird Faced Urn"},{"floor":31,"key":"Dream Catcher"},{"floor":36,"key":"Old Coin"},{"floor":40,"key":"War Paint"},{"floor":40,"key":"Singing Bowl"},{"floor":41,"key":"Red Skull"},{"floor":41,"key":"Thread and Needle"},{"floor":43,"key":"Anchor"},{"floor":48,"key":"Orichalcum"},{"floor":48,"key":"Gremlin Horn"}],"event_choices":[{"damage_healed":0,"gold_gain":0,"player_choice":"Bought 0 Potions","damage_taken":0,"max_hp_gain":0,"max_hp_loss":0,"event_name":"The Woman in Blue","floor":3,"gold_loss":0},{"cards_removed":["Headbutt"],"damage_healed":0,"gold_gain":0,"player_choice":"Card Removal","damage_taken":0,"max_hp_gain":0,"max_hp_loss":0,"event_name":"The Cleric","floor":7,"gold_loss":50},{"damage_healed":0,"gold_gain":0,"player_choice":"Grow","damage_taken":0,"max_hp_gain":0,"max_hp_loss":0,"event_name":"Living Wall","floor":12,"gold_loss":0,"cards_upgraded":["Heavy Blade"]},{"damage_healed":0,"gold_gain":75,"player_choice":"Gather Gold","damage_taken":11,"max_hp_gain":0,"max_hp_loss":0,"event_name":"World of Goop","floor":13,"gold_loss":0},{"damage_healed":0,"gold_gain":0,"player_choice":"Ignored","damage_taken":0,"max_hp_gain":0,"max_hp_loss":0,"event_name":"Vampires","floor":19,"gold_loss":0},{"damage_healed":0,"gold_gain":0,"player_choice":"Opened","damage_taken":0,"relics_obtained":["Calipers"],"max_hp_gain":0,"max_hp_loss":0,"event_name":"The Mausoleum","floor":24,"gold_loss":0,"cards_obtained":["Writhe"]},{"cards_removed":["Writhe"],"damage_healed":0,"gold_gain":0,"player_choice":"Offered Curse","damage_taken":0,"relics_obtained":["Spirit Poop"],"max_hp_gain":0,"max_hp_loss":0,"event_name":"Bonfire Elementals","floor":27,"gold_loss":0},{"damage_healed":0,"gold_gain":0,"player_choice":"Fight","damage_taken":0,"max_hp_gain":0,"max_hp_loss":0,"event_name":"Mysterious Sphere","floor":36,"gold_loss":0},{"damage_healed":0,"gold_gain":100,"player_choice":"Pray","damage_taken":0,"max_hp_gain":0,"max_hp_loss":0,"event_name":"Golden Shrine","floor":37,"gold_loss":0},{"damage_healed":0,"gold_gain":0,"player_choice":"Upgrade","damage_taken":0,"relics_obtained":["Mark of the Bloom"],"max_hp_gain":0,"max_hp_loss":0,"event_name":"MindBloom","floor":42,"gold_loss":0,"cards_upgraded":["Spot Weakness","Evolve","Flame Barrier","Iron Wave","Iron Wave","Battle Trance","Flame Barrier","Barricade"]},{"damage_healed":0,"gold_gain":0,"player_choice":"Max HP","damage_taken":0,"max_hp_gain":0,"max_hp_loss":4,"event_name":"Winding Halls","floor":44,"gold_loss":0},{"damage_healed":0,"gold_gain":0,"player_choice":"Copied","damage_taken":0,"max_hp_gain":0,"max_hp_loss":0,"event_name":"Duplicator","floor":46,"gold_loss":0,"cards_obtained":["Impervious"]}],"is_beta":false,"boss_relics":[{"not_picked":["Sozu","Astrolabe"],"picked":"Snecko Eye"},{"not_picked":["SlaversCollar","Tiny House"],"picked":"Black Star"}],"items_purged_floors":[4,11,14,20,28,39,47],"is_endless":false,"potions_floor_spawned":[1,2,10,21,22,25,29,36,41,48],"ascension_level":0}}