{"host":"sav7uxregyirlf69","time":1614048891,"event":{"mods":["AchievementEnabler","BaseMod","Colored Map","DeckTracker","Keyboard Shortcuts","Minty Spire (QoL Compilation)","READ ME - Guardian Mod","StSLib","SuperFastMode"],"gold_per_floor":[117,131,32,42,42,42,61,75,102,114,126,138,177,199,211,223,223],"floor_reached":16,"language":"KOR","playtime":224,"items_purged":["Strike_G"],"score":204,"play_id":"f76dfc6a-b117-4c54-ae19-26cdba6834be","local_time":"20210223115451","is_ascension_mode":true,"campfire_choices":[{"data":"Dagger Spray","floor":6,"key":"SMITH"},{"floor":10,"key":"REST"},{"data":"Neutralize","floor":15,"key":"SMITH"}],"circlet_count":0,"master_deck":["AscendersBane","Strike_G","Strike_G","Defend_G","Defend_G","Defend_G","Defend_G","Survivor","Neutralize+1","Poisoned Stab","Poisoned Stab","Dagger Spray+1","Poisoned Stab","Deadly Poison","Dagger Throw","Backflip"],"relics":["Ring of the Snake","MawBank","Boot"],"acts_visited":["Exordium"],"potions_floor_usage":[16],"damage_taken":[{"damage":0.0,"enemies":"Small Slimes","floor":1.0,"turns":5.0},{"damage":0.0,"enemies":"Cultist","floor":2.0,"turns":4.0},{"damage":4,"enemies":"2 Louse","floor":4,"turns":3},{"damage":6,"enemies":"Looter","floor":7,"turns":3},{"damage":19,"enemies":"Large Slime","floor":8,"turns":7},{"damage":27,"enemies":"Lagavulin","floor":13,"turns":6},{"damage":7,"enemies":"Exordium Wildlife","floor":14,"turns":3},{"damage":15,"enemies":"Hexaghost","floor":16,"turns":7}],"seed_played":"5916626763211681333","potions_obtained":[{"floor":13,"key":"Dexterity Potion"},{"floor":14,"key":"DuplicationPotion"}],"is_trial":false,"path_per_floor":["M","M","$","M","?","R","M","M","T","R","?","?","E","M","R","B"],"character_chosen":"THE_SILENT","items_purchased":["Dagger Spray"],"campfire_rested":1,"item_purchase_floors":[3],"current_hp_per_floor":[44,44,44,40,40,40,34,15,15,34,27,49,22,15,15,0,0],"gold":223,"neow_bonus":"REMOVE_TWO","is_daily":false,"chose_seed":false,"campfire_upgraded":2,"win_rate":0.0,"timestamp":1614048891,"path_taken":["M","M","$","M","?","R","M","?","T","R","?","?","E","M","R","BOSS"],"items_purchased_type":["Card"],"build_version":"2020-12-22","purchased_purges":1,"victory":false,"max_hp_per_floor":[66,66,66,66,66,66,66,66,66,66,66,66,66,66,66,66,66],"card_choices":[{"not_picked":["Bane","Dodge and Roll"],"picked":"Poisoned Stab","floor":1.0},{"not_picked":["Outmaneuver","Slice"],"picked":"Poisoned Stab","floor":2.0},{"not_picked":["Prepared","Slice"],"picked":"Poisoned Stab","floor":4},{"not_picked":["Acrobatics","Concentrate"],"picked":"Deadly Poison","floor":7},{"not_picked":["Storm of Steel","Eviscerate"],"picked":"Dagger Throw","floor":8},{"not_picked":["Night Terror","Heel Hook","Acrobatics"],"picked":"SKIP","floor":13},{"not_picked":["Deadly Poison","Sucker Punch"],"picked":"Backflip","floor":14}],"player_experience":1664523,"relics_obtained":[{"floor":9,"key":"MawBank"},{"floor":13,"key":"Boot"}],"event_choices":[{"damage_healed":0,"gold_gain":0,"player_choice":"0 cards matched","damage_taken":0,"max_hp_gain":0,"max_hp_loss":0,"event_name":"Match and Keep!","floor":5,"gold_loss":0,"cards_obtained":[]},{"cards_removed":["Strike_G"],"damage_healed":0,"gold_gain":0,"player_choice":"Card Removal","damage_taken":7,"max_hp_gain":0,"max_hp_loss":0,"event_name":"Golden Wing","floor":11,"gold_loss":0},{"damage_healed":22,"gold_gain":0,"player_choice":"Banana","damage_taken":0,"max_hp_gain":0,"max_hp_loss":0,"event_name":"Big Fish","floor":12,"gold_loss":0}],"is_beta":false,"boss_relics":[],"items_purged_floors":[3],"is_endless":false,"potions_floor_spawned":[13,14],"killed_by":"Hexaghost","ascension_level":20}}