{"host":"e5vsl4ezcfxwu44d","time":1614054628,"event":{"mods":["BaseMod","Colored Powertips","Downfall","Highlight Path","Minty Spire (QoL Compilation)","StSLib","Unceasing Turn Reminder"],"gold_per_floor":[99,109,121,135,151,51,51,201,213,241,23,41,70,97,115,115,115,115],"floor_reached":16,"language":"ENG","playtime":1265,"items_purged":["bronze:Strike"],"score":139,"play_id":"cab3262d-a2a2-4d05-b9c8-1b8529641c5d","local_time":"20210222213028","is_ascension_mode":false,"campfire_choices":[{"floor":1,"key":"RECALL"},{"data":"bronze:Virus","floor":6,"key":"SMITH"}],"circlet_count":0,"master_deck":["bronze:Strike","bronze:Strike","bronze:Strike","bronze:Defend","bronze:Defend","bronze:Defend","bronze:Defend","bronze:Replicate","bronze:Goto","bronze:Virus+1","bronze:OilSpill","bronze:ChosenStrike","bronze:Break","bronze:Terminator","downfall:Icky","bronze:BugBarrage","bronze:FineTuning","bronze:FollowUp","bronze:Frontload","bronze:FindAndReplace","bronze:WhirlingStrike","bronze:Break","bronze:WildBeam"],"relics":["bronze:BronzeCore","downfall:HeartBlessingRed","Lantern","Eternal Feather","Smiling Mask"],"acts_visited":["Exordium"],"potions_floor_usage":[10],"damage_taken":[{"damage":6,"enemies":"Cultist","floor":2,"turns":3},{"damage":2,"enemies":"2 Louse","floor":3,"turns":2},{"damage":11,"enemies":"Jaw Worm","floor":4,"turns":2},{"damage":0,"enemies":"3 Louse","floor":5,"turns":2},{"damage":0,"enemies":"Exordium Wildlife","floor":9,"turns":3},{"damage":36,"enemies":"Lagavulin","floor":10,"turns":4},{"damage":5,"enemies":"downfall:FleeingMerchant","floor":11,"turns":4},{"damage":0,"enemies":"Blue Slaver","floor":12,"turns":1},{"damage":0,"enemies":"Gremlin Nob","floor":13,"turns":3},{"damage":0,"enemies":"2 Fungi Beasts","floor":15,"turns":2},{"damage":14,"enemies":"DF_ARCHETYPE_STREAMLINE","floor":16,"turns":4}],"seed_played":"7254442061004801846","potions_obtained":[{"floor":3,"key":"Regen Potion"},{"floor":12,"key":"SkillPotion"},{"floor":13,"key":"EssenceOfSteel"},{"floor":15,"key":"LiquidMemories"}],"is_trial":false,"path_per_floor":["R","M","M","M","M","R","T","?","M","E","$","M","E","T","M","B"],"character_chosen":"THE_AUTOMATON","items_purchased":["bronze:Frontload","bronze:FindAndReplace"],"campfire_rested":0,"item_purchase_floors":[11,11],"current_hp_per_floor":[63,57,55,44,44,44,44,44,44,17,12,12,12,12,12,0,0,0],"gold":115,"neow_bonus":"THREE_RARE_CARDS","is_daily":false,"chose_seed":false,"campfire_upgraded":1,"win_rate":0.0,"timestamp":1614054628,"path_taken":["R","M","M","M","?","R","T","?","M","E","$","M","E","?","M","BOSS"],"items_purchased_type":["Card","Card"],"build_version":"2020-12-22","purchased_purges":1,"victory":false,"max_hp_per_floor":[63,63,63,63,63,63,63,63,63,63,63,63,63,63,63,63,63,63],"card_choices":[{"not_picked":["bronze:HardenedForm","bronze:CleanCode"],"picked":"bronze:Virus","floor":0},{"not_picked":["bronze:DelayedSlice","bronze:FineTuning"],"picked":"bronze:OilSpill","floor":2},{"not_picked":["bronze:BugBarrage","bronze:BitShift"],"picked":"bronze:ChosenStrike","floor":3},{"not_picked":["bronze:DigitalCarnage","bronze:OilSpill"],"picked":"bronze:Break","floor":4},{"not_picked":["bronze:Repulsor","bronze:Constructor"],"picked":"bronze:Terminator","floor":5},{"not_picked":["bronze:DelayedSlice","bronze:Turbo"],"picked":"bronze:BugBarrage","floor":9},{"not_picked":["bronze:Optimize","bronze:Return"],"picked":"bronze:FineTuning","floor":10},{"not_picked":["bronze:DigitalCarnage","bronze:BronzeArmor"],"picked":"bronze:FollowUp","floor":11},{"not_picked":["bronze:Separator","bronze:CutThrough"],"picked":"bronze:WhirlingStrike","floor":12},{"not_picked":["bronze:Turbo","bronze:BitShift"],"picked":"bronze:Break","floor":13},{"not_picked":["bronze:ChosenStrike","bronze:CutThrough"],"picked":"bronze:WildBeam","floor":15}],"player_experience":229363,"relics_obtained":[{"floor":10,"key":"Lantern"},{"floor":13,"key":"Eternal Feather"},{"floor":14,"key":"Smiling Mask"}],"event_choices":[],"is_beta":false,"boss_relics":[],"items_purged_floors":[11],"is_endless":false,"potions_floor_spawned":[3,12,13,15],"killed_by":"DF_ARCHETYPE_STREAMLINE","ascension_level":0}}