{"host":"mxr7fl53uuvtjusr","time":1614107980,"event":{"mods":["2.2 Compatiblity","AchievementEnabler","Act Like it!","BaseMod","Block Reminder","Colored Map","Colored Powertips","Dark Map","GifTheSpireLib","Hero for Fun","Highlight Path","Minty Spire (QoL Compilation)","Permanent Neow","Quick Restart","Rare Cards Sparkle","Shop Mod","Spicy Shops","StSLib"],"gold_per_floor":[18,30,30,49,69,104,123,150,205,224,224,224,224,244,244,349,349,366,366,383,308,308,339,339,356,383,409,420,447,99,99,99,201,201,217,46,65,65,65,92,92,124,148,165,165,165,165,178,178,178,178,178,28,57,57],"floor_reached":56,"language":"ENG","playtime":615,"items_purged":["Decay","Defend_Y","Defend_Y","Defend_Y+1"],"score":1952,"play_id":"5e6c08f1-484b-461c-84ed-1e931a98cd73","local_time":"20210223111940","is_ascension_mode":true,"campfire_choices":[{"floor":13,"key":"RECALL"},{"data":"Strike_Y","floor":15,"key":"SMITH"},{"data":"Strike_Y","floor":24,"key":"SMITH"},{"data":"Violence","floor":32,"key":"SMITH"},{"data":"Serious_Punch","floor":41,"key":"SMITH"},{"data":"Consecutive_Normal_Punch","floor":45,"key":"SMITH"},{"floor":49,"key":"REST"},{"floor":52,"key":"REST"}],"circlet_count":0,"master_deck":["Strike_Y+1","Strike_Y+1","Strike_Y+1","Strike_Y+1","Strike_Y+1","Violence+1","Wear_Disguise+1","Normal_Punch+1","Serious_Punch+1","Normal_Punch+1","Slap+1","Consecutive_Normal_Punch+1","Normal_Punch+1","Consecutive_Normal_Punch+1","Slap+1"],"relics":["Cape","Mark of the Bloom"],"acts_visited":["Exordium","TheCity","TheBeyond","TheEnding"],"potions_floor_usage":[],"damage_taken":[{"damage":0.0,"enemies":"2 Louse","floor":1.0,"turns":1.0},{"damage":0.0,"enemies":"Small Slimes","floor":2.0,"turns":1.0},{"damage":0.0,"enemies":"Cultist","floor":4.0,"turns":1.0},{"damage":0.0,"enemies":"Lots of Slimes","floor":5.0,"turns":3.0},{"damage":0.0,"enemies":"Gremlin Nob","floor":6.0,"turns":1.0},{"damage":0.0,"enemies":"3 Louse","floor":7.0,"turns":2.0},{"damage":0.0,"enemies":"3 Sentries","floor":8.0,"turns":1.0},{"damage":0.0,"enemies":"Gremlin Gang","floor":10.0,"turns":2.0},{"damage":0,"enemies":"Exordium Wildlife","floor":14,"turns":1},{"damage":0,"enemies":"Slime Boss","floor":16,"turns":1},{"damage":0,"enemies":"Chosen","floor":18,"turns":1},{"damage":0,"enemies":"Shell Parasite","floor":20,"turns":1},{"damage":0,"enemies":"Slavers","floor":23,"turns":2},{"damage":0,"enemies":"3 Cultists","floor":25,"turns":2},{"damage":0,"enemies":"Gremlin Leader","floor":27,"turns":1},{"damage":0,"enemies":"Snecko","floor":28,"turns":1},{"damage":0,"enemies":"Slavers","floor":29,"turns":2},{"damage":0,"enemies":"Cultist and Chosen","floor":31,"turns":2},{"damage":0,"enemies":"Automaton","floor":33,"turns":1},{"damage":0,"enemies":"Orb Walker","floor":35,"turns":1},{"damage":0,"enemies":"3 Shapes","floor":37,"turns":1},{"damage":0,"enemies":"Reptomancer","floor":40,"turns":1},{"damage":0,"enemies":"Giant Head","floor":42,"turns":1},{"damage":0,"enemies":"Spire Growth","floor":44,"turns":1},{"damage":0,"enemies":"4 Shapes","floor":48,"turns":1},{"damage":0,"enemies":"Awakened One","floor":50,"turns":2},{"damage":0,"enemies":"Shield and Spear","floor":54,"turns":1},{"damage":0,"enemies":"The Heart","floor":55,"turns":3}],"seed_played":"244373386066281722","potions_obtained":[{"floor":2.0,"key":"DuplicationPotion"},{"floor":4.0,"key":"SteroidPotion"},{"floor":6.0,"key":"LiquidMemories"}],"is_trial":false,"path_per_floor":["M","M","$","M","M","E","M","E","T","M","?","?","R","M","R","B",null,"M","?","M","$","?","E","R","M","T","E","M","E","$","M","R","B",null,"M","$","M","?","?","E","R","E","T","M","R","?","?","M","R","B",null,"R","$","E","B",null],"character_chosen":"OPM","items_purchased":["Violence","Wear_Disguise","Slap"],"campfire_rested":2,"item_purchase_floors":[30,30,36],"current_hp_per_floor":[999,999,999,999,999,999,999,999,999,999,999,999,999,999,999,999,999,999,999,999,999,999,999,999,999,999,999,999,999,999,999,999,999,999,999,999,999,999,949,949,949,949,949,949,949,949,949,949,949,949,949,949,949,949,949],"gold":57,"neow_bonus":"UPGRADE_CARD","is_daily":false,"chose_seed":false,"campfire_upgraded":5,"win_rate":0.0,"timestamp":1614107980,"path_taken":["M","M","$","M","M","E","M","E","T","M","?","?","R","M","R","BOSS","M","?","M","$","?","E","R","M","T","E","M","E","$","M","R","BOSS","M","$","M","?","?","E","R","E","T","M","R","?","?","M","R","BOSS","R","$","E","BOSS"],"items_purchased_type":["Card","Card","Card"],"build_version":"2020-12-22","purchased_purges":4,"victory":true,"max_hp_per_floor":[999,999,999,999,999,999,999,999,999,999,999,999,999,999,999,999,999,999,999,999,999,999,999,999,999,999,999,999,999,999,999,999,999,999,999,999,999,999,949,949,949,949,949,949,949,949,949,949,949,949,949,949,949,949,949],"card_choices":[{"not_picked":["Ignore","Slap","Wear_Disguise"],"picked":"SKIP","floor":1.0},{"not_picked":["Do_Nothing","Toss_Stone","Ignore"],"picked":"SKIP","floor":2.0},{"not_picked":["Consecutive_Normal_Punch","Wear_Disguise","Side_Hop"],"picked":"SKIP","floor":4.0},{"not_picked":["Slap","Oh","Side_Hop"],"picked":"SKIP","floor":5.0},{"not_picked":["Yawn","Do_Nothing","Side_Hop"],"picked":"SKIP","floor":6.0},{"not_picked":["Ignore","Consecutive_Normal_Punch","Yawn"],"picked":"SKIP","floor":7.0},{"not_picked":["Get_Hopes_Up","Side_Hop","Yawn"],"picked":"SKIP","floor":8.0},{"not_picked":["Yawn","Hop","Slap"],"picked":"SKIP","floor":10.0},{"not_picked":["Ignore","Slap","Do_Nothing"],"picked":"SKIP","floor":14},{"not_picked":["Toss_Stone","Wear_Disguise","Side_Hop"],"picked":"SKIP","floor":18},{"not_picked":["Normal_Punch","Toss_Stone","Wear_Disguise"],"picked":"SKIP","floor":20},{"not_picked":["Yawn+1","Toss_Stone","Hop"],"picked":"SKIP","floor":23},{"not_picked":["Toss_Stone","Normal_Punch","Ignore"],"picked":"SKIP","floor":25},{"not_picked":["Slap","Yawn+1","Do_Nothing"],"picked":"SKIP","floor":27},{"not_picked":["Slap","Yawn","Side_Hop"],"picked":"SKIP","floor":28},{"not_picked":["Oh","Wear_Disguise","Hop"],"picked":"SKIP","floor":29},{"not_picked":["Toss_Stone","Ignore"],"picked":"Normal_Punch","floor":31},{"not_picked":["Oh","Terrifying_Presence"],"picked":"Serious_Punch","floor":33},{"not_picked":["Hop","Do_Nothing+1"],"picked":"Normal_Punch+1","floor":35},{"not_picked":["Side_Hop+1","Do_Nothing+1"],"picked":"Consecutive_Normal_Punch","floor":37},{"not_picked":["Yawn+1","Slap+1"],"picked":"Normal_Punch+1","floor":40},{"not_picked":["Terrifying_Presence","Do_Nothing"],"picked":"Consecutive_Normal_Punch+1","floor":42},{"not_picked":["Normal_Punch+1","Toss_Stone+1"],"picked":"Slap+1","floor":44},{"not_picked":["Slap+1","Ignore+1","Normal_Punch+1"],"picked":"SKIP","floor":48},{"not_picked":["Consecutive_Normal_Punch+1","Do_Nothing","Yawn"],"picked":"SKIP","floor":54}],"player_experience":258172,"relics_obtained":[],"event_choices":[{"cards_removed":["Defend_Y"],"damage_healed":0.0,"max_hp_gain":0.0,"max_hp_loss":0.0,"gold_gain":0.0,"event_name":"Golden Wing","player_choice":"Card Removal","floor":11.0,"gold_loss":0.0,"damage_taken":7.0},{"damage_healed":0,"gold_gain":0,"player_choice":"Full Heal","damage_taken":0,"max_hp_gain":0,"max_hp_loss":0,"event_name":"Wheel of Change","floor":12,"gold_loss":0},{"damage_healed":0,"gold_gain":0,"player_choice":"Smashed Altar","damage_taken":0,"max_hp_gain":0,"max_hp_loss":0,"event_name":"Forgotten Altar","floor":19,"gold_loss":0,"cards_obtained":["Decay"]},{"damage_healed":0,"gold_gain":0,"player_choice":"Ignored","damage_taken":0,"max_hp_gain":0,"max_hp_loss":0,"event_name":"The Mausoleum","floor":22,"gold_loss":0},{"cards_removed":["Defend_Y"],"damage_healed":0,"gold_gain":0,"player_choice":"Removed Skill","damage_taken":0,"max_hp_gain":0,"max_hp_loss":0,"event_name":"Falling","floor":38,"gold_loss":0},{"damage_healed":0,"gold_gain":0,"player_choice":"Max HP","damage_taken":0,"max_hp_gain":0,"max_hp_loss":50,"event_name":"Winding Halls","floor":39,"gold_loss":0},{"damage_healed":0,"gold_gain":0,"player_choice":"Ignored","damage_taken":0,"max_hp_gain":0,"max_hp_loss":0,"event_name":"Tomb of Lord Red Mask","floor":46,"gold_loss":0},{"damage_healed":0,"gold_gain":0,"player_choice":"Upgrade","damage_taken":0,"relics_obtained":["Mark of the Bloom"],"max_hp_gain":0,"max_hp_loss":0,"event_name":"MindBloom","floor":47,"gold_loss":0,"cards_upgraded":["Strike_Y","Strike_Y","Strike_Y","Defend_Y","Wear_Disguise","Normal_Punch","Slap"]}],"is_beta":false,"boss_relics":[{"not_picked":["Circlet","Runic Dome","Circlet"]},{"not_picked":["Circlet","Circlet","Fusion Hammer"]}],"items_purged_floors":[21,30,36,53],"is_endless":false,"potions_floor_spawned":[2,4,6,8,18,25,27,33,35,40],"ascension_level":4}}