{"host":"bx54wbx1b8s5cm4v","time":1614046151,"event":{"mods":["BaseMod","GifTheSpireLib","Hubris","Minty Spire (QoL Compilation)","StSLib"],"gold_per_floor":[119,138,152,327,342,370,370,400,400,400,400,423,447,486,486,605,605,619,11,11,11,11,11,26,42,69,96,96,96,96,46,46,145,145,156,256,266,23,35,62,62,77,77,77,127,127,127],"floor_reached":46,"language":"ENG","playtime":1574,"items_purged":["Defend_P"],"score":561,"play_id":"453d5a64-4684-479a-a507-8a5093873b18","local_time":"20210222230911","is_ascension_mode":false,"campfire_choices":[{"data":"CrushJoints","floor":7,"key":"SMITH"},{"data":"Vigilance","floor":10,"key":"SMITH"},{"floor":15,"key":"REST"},{"data":"Eruption","floor":23,"key":"SMITH"},{"data":"FlurryOfBlows","floor":28,"key":"SMITH"},{"data":"Perseverance","floor":30,"key":"SMITH"},{"data":"CarveReality","floor":32,"key":"SMITH"},{"data":"MasterReality","floor":41,"key":"SMITH"},{"data":"FollowUp","floor":44,"key":"SMITH"}],"circlet_count":0,"master_deck":["Strike_P","Strike_P","Strike_P","Strike_P","Defend_P","Defend_P","Defend_P","Eruption+1","Vigilance+1","CrushJoints+1","Perseverance+1","Vengeance","CarveReality+1","FlurryOfBlows+1","ReachHeaven","FollowUp+1","EmptyBody","WindmillStrike+1","Ragnarok+1","SashWhip+1","FlurryOfBlows+1","Indignation","J.A.X.","BowlingBash+1","Weave+1","Consecrate+1","MasterReality+1","CutThroughFate+1","Sanctity+1","InnerPeace+1","CutThroughFate+1","Adaptation+1","ConjureBlade"],"relics":["PureWater","PreservedInsect","Du-Vu Doll","hubris:BottledRain","Bloody Idol","Molten Egg 2","hubris:ScarierMask","Ornamental Fan","Regal Pillow","Ancient Tea Set","Nunchaku","hubris:Metronome","Empty Cage","InkBottle","Damaru","Blue Candle","hubris:MedicalManual"],"acts_visited":["Exordium","TheCity","TheBeyond"],"potions_floor_usage":[16,16,19],"damage_taken":[{"damage":0,"enemies":"Jaw Worm","floor":1,"turns":5},{"damage":0,"enemies":"Small Slimes","floor":2,"turns":3},{"damage":0,"enemies":"2 Louse","floor":3,"turns":3},{"damage":11,"enemies":"2 Fungi Beasts","floor":5,"turns":3},{"damage":23,"enemies":"Gremlin Nob","floor":6,"turns":4},{"damage":0,"enemies":"Lagavulin","floor":8,"turns":3},{"damage":0,"enemies":"Looter","floor":12,"turns":2},{"damage":8,"enemies":"Large Slime","floor":13,"turns":3},{"damage":6,"enemies":"3 Sentries","floor":14,"turns":5},{"damage":0,"enemies":"Slime Boss","floor":16,"turns":3},{"damage":13,"enemies":"3 Byrds","floor":18,"turns":4},{"damage":4,"enemies":"Shell Parasite","floor":24,"turns":3},{"damage":0,"enemies":"3 Cultists","floor":25,"turns":3},{"damage":7,"enemies":"Slavers","floor":27,"turns":2},{"damage":24,"enemies":"Collector","floor":33,"turns":5},{"damage":7,"enemies":"Orb Walker","floor":35,"turns":2},{"damage":22,"enemies":"3 Shapes","floor":37,"turns":2},{"damage":3,"enemies":"Transient","floor":39,"turns":5},{"damage":14,"enemies":"Giant Head","floor":40,"turns":5},{"damage":8,"enemies":"4 Shapes","floor":42,"turns":1},{"damage":3,"enemies":"Mind Bloom Boss Battle","floor":45,"turns":3},{"damage":59,"enemies":"Spire Growth","floor":46,"turns":3}],"seed_played":"5526167630853822451","potions_obtained":[{"floor":1,"key":"Block Potion"},{"floor":2,"key":"Strength Potion"},{"floor":6,"key":"Explosive Potion"},{"floor":8,"key":"Strength Potion"},{"floor":16,"key":"Ancient Potion"},{"floor":18,"key":"Fruit Juice"},{"floor":25,"key":"Dexterity Potion"}],"is_trial":false,"path_per_floor":["M","M","M","?","M","E","R","E","T","R","?","M","M","E","R","B",null,"M","$","?","?","?","R","M","M","T","E","R","?","R","?","R","B",null,"M","?","M","$","M","E","R","M","T","R","?","M"],"character_chosen":"WATCHER","items_purchased":["Ornamental Fan","FlurryOfBlows+1","Regal Pillow","Indignation","InkBottle"],"campfire_rested":1,"item_purchase_floors":[19,19,19,19,38],"current_hp_per_floor":[79,79,79,79,68,45,45,45,45,45,26,26,18,12,35,35,79,66,71,71,71,71,71,72,77,82,80,80,80,80,80,80,61,84,82,84,67,67,69,60,60,57,57,57,59,0,0],"gold":127,"neow_bonus":"TEN_PERCENT_HP_BONUS","is_daily":false,"chose_seed":false,"campfire_upgraded":8,"win_rate":0.0,"timestamp":1614046151,"path_taken":["M","M","M","?","M","E","R","E","T","R","?","M","M","E","R","BOSS","M","$","?","?","?","R","M","M","T","E","R","?","R","?","R","BOSS","M","?","M","$","M","E","R","?","T","R","?","M"],"items_purchased_type":["Relic","Card","Relic","Card","Relic"],"build_version":"2020-12-22","purchased_purges":1,"victory":false,"max_hp_per_floor":[79,79,79,79,79,79,79,79,79,79,79,79,79,79,79,79,79,79,84,84,84,84,84,84,84,84,84,84,84,84,84,84,84,84,84,84,84,84,84,84,84,84,84,84,84,84,84],"card_choices":[{"not_picked":["SashWhip","Pray"],"picked":"CrushJoints","floor":1},{"not_picked":["Halt","ThirdEye"],"picked":"Perseverance","floor":2},{"not_picked":["Crescendo","Swivel"],"picked":"Vengeance","floor":3},{"not_picked":["FollowUp","Conclude"],"picked":"CarveReality","floor":5},{"not_picked":["ClearTheMind","Nirvana"],"picked":"FlurryOfBlows","floor":6},{"not_picked":["Pray","LessonLearned"],"picked":"ReachHeaven","floor":8},{"not_picked":["SashWhip","SignatureMove"],"picked":"FollowUp","floor":12},{"not_picked":["Protect","ClearTheMind"],"picked":"EmptyBody","floor":13},{"not_picked":["Fasting2","EmptyMind"],"picked":"WindmillStrike+1","floor":14},{"not_picked":["DeusExMachina","Omniscience"],"picked":"Ragnarok+1","floor":16},{"not_picked":["Worship","Halt"],"picked":"SashWhip+1","floor":18},{"not_picked":["PathToVictory","Indignation+1"],"picked":"BowlingBash+1","floor":24},{"not_picked":["Halt","Protect+1","Perseverance"],"picked":"SKIP","floor":25},{"not_picked":["ClearTheMind","LikeWater"],"picked":"Weave+1","floor":27},{"not_picked":["Scrawl","Omniscience"],"picked":"MasterReality","floor":33},{"not_picked":["FearNoEvil+1","EmptyMind"],"picked":"CutThroughFate+1","floor":35},{"not_picked":["Consecrate+1","EmptyFist+1"],"picked":"Sanctity+1","floor":37},{"not_picked":["Indignation","EmptyBody+1"],"picked":"InnerPeace+1","floor":39},{"not_picked":["CarveReality+1","LikeWater+1"],"picked":"CutThroughFate+1","floor":40},{"not_picked":["SashWhip+1","Evaluate+1"],"picked":"Adaptation+1","floor":42},{"not_picked":["Adaptation","InnerPeace"],"picked":"ConjureBlade","floor":45}],"player_experience":60817,"relics_obtained":[{"floor":6,"key":"PreservedInsect"},{"floor":8,"key":"Du-Vu Doll"},{"floor":9,"key":"hubris:BottledRain"},{"floor":14,"key":"Molten Egg 2"},{"floor":26,"key":"Nunchaku"},{"floor":27,"key":"hubris:Metronome"},{"floor":40,"key":"Damaru"},{"floor":43,"key":"Blue Candle"},{"floor":45,"key":"hubris:MedicalManual"}],"event_choices":[{"damage_healed":0,"gold_gain":175,"player_choice":"AGREE","damage_taken":0,"max_hp_gain":0,"max_hp_loss":0,"event_name":"Liars Game","floor":4,"gold_loss":0,"cards_obtained":["Doubt"]},{"damage_healed":0,"gold_gain":0,"player_choice":"Take Damage","damage_taken":19,"relics_obtained":["Golden Idol"],"max_hp_gain":0,"max_hp_loss":0,"event_name":"Golden Idol","floor":11,"gold_loss":0},{"damage_healed":0,"gold_gain":0,"player_choice":"Stole Relic","damage_taken":0,"relics_obtained":["Ancient Tea Set"],"max_hp_gain":0,"max_hp_loss":0,"event_name":"Addict","floor":20,"gold_loss":0,"cards_obtained":["Shame"]},{"damage_healed":0,"gold_gain":0,"player_choice":"Gave Idol","damage_taken":0,"relics_obtained":["Bloody Idol"],"max_hp_gain":0,"max_hp_loss":0,"event_name":"Forgotten Altar","floor":21,"relics_lost":["Golden Idol"],"gold_loss":0},{"damage_healed":0,"gold_gain":0,"player_choice":"Obtain J.A.X.","damage_taken":0,"max_hp_gain":0,"max_hp_loss":0,"event_name":"Drug Dealer","floor":22,"gold_loss":0,"cards_obtained":["J.A.X."]},{"damage_healed":0,"gold_gain":0,"player_choice":"Read","damage_taken":0,"max_hp_gain":0,"max_hp_loss":0,"event_name":"The Library","floor":29,"gold_loss":0,"cards_obtained":["Consecrate"]},{"damage_healed":0,"gold_gain":0,"player_choice":"Bet on Murderer","damage_taken":0,"max_hp_gain":0,"max_hp_loss":0,"event_name":"The Joust","floor":31,"gold_loss":50},{"damage_healed":0,"gold_gain":100,"player_choice":"Pray","damage_taken":0,"max_hp_gain":0,"max_hp_loss":0,"event_name":"Golden Shrine","floor":36,"gold_loss":0},{"damage_healed":0,"gold_gain":0,"player_choice":"Fight","damage_taken":0,"max_hp_gain":0,"max_hp_loss":0,"event_name":"MindBloom","floor":45,"gold_loss":0}],"is_beta":false,"boss_relics":[{"not_picked":["hubris:Stopwatch","Snecko Eye"],"picked":"hubris:ScarierMask"},{"not_picked":["hubris:BlackHole","SacredBark"],"picked":"Empty Cage"}],"items_purged_floors":[19],"is_endless":false,"potions_floor_spawned":[1,2,6,8,14,16,18,25,27,37,39,42],"killed_by":"Spire Growth","ascension_level":0}}