{"host":"qv0ilctqn0ifp2gd","time":1614044445,"event":{"mods":["AchievementEnabler","BaseMod","Minty Spire (QoL Compilation)"],"gold_per_floor":[110,122,122,42,61,100,100,134,159,175,175,148,148,161,161,285,348,361,386,409,409,409],"floor_reached":21,"language":"ENG","playtime":1213,"items_purged":[],"score":210,"play_id":"74018739-ce67-4ce3-a66e-4024379beee6","local_time":"20210222204045","is_ascension_mode":true,"campfire_choices":[{"floor":7,"key":"REST"},{"floor":11,"key":"REST"},{"data":"Reboot","floor":13,"key":"SMITH"},{"floor":15,"key":"REST"}],"circlet_count":0,"master_deck":["Strike_B","Strike_B","Strike_B","Strike_B","Defend_B+1","Defend_B","Defend_B","Zap+1","Dualcast","Leap","Barrage","Reboot+1","Tempest","Chaos","Conserve Battery","FTL","Coolheaded","Cold Snap+1","Hello World","Thunder Strike","Turbo","Sweeping Beam+1","Force Field"],"relics":["Cracked Core","Golden Idol","War Paint","Bag of Preparation","Dream Catcher","Tiny House"],"acts_visited":["Exordium","TheCity"],"potions_floor_usage":[3,6,8,10,16,16,20],"damage_taken":[{"damage":2,"enemies":"Small Slimes","floor":1,"turns":3},{"damage":1,"enemies":"2 Louse","floor":2,"turns":3},{"damage":2,"enemies":"Jaw Worm","floor":5,"turns":4},{"damage":36,"enemies":"Gremlin Nob","floor":6,"turns":4},{"damage":30,"enemies":"3 Sentries","floor":8,"turns":6},{"damage":4,"enemies":"Gremlin Gang","floor":10,"turns":5},{"damage":0,"enemies":"2 Fungi Beasts","floor":14,"turns":3},{"damage":36,"enemies":"Hexaghost","floor":16,"turns":10},{"damage":48,"enemies":"3 Byrds","floor":18,"turns":6},{"damage":17,"enemies":"Chosen","floor":19,"turns":5},{"damage":3,"enemies":"Snecko","floor":20,"turns":4},{"damage":12,"enemies":"Chosen and Byrds","floor":21,"turns":4}],"seed_played":"381142942608167504","potions_obtained":[{"floor":2,"key":"EntropicBrew"},{"floor":6,"key":"EssenceOfSteel"},{"floor":8,"key":"FearPotion"},{"floor":14,"key":"Regen Potion"},{"floor":17,"key":"PotionOfCapacity"},{"floor":19,"key":"SneckoOil"}],"is_trial":false,"path_per_floor":["M","M","?","$","M","E","R","E","T","M","R","?","R","M","R","B",null,"M","M","M","M"],"character_chosen":"DEFECT","items_purchased":["Reboot"],"campfire_rested":3,"item_purchase_floors":[4],"current_hp_per_floor":[73,72,54,54,52,16,38,8,8,4,26,26,26,26,48,27,80,32,15,12,0,0],"gold":409,"neow_bonus":"REMOVE_CARD","is_daily":false,"chose_seed":false,"campfire_upgraded":1,"win_rate":0.0,"timestamp":1614044445,"path_taken":["M","M","?","$","M","E","R","E","T","M","R","?","R","M","R","BOSS","M","M","M","M"],"items_purchased_type":["Card"],"build_version":"2020-12-22","purchased_purges":0,"victory":false,"max_hp_per_floor":[75,75,75,75,75,75,75,75,75,75,75,75,75,75,75,75,80,80,80,80,80,80],"card_choices":[{"not_picked":["Stack","Streamline"],"picked":"Leap","floor":1},{"not_picked":["Stack","Compile Driver"],"picked":"Barrage","floor":2},{"not_picked":["Coolheaded","Redo"],"picked":"Tempest","floor":5},{"not_picked":["Blizzard","Auto Shields"],"picked":"Chaos","floor":6},{"not_picked":["Reprogram","Cold Snap"],"picked":"Conserve Battery","floor":8},{"not_picked":["Sunder","Rebound"],"picked":"FTL","floor":10},{"not_picked":["Redo","Reinforced Body"],"picked":"Coolheaded","floor":11},{"not_picked":["Heatsinks","Self Repair"],"picked":"Cold Snap","floor":14},{"not_picked":["Beam Cell","Leap"],"picked":"Hello World","floor":15},{"not_picked":["Amplify","Seek"],"picked":"Thunder Strike","floor":16},{"not_picked":["Go for the Eyes","Streamline"],"picked":"Turbo","floor":17},{"not_picked":["Gash","Barrage","Fusion"],"picked":"SKIP","floor":18},{"not_picked":["Stack","Turbo"],"picked":"Sweeping Beam+1","floor":19},{"not_picked":["Hello World","Cold Snap"],"picked":"Force Field","floor":20}],"player_experience":46318,"relics_obtained":[{"floor":6,"key":"War Paint"},{"floor":8,"key":"Bag of Preparation"},{"floor":9,"key":"Dream Catcher"}],"event_choices":[{"damage_healed":0,"gold_gain":0,"player_choice":"Take Damage","damage_taken":18,"relics_obtained":["Golden Idol"],"max_hp_gain":0,"max_hp_loss":0,"event_name":"Golden Idol","floor":3,"gold_loss":0},{"damage_healed":0,"gold_gain":0,"player_choice":"Left Gold","damage_taken":0,"max_hp_gain":0,"max_hp_loss":0,"event_name":"World of Goop","floor":12,"gold_loss":27}],"is_beta":false,"boss_relics":[{"not_picked":["Fusion Hammer","SacredBark"],"picked":"Tiny House"}],"items_purged_floors":[],"is_endless":false,"potions_floor_spawned":[2,6,8,14,19],"killed_by":"Chosen and Byrds","ascension_level":2}}