{"host":"n2sr453jcjz6vvl4","time":1614041709,"event":{"mods":["BaseMod","Colored Map","Minty Spire (QoL Compilation)","Permanent Neow","Relic Stats","StSLib"],"gold_per_floor":[20,20,33,33,58,89,89,112,137,158,158,158,158],"floor_reached":12,"language":"ENG","playtime":734,"items_purged":[],"score":96,"play_id":"e6136d43-726a-4976-805c-2e5fdba0171c","local_time":"20210222205509","is_ascension_mode":true,"campfire_choices":[{"data":"Loop","floor":7,"key":"SMITH"},{"data":"Self Repair","floor":11,"key":"SMITH"}],"circlet_count":0,"master_deck":["Strike_B","Strike_B","Strike_B+1","Defend_B","Defend_B","Defend_B","Defend_B","Zap","Dualcast","White Noise","Injury","Loop+1","Streamline+1","Loop","Self Repair+1","Conserve Battery"],"relics":["Cracked Core","Incense Burner","Golden Idol","Whetstone","Nunchaku"],"acts_visited":[],"potions_floor_usage":[],"damage_taken":[{"damage":9,"enemies":"Small Slimes","floor":1,"turns":2},{"damage":13,"enemies":"Jaw Worm","floor":3,"turns":4},{"damage":6,"enemies":"2 Louse","floor":5,"turns":3},{"damage":10,"enemies":"Lagavulin","floor":6,"turns":5},{"damage":11,"enemies":"Blue Slaver","floor":8,"turns":4},{"damage":4,"enemies":"Red Slaver","floor":10,"turns":4},{"damage":23,"enemies":"3 Sentries","floor":12,"turns":4}],"seed_played":"-8429918397912679406","potions_obtained":[{"floor":1,"key":"FearPotion"},{"floor":5,"key":"SteroidPotion"},{"floor":10,"key":"ColorlessPotion"}],"is_trial":false,"path_per_floor":["M","?","M","?","M","E","R","M","T","M","R","E"],"character_chosen":"DEFECT","items_purchased":[],"campfire_rested":0,"item_purchase_floors":[],"current_hp_per_floor":[66,66,53,46,40,30,30,19,19,22,22,0,0],"gold":158,"neow_bonus":"ONE_RARE_RELIC","is_daily":false,"chose_seed":false,"campfire_upgraded":2,"win_rate":0.0,"timestamp":1614041709,"path_taken":["M","?","M","?","M","E","R","M","T","M","R","E"],"items_purchased_type":[],"build_version":"2020-12-22","purchased_purges":0,"victory":false,"max_hp_per_floor":[75,75,75,75,75,75,75,75,75,75,75,75,75],"relic_stats":{"Nunchaku":[0],"counters":[7,26],"Golden Idol":23,"Whetstone":["Strike_B","Streamline"],"obtain_stats":[{"Nunchaku":9,"Golden Idol":2,"Incense Burner":0,"Whetstone":6,"Cracked Core":0},{"Nunchaku":5,"Golden Idol":1,"Incense Burner":0,"Whetstone":4,"Cracked Core":0},{"Nunchaku":18,"Golden Idol":2,"Incense Burner":0,"Whetstone":14,"Cracked Core":0}]},"card_choices":[{"not_picked":["Beam Cell","Compile Driver"],"picked":"White Noise","floor":1},{"not_picked":["Double Energy","Beam Cell"],"picked":"Loop","floor":3},{"not_picked":["Recycle","Turbo"],"picked":"Streamline","floor":5},{"not_picked":["Consume","Reinforced Body"],"picked":"Loop","floor":6},{"not_picked":["Redo","Leap"],"picked":"Self Repair","floor":8},{"not_picked":["Hologram","Go for the Eyes"],"picked":"Conserve Battery","floor":10}],"player_experience":230562,"relics_obtained":[{"floor":6,"key":"Whetstone"},{"floor":9,"key":"Nunchaku"}],"event_choices":[{"damage_healed":0,"gold_gain":0,"player_choice":"Take Wound","damage_taken":0,"relics_obtained":["Golden Idol"],"max_hp_gain":0,"max_hp_loss":0,"event_name":"Golden Idol","floor":2,"gold_loss":0,"cards_obtained":["Injury"]},{"cards_removed":["Strike_B"],"damage_healed":0,"gold_gain":0,"player_choice":"Card Removal","damage_taken":7,"max_hp_gain":0,"max_hp_loss":0,"event_name":"Golden Wing","floor":4,"gold_loss":0}],"is_beta":false,"boss_relics":[],"items_purged_floors":[],"is_endless":false,"potions_floor_spawned":[1,5,10],"killed_by":"3 Sentries","ascension_level":4}}