{"host":"i0avyit1s6jb1siw","time":1614095309,"event":{"mods":["BaseMod","DeckTracker","Dota2Spire","Minty Spire (QoL Compilation)","Quick Restart","StSLib","SuperFastMode"],"gold_per_floor":[109,22,40,40,51,76,90,90,115,115,7,37,50,60,80,80,80,80],"floor_reached":17,"language":"ENG","playtime":333,"items_purged":[],"score":238,"play_id":"b56599aa-9c19-45d3-9ea5-03db00cff90f","local_time":"20210223164829","is_ascension_mode":true,"campfire_choices":[{"data":"Inflame","floor":8,"key":"SMITH"},{"data":"Disarm","floor":16,"key":"SMITH"}],"circlet_count":0,"master_deck":["AscendersBane","Strike_R","Strike_R","Strike_R","Strike_R","Strike_R","Defend_R","Defend_R","Defend_R","Defend_R","Bash","Inflame+1","Blood for Blood+1","Disarm+1","Shrug It Off","Sword Boomerang","Feel No Pain","True Grit","Wild Strike","Armaments","True Grit"],"relics":["Burning Blood","NeowsBlessing","Dota2Spire:MaskOfMadness","Bag of Preparation","Akabeko"],"acts_visited":["Exordium"],"potions_floor_usage":[13],"damage_taken":[{"damage":0,"enemies":"Cultist","floor":1,"turns":1},{"damage":0,"enemies":"Small Slimes","floor":3,"turns":1},{"damage":0,"enemies":"Jaw Worm","floor":5,"turns":1},{"damage":39,"enemies":"Lagavulin","floor":6,"turns":8},{"damage":4,"enemies":"Looter","floor":7,"turns":4},{"damage":10,"enemies":"3 Sentries","floor":12,"turns":8},{"damage":15,"enemies":"Gremlin Gang","floor":13,"turns":4},{"damage":9,"enemies":"Blue Slaver","floor":14,"turns":5},{"damage":8,"enemies":"2 Fungi Beasts","floor":15,"turns":3},{"damage":29,"enemies":"Hexaghost","floor":17,"turns":11}],"seed_played":"8253564851407000051","potions_obtained":[{"floor":5,"key":"Dota2Spire:Clarity"},{"floor":7,"key":"Block Potion"},{"floor":12,"key":"AttackPotion"},{"floor":13,"key":"ElixirPotion"}],"is_trial":false,"path_per_floor":["M","$","M","?","M","E","M","R","T","T","$","E","M","M","M","R","B"],"character_chosen":"IRONCLAD","items_purchased":["Blood for Blood","True Grit","Wild Strike"],"campfire_rested":0,"item_purchase_floors":[2,11,11],"current_hp_per_floor":[74,74,75,75,75,42,44,44,44,44,44,40,31,28,26,26,0,0],"gold":80,"neow_bonus":"THREE_ENEMY_KILL","is_daily":false,"chose_seed":false,"campfire_upgraded":2,"win_rate":0.0,"timestamp":1614095309,"path_taken":["M","?","M","?","M","E","M","R","T","T","$","E","?","M","M","R","BOSS"],"items_purchased_type":["Card","Card","Card"],"build_version":"2020-12-22","purchased_purges":0,"victory":false,"max_hp_per_floor":[75,75,75,75,75,75,75,75,75,75,75,75,75,75,75,75,75,75],"card_choices":[{"not_picked":["Iron Wave","Armaments"],"picked":"Inflame","floor":1},{"not_picked":["Anger","Inflame"],"picked":"Disarm","floor":3},{"not_picked":["Thunderclap","Clash"],"picked":"Shrug It Off","floor":5},{"not_picked":["Wild Strike","Havoc"],"picked":"Sword Boomerang","floor":6},{"not_picked":["Entrench","Barricade"],"picked":"Feel No Pain","floor":7},{"not_picked":["Clash","Flex","Intimidate"],"picked":"SKIP","floor":12},{"not_picked":["Clothesline","Entrench"],"picked":"Armaments","floor":13},{"not_picked":["Rupture","Armaments","Heavy Blade"],"picked":"SKIP","floor":14},{"not_picked":["Clothesline","Flex"],"picked":"True Grit","floor":15}],"player_experience":2490401,"relics_obtained":[{"floor":6,"key":"Dota2Spire:MaskOfMadness"},{"floor":9,"key":"Bag of Preparation"},{"floor":12,"key":"Akabeko"}],"event_choices":[{"damage_healed":0,"gold_gain":0,"player_choice":"Grow","damage_taken":0,"max_hp_gain":0,"max_hp_loss":0,"event_name":"Living Wall","floor":4,"gold_loss":0,"cards_upgraded":["Blood for Blood"]}],"is_beta":false,"boss_relics":[],"items_purged_floors":[],"is_endless":false,"potions_floor_spawned":[5,7,12,13],"killed_by":"Hexaghost","ascension_level":20}}