{"host":"ubrtv1ugg19hk6pr","time":1614048577,"event":{"mods":["Act Like it!","BaseMod","Bestiary","Colored Powertips","Duelist Mod","JesterMod","Minty Spire (QoL Compilation)","Replay The Spire","Robot Space Explorer","Ruina","Shop Mod","StSLib","The Marked","The Senshi"],"gold_per_floor":[113,131,192,41,61,61,61,61,61,80,80,91,110,110,110,212,262,279,279,354,40,59,59,59,59,113,130,58,58,90,111,111,220,220,241,260,278,302,328,328,337,363,414,441,493,493,493,518,518,518],"floor_reached":51,"language":"ENG","playtime":2344,"items_purged":["Delirium"],"score":762,"play_id":"ea013b6a-f927-47f0-ae80-19bc784cd6e4","local_time":"20210222204937","is_ascension_mode":false,"campfire_choices":[{"data":"RobotSpaceExplorer:MiniBoosters","floor":6.0,"key":"SMITH"},{"floor":11.0,"key":"REST"},{"floor":15.0,"key":"REST"},{"data":"RobotSpaceExplorer:MiniBoosters","floor":23,"key":"SMITH"},{"data":"RobotSpaceExplorer:TrailblazerForm","floor":25,"key":"SMITH"},{"data":"RobotSpaceExplorer:Blaster","floor":29,"key":"SMITH"},{"floor":32,"key":"REST"},{"data":"RobotSpaceExplorer:Explosion","floor":40,"key":"SMITH"},{"floor":47,"key":"REST"},{"data":"Pot Of Greed","floor":49,"key":"SMITH"}],"circlet_count":0,"master_deck":["RobotSpaceExplorer:Strike+1","RobotSpaceExplorer:Strike","RobotSpaceExplorer:Strike","RobotSpaceExplorer:Defend+1","RobotSpaceExplorer:Defend","RobotSpaceExplorer:Defend","RobotSpaceExplorer:Defend","RobotSpaceExplorer:Scan","RobotSpaceExplorer:MiniLasers","RobotSpaceExplorer:MiniBoosters+1","RobotSpaceExplorer:ShovelStrike","RobotSpaceExplorer:JunkDive","RobotSpaceExplorer:DoubleFind+1","RobotSpaceExplorer:GlueSpray","RobotSpaceExplorer:JunkDive","RobotSpaceExplorer:Blaster+1","RobotSpaceExplorer:FranticSearch","RobotSpaceExplorer:Electropulse","RobotSpaceExplorer:TrailblazerForm+1","RobotSpaceExplorer:MiniBoosters+1","RobotSpaceExplorer:Probe+1","RobotSpaceExplorer:TrailblazerForm","RobotSpaceExplorer:Explosion+1","RobotSpaceExplorer:MiniDrones","RobotSpaceExplorer:Ammunition+1","Madness","Madness","RobotSpaceExplorer:PowerCollector+1","RobotSpaceExplorer:Autoloader","CommonCold","RobotSpaceExplorer:ScrapMissile+1","Pot Of Greed+1","Pot Of Greed","Pot Of Greed","Finesse","Thinking Ahead","Swift Strike","RobotSpaceExplorer:FranticSearch+1","Pot Of Greed","RobotSpaceExplorer:GlueShot+1"],"relics":["RobotSpaceExplorer:RoboCore","Mercury Hourglass","Replay:Wax Seal","Lizard Tail","Tiny House","Art of War","Sling","Toy Ornithopter","ReplayTheSpireMod:CursedCoin","CeramicFish","theSenshi:FeatherClipsRelic","Painkiller Herb","Ring of Panic","ReplayTheSpireMod:Ring of Collecting","ReplayTheSpireMod:Ring of Challenge","Grinning Jar","White Beast Statue"],"acts_visited":["Exordium","TheCity","TheBeyond"],"potions_floor_usage":[30,30,30,30,30,33,39,39,39,39,39,48,50,50,50,50,50],"damage_taken":[{"damage":5.0,"enemies":"Jaw Worm","floor":1.0,"turns":4.0},{"damage":1.0,"enemies":"Cultist","floor":2.0,"turns":3.0},{"damage":0.0,"enemies":"Small Slimes","floor":5.0,"turns":3.0},{"damage":6.0,"enemies":"2 Fungi Beasts","floor":10.0,"turns":3.0},{"damage":3.0,"enemies":"Large Slime","floor":12.0,"turns":5.0},{"damage":0.0,"enemies":"Red Slaver","floor":13.0,"turns":1.0},{"damage":28.0,"enemies":"Hexaghost","floor":16.0,"turns":9.0},{"damage":7.0,"enemies":"3 Byrds","floor":18.0,"turns":3.0},{"damage":5,"enemies":"Chosen","floor":22,"turns":3},{"damage":8,"enemies":"Snake Plant","floor":27,"turns":5},{"damage":30,"enemies":"Book of Stabbing","floor":30,"turns":5},{"damage":2,"enemies":"Centurion and Healer","floor":31,"turns":8},{"damage":48,"enemies":"Automaton","floor":33,"turns":11},{"damage":4,"enemies":"Orb Walker","floor":35,"turns":4},{"damage":13,"enemies":"3 Shapes","floor":36,"turns":3},{"damage":17,"enemies":"Sphere and 2 Shapes","floor":38,"turns":5},{"damage":33,"enemies":"Writhing Mass","floor":39,"turns":5},{"damage":24,"enemies":"Transient","floor":42,"turns":5},{"damage":3,"enemies":"Giant Head","floor":45,"turns":4},{"damage":1,"enemies":"Maw","floor":48,"turns":7},{"damage":52,"enemies":"Awakened One","floor":50,"turns":10}],"seed_played":"1422076366967599464","potions_obtained":[{"floor":1.0,"key":"Weak Potion"},{"floor":5.0,"key":"RobotSpaceExplorer:RecyclePotion"},{"floor":12.0,"key":"FearPotion"},{"floor":16.0,"key":"Reflective Coating"},{"floor":22,"key":"Weak Potion"},{"floor":27,"key":"EntropicBrew"},{"floor":33,"key":"FearPotion"},{"floor":38,"key":"ColorlessPotion"},{"floor":42,"key":"Explosive Potion"},{"floor":45,"key":"Weak Potion"},{"floor":48,"key":"EntropicBrew"}],"is_trial":false,"path_per_floor":["M","M","?","$","M","R","?","?","T","M","R","M","M","$","R","B",null,"M","?","?","$","M","R","$","R","T","M","$","R","E","M","R","B",null,"?","?","?","?","?","T","?","?","T","?","E","?","T","?","T","B",null],"character_chosen":"RobotSpaceExplorer","items_purchased":["Replay:Wax Seal","RobotSpaceExplorer:GlueSpray","Art of War","Sling","ReplayTheSpireMod:CursedCoin","CeramicFish"],"campfire_rested":4,"item_purchase_floors":[4,4,21,21,28,28],"current_hp_per_floor":[77,76,44,44,44,44,44,28,28,22,46,43,43,43,67,39,87,80,80,72,72,67,67,67,67,67,59,59,59,54,58,84,45,87,87,80,69,58,56,56,56,38,38,28,31,31,57,67,67,46],"gold":518,"neow_bonus":"TEN_PERCENT_HP_BONUS","is_daily":false,"chose_seed":false,"campfire_upgraded":6,"win_rate":0.0,"timestamp":1614048577,"path_taken":["M","M","?","?","M","R","?","?","T","M","R","M","M","$","R","BOSS","M","?","?","$","?","R","$","R","T","M","?","R","E","M","R","BOSS","?","?","?","?","?","T","?","?","T","?","E","?","T","?","T","BOSS"],"items_purchased_type":["Relic","Card","Relic","Relic","Relic","Relic"],"build_version":"2020-12-22","purchased_purges":1,"victory":true,"max_hp_per_floor":[82,82,82,82,82,82,82,82,82,82,82,82,82,82,82,82,87,87,87,87,87,87,87,87,87,87,87,87,87,87,87,87,87,87,87,87,87,87,87,87,87,87,87,87,87,87,87,87,87,87],"card_choices":[{"not_picked":["RobotSpaceExplorer:Calculate","RobotSpaceExplorer:SlimeMissile"],"picked":"RobotSpaceExplorer:MiniBoosters","floor":1.0},{"not_picked":["RobotSpaceExplorer:SurgingShield","RobotSpaceExplorer:Ammunition"],"picked":"RobotSpaceExplorer:ShovelStrike","floor":2.0},{"not_picked":["RobotSpaceExplorer:Counterblock","RobotSpaceExplorer:IronShell"],"picked":"RobotSpaceExplorer:JunkDive","floor":3.0},{"not_picked":["RobotSpaceExplorer:StunGrenade","RobotSpaceExplorer:ShockKick"],"picked":"RobotSpaceExplorer:DoubleFind","floor":3.0},{"not_picked":["RobotSpaceExplorer:MetalStrike","RobotSpaceExplorer:StunGrenade"],"picked":"RobotSpaceExplorer:JunkDive","floor":5.0},{"not_picked":["RobotSpaceExplorer:FreezingShield","RobotSpaceExplorer:SwiftStep"],"picked":"RobotSpaceExplorer:Blaster","floor":10.0},{"not_picked":["RobotSpaceExplorer:StunGrenade","RobotSpaceExplorer:ShovelStrike"],"picked":"RobotSpaceExplorer:FranticSearch","floor":12.0},{"not_picked":["RobotSpaceExplorer:ImprovisedAttack","RobotSpaceExplorer:ToxicBomb"],"picked":"RobotSpaceExplorer:Electropulse","floor":13.0},{"not_picked":["RobotSpaceExplorer:Asteroid","RobotSpaceExplorer:Wormhole"],"picked":"RobotSpaceExplorer:TrailblazerForm","floor":16.0},{"not_picked":["RobotSpaceExplorer:SurgingShield","RobotSpaceExplorer:Counterblock"],"picked":"RobotSpaceExplorer:MiniBoosters","floor":17.0},{"not_picked":["RobotSpaceExplorer:ScrapMissile","RobotSpaceExplorer:BigMissile+1"],"picked":"RobotSpaceExplorer:Probe+1","floor":18.0},{"not_picked":["RobotSpaceExplorer:FrostMissile","RobotSpaceExplorer:MetalStrike","RobotSpaceExplorer:FranticSearch+1"],"picked":"SKIP","floor":22},{"not_picked":["RobotSpaceExplorer:ToxicBomb","RobotSpaceExplorer:Counterblock+1","RobotSpaceExplorer:ShockKick"],"picked":"SKIP","floor":27},{"not_picked":["RobotSpaceExplorer:DualCore","RobotSpaceExplorer:FreezingShield","RobotSpaceExplorer:Counterblock"],"picked":"SKIP","floor":30},{"not_picked":["RobotSpaceExplorer:Electropulse","RobotSpaceExplorer:PowerGlove"],"picked":"RobotSpaceExplorer:TrailblazerForm","floor":31},{"not_picked":["RobotSpaceExplorer:BlastShield","RobotSpaceExplorer:Scanner"],"picked":"RobotSpaceExplorer:Explosion","floor":33},{"not_picked":["RobotSpaceExplorer:ShovelStrike+1","RobotSpaceExplorer:Probe"],"picked":"RobotSpaceExplorer:MiniDrones","floor":35},{"not_picked":["RobotSpaceExplorer:ShovelStrike","RobotSpaceExplorer:PowerGlove"],"picked":"RobotSpaceExplorer:Ammunition+1","floor":36},{"not_picked":["RobotSpaceExplorer:LuckyStrike+1","RobotSpaceExplorer:SlimeMissile"],"picked":"RobotSpaceExplorer:PowerCollector+1","floor":38},{"not_picked":["RobotSpaceExplorer:DoubleBlock","RobotSpaceExplorer:ShockKick"],"picked":"RobotSpaceExplorer:Autoloader","floor":39},{"not_picked":["RobotSpaceExplorer:Blitz","RobotSpaceExplorer:SurgingShield"],"picked":"RobotSpaceExplorer:ScrapMissile+1","floor":42},{"not_picked":["ReplayTheSpireMod:Private Reserves","Deep Breath"],"picked":"Finesse","floor":44},{"not_picked":["Replay:Sssssssssstrike","PanicButton"],"picked":"Thinking Ahead","floor":44},{"not_picked":["Good Instincts","Poisoned Strike"],"picked":"Swift Strike","floor":44},{"not_picked":["RobotSpaceExplorer:IronShell","RobotSpaceExplorer:Probe"],"picked":"RobotSpaceExplorer:FranticSearch+1","floor":45},{"not_picked":["RobotSpaceExplorer:SurgingStrike","RobotSpaceExplorer:BigMissile"],"picked":"RobotSpaceExplorer:GlueShot+1","floor":48}],"player_experience":513065,"relics_obtained":[{"floor":3.0,"key":"Mercury Hourglass"},{"floor":9.0,"key":"Lizard Tail"},{"floor":26,"key":"Toy Ornithopter"},{"floor":30,"key":"theSenshi:FeatherClipsRelic"},{"floor":41,"key":"Ring of Panic"},{"floor":41,"key":"ReplayTheSpireMod:Ring of Collecting"},{"floor":43,"key":"ReplayTheSpireMod:Ring of Challenge"},{"floor":43,"key":"Grinning Jar"},{"floor":45,"key":"White Beast Statue"}],"event_choices":[{"damage_healed":0.0,"max_hp_gain":0.0,"max_hp_loss":0.0,"gold_gain":0.0,"event_name":"Living Wall","player_choice":"Grow","floor":7.0,"gold_loss":0.0,"damage_taken":0.0,"cards_upgraded":["RobotSpaceExplorer:DoubleFind"]},{"damage_healed":0.0,"max_hp_gain":0.0,"max_hp_loss":0.0,"gold_gain":0.0,"event_name":"Shining Light","player_choice":"Entered Light","floor":8.0,"gold_loss":0.0,"damage_taken":16.0,"cards_upgraded":["RobotSpaceExplorer:Defend","RobotSpaceExplorer:Strike"]},{"damage_healed":0,"gold_gain":75,"player_choice":"Touch","damage_taken":8,"max_hp_gain":0,"max_hp_loss":0,"event_name":"FaceTrader","floor":20,"gold_loss":0},{"damage_healed":0,"gold_gain":0,"player_choice":"Embrace Madness","damage_taken":11,"max_hp_gain":0,"max_hp_loss":0,"event_name":"Winding Halls","floor":37,"gold_loss":0,"cards_obtained":["Madness","Madness"]},{"damage_healed":0,"gold_gain":0,"player_choice":"Memory 3","damage_taken":10,"max_hp_gain":0,"max_hp_loss":0,"event_name":"SensoryStone","floor":44,"gold_loss":0},{"cards_removed":["RobotSpaceExplorer:Strike"],"damage_healed":0,"gold_gain":0,"player_choice":"Removed Attack","damage_taken":0,"max_hp_gain":0,"max_hp_loss":0,"event_name":"Falling","floor":46,"gold_loss":0}],"is_beta":false,"boss_relics":[{"not_picked":["Cursed Key","Snecko Eye"],"picked":"Tiny House"},{"not_picked":["Calling Bell","Runic Pyramid"],"picked":"Painkiller Herb"}],"items_purged_floors":[28],"is_endless":false,"potions_floor_spawned":[1,5,12,16,22,27,33,38,42,45,48],"ascension_level":0}}