{"host":"w2kjv12xyhtt0cv2","time":1614088129,"event":{"mods":["10 clothes from DAL","100% Spire Juice","Act Like it!","BaseMod","Colored Map","Friendly Minions","Gensokyo","GifTheSpireLib","Highlight Path","Hubris","Library of Ruina","Minty Spire (QoL Compilation)","Quick Restart","Relic Stats","Reliquary","Replay The Spire","Ring Of Destiny","Robot Space Explorer","Shop Mod","Spicy Shops","StSLib","The Dragon Tamer","UnlockEverythingMod","Waifu the Spire","[IsaacMod]以撒尖塔","[功能]功能增强和修复MOD","【功能Mod】Neow奖励","【功能Mod】聪明的最终Boss","【遗物卡牌】REMEMod","没有小屋子和绿帽子啦"],"gold_per_floor":[117,152,196,196,28,100,100,142,142,156,203,247,247,329,329,350,350],"floor_reached":16,"language":"ZHS","playtime":1123,"items_purged":["RingOfDestiny:Defend_SU"],"score":108,"play_id":"0fdb479a-1201-4419-9f99-0d42c5c5680d","local_time":"20210223214849","is_ascension_mode":false,"campfire_choices":[{"data":"DoctorFetus","floor":7,"key":"SMITH"},{"data":"RingOfDestiny:DoomsdayRitual","floor":13,"key":"SMITH"},{"data":"RingOfDestiny:RingOfGreed","floor":15,"key":"SMITH"}],"circlet_count":0,"master_deck":["RingOfDestiny:Defend_SU","RingOfDestiny:Defend_SU","RingOfDestiny:Strike_SU","RingOfDestiny:Strike_SU","RingOfDestiny:MaliciousBarrier","RingOfDestiny:DoomsdayStrike","RingOfDestiny:PowerOfGreed","RingOfDestiny:PowerOfEnvy","DoctorFetus+1","DTMod:Safeguard","RingOfDestiny:DoomsdayLava","RingOfDestiny:RingOfGreed+1","RingOfDestiny:Demonic","RingOfDestiny:LazyCloak","RingOfDestiny:LazyCloak+1","RingOfDestiny:CrownOfPride","RingOfDestiny:DoomsdayRitual+1"],"relics":["RingOfDestiny:DemonicContract","REME_ComplimentaryCards","HushsDoor","SalivaCoin","DeadEye","Chemical X","reliquary:PartyBalloon","Vajra","Tiny Chest"],"acts_visited":["RingOfDestiny:IdeologyCorridor"],"potions_floor_usage":[6,16,16],"damage_taken":[{"damage":0,"enemies":"Cultist","floor":1,"turns":2},{"damage":6,"enemies":"Jaw Worm","floor":2,"turns":4},{"damage":13,"enemies":"RingOfDestiny:TalkingChest","floor":6,"turns":6},{"damage":18,"enemies":"Exordium Thugs","floor":8,"turns":3},{"damage":8,"enemies":"Looter","floor":11,"turns":4},{"damage":21,"enemies":"RingOfDestiny:TheMonitor","floor":12,"turns":5},{"damage":5,"enemies":"RingOfDestiny:SpiderQueen","floor":16,"turns":6}],"seed_played":"-180771294241051023","potions_obtained":[{"floor":1,"key":"Fire Potion"},{"floor":6,"key":"PowerPotion"},{"floor":8,"key":"Swift Potion"},{"floor":12,"key":"FearPotion"}],"is_trial":false,"path_per_floor":["M","M","?","?","$","E","R","M","T","?","M","E","R","?","R","B"],"character_chosen":"Summoner","items_purchased":["Chemical X","RingOfDestiny:LazyCloak+1"],"campfire_rested":0,"item_purchase_floors":[5,5],"current_hp_per_floor":[88,83,83,83,83,70,70,52,52,45,37,16,16,5,5,0,0],"gold":350,"neow_bonus":"TRANSFORM_CARD","is_daily":false,"chose_seed":false,"campfire_upgraded":3,"win_rate":0.0,"timestamp":1614088129,"path_taken":["M","M","?","?","$","E","R","?","T","?","M","E","R","?","R","BOSS"],"items_purchased_type":["Relic","Card"],"build_version":"2020-12-22","purchased_purges":1,"victory":false,"max_hp_per_floor":[88,88,88,88,88,88,88,88,88,88,88,88,88,88,88,88,88],"relic_stats":{"counters":[7,29],"Tiny Chest":0,"Chemical X":[1],"obtain_stats":[{"KeepersGift":0,"reliquary:PartyBalloon":6,"Vajra":10,"Tiny Chest":12,"SalivaCoin":0,"DeadEye":3,"Chemical X":5,"RingOfDestiny:DemonicContract":0,"HushsDoor":0,"REME_ComplimentaryCards":0},{"KeepersGift":0,"reliquary:PartyBalloon":3,"Vajra":4,"Tiny Chest":6,"SalivaCoin":0,"DeadEye":2,"Chemical X":2,"RingOfDestiny:DemonicContract":0,"HushsDoor":0,"REME_ComplimentaryCards":0},{"KeepersGift":0,"reliquary:PartyBalloon":12,"Vajra":15,"Tiny Chest":24,"SalivaCoin":0,"DeadEye":6,"Chemical X":6,"RingOfDestiny:DemonicContract":0,"HushsDoor":0,"REME_ComplimentaryCards":0}]},"card_choices":[{"not_picked":[],"picked":"DoctorFetus","floor":0},{"not_picked":["RingOfDestiny:DoomsdayStrike","RingOfDestiny:SoulAccumulation"],"picked":"RingOfDestiny:RingOfGreed","floor":1},{"not_picked":["RingOfDestiny:MaliciousSuppress","RingOfDestiny:MaliciousFang","RingOfDestiny:TemptingFruits"],"picked":"SKIP","floor":2},{"not_picked":["RingOfDestiny:MaliciousBarrier","RingOfDestiny:EnvyNecklace"],"picked":"RingOfDestiny:Demonic","floor":3},{"not_picked":["RingOfDestiny:FeastOfDoomsday","RingOfDestiny:PowerOfGreed"],"picked":"RingOfDestiny:LazyCloak","floor":3},{"not_picked":["RingOfDestiny:MaliciousErode","RingOfDestiny:PowerOfArrogance","RingOfDestiny:TemptingFruits"],"picked":"SKIP","floor":6},{"not_picked":["RingOfDestiny:EndlessDesire","RingOfDestiny:TemptingFruits"],"picked":"RingOfDestiny:CrownOfPride","floor":8},{"not_picked":["RingOfDestiny:DemonVanguard","RingOfDestiny:EndlessDesire","RingOfDestiny:CupOfDesire"],"picked":"SKIP","floor":11},{"not_picked":["RingOfDestiny:SarcasticSword","RingOfDestiny:MaliciousBlade"],"picked":"RingOfDestiny:DoomsdayRitual","floor":12}],"player_experience":9758,"relics_obtained":[{"floor":3,"key":"DeadEye"},{"floor":6,"key":"reliquary:PartyBalloon"},{"floor":12,"key":"Tiny Chest"}],"event_choices":[{"damage_healed":0,"gold_gain":0,"player_choice":"Gold","damage_taken":0,"max_hp_gain":0,"max_hp_loss":0,"event_name":"Wheel of Change","floor":4,"gold_loss":0},{"damage_healed":0,"gold_gain":0,"player_choice":"Success","damage_taken":7,"relics_obtained":["Vajra"],"max_hp_gain":0,"max_hp_loss":0,"event_name":"Scrap Ooze","floor":10,"gold_loss":0},{"damage_healed":0,"gold_gain":75,"player_choice":"Gather Gold","damage_taken":11,"max_hp_gain":0,"max_hp_loss":0,"event_name":"World of Goop","floor":14,"gold_loss":0}],"is_beta":false,"boss_relics":[],"items_purged_floors":[5],"is_endless":false,"potions_floor_spawned":[1,6,8,12],"killed_by":"RingOfDestiny:SpiderQueen","ascension_level":0}}