{"host":"m0bekkrd201b63ug","time":1614106156,"event":{"mods":["AchievementEnabler","BaseMod","Colored Powertips","Highlight Path","Minty Spire (QoL Compilation)","Rare Cards Sparkle","StSLib","SuperFastMode","everything is the same but u backflip on backflip","slay the spire mod where everything is the same but ironclad has a cowboy hat"],"gold_per_floor":[125,152,189,215,237,249,289,301,313,340,352,374,399,424,436,544,606,637,724,749,16,26,26,26,26],"floor_reached":24,"language":"ENG","playtime":890,"items_purged":[],"score":303,"play_id":"1da9ef8c-61d0-4e48-96f6-806924446750","local_time":"20210223154916","is_ascension_mode":true,"campfire_choices":[{"data":"Sweeping Beam","floor":6.0,"key":"SMITH"},{"data":"Leap","floor":11.0,"key":"SMITH"},{"floor":15.0,"key":"REST"},{"data":"Mayhem","floor":23,"key":"SMITH"}],"circlet_count":0,"master_deck":["AscendersBane","Strike_B","Strike_B+1","Strike_B","Strike_B","Defend_B","Defend_B","Defend_B","Defend_B","Zap+1","Dualcast+1","Sweeping Beam+1","Hologram","Echo Form","Coolheaded","Leap+1","Barrage","Cold Snap","Fission","Ball Lightning","Mayhem+1","Capacitor+1"],"relics":["Cracked Core","MawBank","War Paint","Emotion Chip","Shuriken","Tiny House","Regal Pillow","Matryoshka","PrismaticShard"],"acts_visited":["Exordium","TheCity"],"potions_floor_usage":[24,24],"damage_taken":[{"damage":1.0,"enemies":"Cultist","floor":1.0,"turns":4.0},{"damage":7.0,"enemies":"Jaw Worm","floor":2.0,"turns":2.0},{"damage":0.0,"enemies":"2 Louse","floor":4.0,"turns":3.0},{"damage":11.0,"enemies":"Lots of Slimes","floor":5.0,"turns":3.0},{"damage":38.0,"enemies":"Gremlin Nob","floor":7.0,"turns":4.0},{"damage":0.0,"enemies":"Looter","floor":10.0,"turns":3.0},{"damage":2.0,"enemies":"Large Slime","floor":12.0,"turns":5.0},{"damage":4.0,"enemies":"Blue Slaver","floor":13.0,"turns":3.0},{"damage":10.0,"enemies":"Exordium Wildlife","floor":14.0,"turns":5.0},{"damage":22.0,"enemies":"Hexaghost","floor":16.0,"turns":11.0},{"damage":2.0,"enemies":"Spheric Guardian","floor":18.0,"turns":6.0},{"damage":8,"enemies":"3 Byrds","floor":20,"turns":4},{"damage":21,"enemies":"3 Cultists","floor":22,"turns":5},{"damage":54,"enemies":"Book of Stabbing","floor":24,"turns":5}],"seed_played":"-8205090233291165545","potions_obtained":[{"floor":1.0,"key":"SneckoOil"},{"floor":10.0,"key":"FearPotion"},{"floor":12.0,"key":"Regen Potion"},{"floor":13.0,"key":"Regen Potion"},{"floor":14.0,"key":"SneckoOil"}],"is_trial":false,"path_per_floor":["M","M","T","M","M","R","E","?","T","M","R","M","M","M","R","B",null,"M","?","M","$","M","R","E"],"character_chosen":"DEFECT","items_purchased":["Regal Pillow","Matryoshka","PrismaticShard","Mayhem"],"campfire_rested":1,"item_purchase_floors":[21,21,21,21],"current_hp_per_floor":[67,60,60,60,49,49,11,36,36,36,36,34,30,20,42,20,66,78,70,62,62,41,41,0,0],"gold":26,"neow_bonus":"RANDOM_COMMON_RELIC","is_daily":false,"chose_seed":false,"campfire_upgraded":3,"win_rate":0.0,"timestamp":1614106156,"path_taken":["M","M","?","M","M","R","E","?","T","M","R","M","M","M","R","BOSS","M","?","?","$","M","R","E"],"items_purchased_type":["Relic","Relic","Relic","Card"],"build_version":"2020-12-22","purchased_purges":0,"victory":false,"max_hp_per_floor":[75,75,75,75,75,75,75,75,75,75,75,75,75,75,75,75,80,80,80,80,80,80,80,80,80],"card_choices":[{"not_picked":["Undo","Self Repair"],"picked":"Sweeping Beam","floor":1.0},{"not_picked":["Beam Cell","Turbo","Compile Driver"],"picked":"SKIP","floor":2.0},{"not_picked":["Turbo","Storm"],"picked":"Hologram","floor":4.0},{"not_picked":["Double Energy","Conserve Battery"],"picked":"Echo Form","floor":5.0},{"not_picked":["Scrape","Redo"],"picked":"Coolheaded","floor":7.0},{"not_picked":["Beam Cell","Steam"],"picked":"Leap","floor":10.0},{"not_picked":["Genetic Algorithm","Sweeping Beam"],"picked":"Barrage","floor":12.0},{"not_picked":["Go for the Eyes","Redo"],"picked":"Cold Snap","floor":13.0},{"not_picked":["Darkness","Hologram","Coolheaded"],"picked":"SKIP","floor":14.0},{"not_picked":["Reboot","Meteor Strike"],"picked":"Fission","floor":16.0},{"not_picked":["Melter","Force Field"],"picked":"Ball Lightning","floor":17.0},{"not_picked":["Cold Snap","Compile Driver+1","Heatsinks"],"picked":"SKIP","floor":18.0},{"not_picked":["Consume","Leap+1","Turbo"],"picked":"SKIP","floor":20},{"not_picked":["Cleave+1","Combust+1"],"picked":"Capacitor+1","floor":22}],"player_experience":294696,"relics_obtained":[{"floor":3.0,"key":"War Paint"},{"floor":7.0,"key":"Emotion Chip"},{"floor":9.0,"key":"Shuriken"}],"event_choices":[{"damage_healed":25.0,"max_hp_gain":0.0,"max_hp_loss":0.0,"gold_gain":0.0,"event_name":"Big Fish","player_choice":"Banana","floor":8.0,"gold_loss":0.0,"damage_taken":0.0},{"damage_healed":0,"gold_gain":75,"player_choice":"Touch","damage_taken":8,"max_hp_gain":0,"max_hp_loss":0,"event_name":"FaceTrader","floor":19,"gold_loss":0}],"is_beta":false,"boss_relics":[{"not_picked":["Velvet Choker","Fusion Hammer"],"picked":"Tiny House"}],"items_purged_floors":[],"is_endless":false,"potions_floor_spawned":[1,10,12,13,14],"killed_by":"Book of Stabbing","ascension_level":10}}