{"host":"lwys0gbp6t40j7jh","time":1614105622,"event":{"mods":["Act Like it!","BaseMod","CapriCore","Friendly Minions","GifTheSpireLib","Hermit","Minty Spire (QoL Compilation)","StSLib","SuperFastMode"],"gold_per_floor":[117,132,144,157,157,157,172,172,172,184,199,213,233,252,252,360,360,346,365,365,216,241,241,275,302,302,302,323,323,155,178,178,285,285,304,304,304,336,336,336,388,402,402],"floor_reached":42,"language":"ENG","playtime":1064,"items_purged":["hermit:Strike_Hermit","hermit:Defend_Hermit"],"score":494,"play_id":"96856ad6-1841-43b2-9d71-e148ff687abe","local_time":"20210223194022","is_ascension_mode":false,"campfire_choices":[{"data":"hermit:Headshot","floor":6,"key":"SMITH"},{"data":"hermit:Brawl","floor":15,"key":"SMITH"},{"data":"hermit:Enervate","floor":23,"key":"SMITH"},{"data":"hermit:Vantage","floor":29,"key":"SMITH"},{"data":"hermit:Deadeye","floor":32,"key":"SMITH"},{"data":"hermit:Dive","floor":40,"key":"SMITH"}],"circlet_count":0,"master_deck":["hermit:Strike_Hermit","hermit:Strike_Hermit","hermit:Strike_Hermit","hermit:Defend_Hermit","hermit:Defend_Hermit","hermit:Defend_Hermit","hermit:Snapshot","hermit:Covet","hermit:Headshot+1","hermit:Quickdraw+1","hermit:LowProfile","hermit:Enervate+1","hermit:Scavenge+1","hermit:Vantage","hermit:TrackingShot+1","hermit:Enervate+1","hermit:Deadeye+1","hermit:Vantage+1","hermit:Dive+1","hermit:Dive+1","hermit:Deadeye+1","hermit:Scavenge+1","hermit:Scavenge+1","hermit:Dive"],"relics":["Coffee Dripper","White Beast Statue","SlaversCollar","Regal Pillow","Pantograph","Smiling Mask","Busted Crown","Whetstone"],"acts_visited":["Exordium","TheCity","TheBeyond"],"potions_floor_usage":[7,16,16,16,18,25,25,33,33,33,35,41],"damage_taken":[{"damage":6,"enemies":"Jaw Worm","floor":1,"turns":3},{"damage":0,"enemies":"Cultist","floor":2,"turns":2},{"damage":0,"enemies":"2 Louse","floor":3,"turns":1},{"damage":3,"enemies":"Exordium Wildlife","floor":4,"turns":4},{"damage":0,"enemies":"Exordium Thugs","floor":7,"turns":4},{"damage":2,"enemies":"Looter","floor":10,"turns":2},{"damage":0,"enemies":"Lots of Slimes","floor":11,"turns":3},{"damage":0,"enemies":"Blue Slaver","floor":12,"turns":3},{"damage":0,"enemies":"Gremlin Gang","floor":13,"turns":5},{"damage":0,"enemies":"Lots of Slimes","floor":14,"turns":3},{"damage":0,"enemies":"Slime Boss","floor":16,"turns":8},{"damage":8,"enemies":"2 Thieves","floor":18,"turns":4},{"damage":24,"enemies":"Spheric Guardian","floor":19,"turns":6},{"damage":20,"enemies":"Gremlin Leader","floor":24,"turns":9},{"damage":7,"enemies":"3 Cultists","floor":25,"turns":6},{"damage":11,"enemies":"Colosseum Slavers","floor":27,"turns":3},{"damage":1,"enemies":"Centurion and Healer","floor":28,"turns":6},{"damage":2,"enemies":"Shelled Parasite and Fungi","floor":31,"turns":7},{"damage":1,"enemies":"Collector","floor":33,"turns":10},{"damage":0,"enemies":"3 Darklings","floor":35,"turns":6},{"damage":2,"enemies":"Orb Walker","floor":38,"turns":4},{"damage":56,"enemies":"Nemesis","floor":41,"turns":13},{"damage":21,"enemies":"Spire Growth","floor":42,"turns":6}],"seed_played":"5637770336325085386","potions_obtained":[{"floor":1,"key":"SpeedPotion"},{"floor":4,"key":"Regen Potion"},{"floor":10,"key":"AttackPotion"},{"floor":12,"key":"Fire Potion"},{"floor":13,"key":"Block Potion"},{"floor":16,"key":"Strength Potion"},{"floor":18,"key":"hermit:Tonic"},{"floor":19,"key":"Block Potion"},{"floor":24,"key":"Energy Potion"},{"floor":25,"key":"Ancient Potion"},{"floor":28,"key":"AttackPotion"},{"floor":33,"key":"Explosive Potion"},{"floor":35,"key":"FearPotion"},{"floor":38,"key":"Fire Potion"},{"floor":41,"key":"SkillPotion"}],"is_trial":false,"path_per_floor":["M","M","M","M","?","R","M","?","T","M","M","M","M","M","R","B",null,"M","M","?","$","T","R","E","M","T","?","M","R","$","M","R","B",null,"M","?","?","M","?","R","E","M"],"character_chosen":"HERMIT","items_purchased":["hermit:Enervate","hermit:Dive","hermit:Deadeye"],"campfire_rested":0,"item_purchase_floors":[21,30,30],"current_hp_per_floor":[69,69,69,66,71,71,80,80,80,78,78,78,78,78,78,78,80,72,48,48,48,48,48,28,21,21,10,9,9,9,7,7,31,80,80,80,80,78,76,76,20,0,0],"gold":402,"neow_bonus":"BOSS_RELIC","is_daily":false,"chose_seed":false,"campfire_upgraded":6,"win_rate":0.0,"timestamp":1614105622,"path_taken":["M","M","M","M","?","R","M","?","T","M","M","M","?","M","R","BOSS","M","M","?","$","?","R","E","M","T","?","M","R","$","?","R","BOSS","M","?","?","?","?","R","E","M"],"items_purchased_type":["Card","Card","Card"],"build_version":"2020-12-22","purchased_purges":2,"victory":false,"max_hp_per_floor":[75,75,75,75,80,80,80,80,80,80,80,80,80,80,80,80,80,80,80,80,80,80,80,80,80,80,80,80,80,80,80,80,80,80,80,80,80,80,76,76,76,76,76],"card_choices":[{"not_picked":["hermit:PistolWhip","hermit:Desperado"],"picked":"hermit:Headshot","floor":1},{"not_picked":["hermit:FullyLoaded","hermit:Roulette","hermit:ItchyTrigger"],"picked":"SKIP","floor":2},{"not_picked":["hermit:Ricochet","hermit:HighCaliber"],"picked":"hermit:Quickdraw","floor":3},{"not_picked":["hermit:HighCaliber","hermit:HoleUp"],"picked":"hermit:LowProfile","floor":4},{"not_picked":["hermit:FullyLoaded","hermit:GhostlyPresence"],"picked":"hermit:Enervate","floor":7},{"not_picked":["hermit:Determination","hermit:Cheat","hermit:Horror"],"picked":"SKIP","floor":10},{"not_picked":["hermit:Gestalt","hermit:HighCaliber","hermit:Virtue"],"picked":"SKIP","floor":11},{"not_picked":["hermit:CursedWeapon","hermit:HighCaliber"],"picked":"hermit:Scavenge","floor":12},{"not_picked":["hermit:ItchyTrigger","hermit:Quickdraw"],"picked":"hermit:Vantage","floor":13},{"not_picked":["hermit:BlackWind","hermit:TrackingShot"],"picked":"hermit:Brawl","floor":14},{"not_picked":["hermit:CalledShot","hermit:LowProfile+1","hermit:NoHoldsBarred"],"picked":"SKIP","floor":18},{"not_picked":["hermit:Brawl","hermit:Desperado"],"picked":"hermit:TrackingShot+1","floor":19},{"not_picked":["hermit:FlashPowder","hermit:CalledShot"],"picked":"hermit:Deadeye+1","floor":24},{"not_picked":["hermit:Glare+1","hermit:ItchyTrigger"],"picked":"hermit:Vantage","floor":25},{"not_picked":["hermit:HighNoon","hermit:Shortfuse"],"picked":"hermit:Dive+1","floor":28},{"not_picked":["hermit:Manifest","hermit:Malice","hermit:FlashPowder"],"picked":"SKIP","floor":31},{"not_picked":["hermit:Snipe+1"],"picked":"SKIP","floor":35},{"not_picked":[],"picked":"hermit:Scavenge+1","floor":38},{"not_picked":[],"picked":"hermit:Dive","floor":41}],"player_experience":1257516,"relics_obtained":[{"floor":9,"key":"White Beast Statue"},{"floor":22,"key":"Regal Pillow"},{"floor":24,"key":"Pantograph"},{"floor":26,"key":"Smiling Mask"},{"floor":41,"key":"Whetstone"}],"event_choices":[{"damage_healed":0,"gold_gain":0,"player_choice":"Donut","damage_taken":0,"max_hp_gain":5,"max_hp_loss":0,"event_name":"Big Fish","floor":5,"gold_loss":0},{"damage_healed":0,"gold_gain":0,"player_choice":"Bought 0 Potions","damage_taken":0,"max_hp_gain":0,"max_hp_loss":0,"event_name":"The Woman in Blue","floor":8,"gold_loss":0},{"damage_healed":0,"gold_gain":0,"player_choice":"Forge","damage_taken":0,"max_hp_gain":0,"max_hp_loss":0,"event_name":"Accursed Blacksmith","floor":20,"gold_loss":0,"cards_upgraded":["hermit:Scavenge"]},{"damage_healed":0,"gold_gain":0,"player_choice":"Fight","damage_taken":0,"max_hp_gain":0,"max_hp_loss":0,"event_name":"Colosseum","floor":27,"gold_loss":0},{"damage_healed":0,"gold_gain":0,"player_choice":"Fled From Nobs","damage_taken":0,"max_hp_gain":0,"max_hp_loss":0,"event_name":"Colosseum","floor":27,"gold_loss":0},{"cards_removed":["hermit:Brawl"],"damage_healed":0,"gold_gain":0,"player_choice":"Removed Power","damage_taken":0,"max_hp_gain":0,"max_hp_loss":0,"event_name":"Falling","floor":36,"gold_loss":0},{"damage_healed":0,"gold_gain":0,"player_choice":"Copied","damage_taken":0,"max_hp_gain":0,"max_hp_loss":0,"event_name":"Duplicator","floor":37,"gold_loss":0,"cards_obtained":["hermit:Scavenge"]},{"damage_healed":0,"gold_gain":0,"player_choice":"Max HP","damage_taken":0,"max_hp_gain":0,"max_hp_loss":4,"event_name":"Winding Halls","floor":39,"gold_loss":0}],"is_beta":false,"boss_relics":[{"not_picked":["Velvet Choker","Sozu"],"picked":"SlaversCollar"},{"not_picked":["Astrolabe","SacredBark"],"picked":"Busted Crown"}],"items_purged_floors":[21,30],"is_endless":false,"potions_floor_spawned":[1,4,10,11,12,13,14,16,18,19,24,25,27,28,31,33,35,38,41],"killed_by":"Spire Growth","ascension_level":0}}