{"host":"xumidyqji6pg2yy3","time":1614066265,"event":{"mods":["Act Like it!","BaseMod","Colored Map","Gensokyo","Minty Spire (QoL Compilation)","MostiFishMod","Quick Restart","StSLib","The Dragon Tamer"],"gold_per_floor":[112,37,37,50,63,97,111,142,167,201,201,217,217,246,246,348,348,368,84,84,94,404,433,644,678,733,733,768,768,782,800,800,901,901,921,921,931,374,374,403,403,414,414,414,445,454,465,480,480,480,480,480,115,148,148],"floor_reached":56,"language":"ZHS","playtime":2897,"items_purged":["DTMod:DoubleHit","DTMod:Strike+1","DTMod:Strike+1"],"score":1697,"play_id":"0ee68843-3d14-4013-a72c-e93b6d110366","local_time":"20210223154425","is_ascension_mode":false,"metric_token":599,"campfire_choices":[{"data":"DTMod:SealedStrike","floor":11.0,"key":"SMITH"},{"data":"DTMod:SealedStrike+1","floor":13.0,"key":"SMITH"},{"data":"DTMod:SealedStrike+2","floor":15.0,"key":"SMITH"},{"data":"DTMod:SealedStrike+3","floor":27.0,"key":"SMITH"},{"data":"DTMod:SealedStrike+4","floor":32.0,"key":"SMITH"},{"data":"DTMod:HeadStart","floor":41.0,"key":"SMITH"},{"data":"DTMod:RunningTactic","floor":44.0,"key":"SMITH"},{"floor":49.0,"key":"RECALL"},{"data":"DTMod:TriAttack","floor":52,"key":"SMITH"}],"dtmod_dragon_data":[58,58,3,0,10,0],"circlet_count":0,"master_deck":["DTMod:Strike+1","DTMod:Strike+1","DTMod:TargetDefense+1","DTMod:TargetDefense+1","DTMod:TargetDefense+1","DTMod:TargetDefense+1","DTMod:SwitchingTactic+1","DTMod:ComboAttack+1","DTMod:BalancedStrike+1","DTMod:Harmonize+1","DTMod:Training+1","DTMod:SealedStrike+5","DTMod:ComboAttack+1","DTMod:LightShield+1","CurseOfTheBell","DTMod:ComboAttack+1","DTMod:WarmUp+1","DTMod:CleansingStrike+1","DTMod:HeadStart+1","DTMod:HeadStart+1","DTMod:LastStand","DTMod:TriAttack+1","DTMod:RunningTactic+1","Gensokyo:Dawn+1","MostiFishMod:SupremeArchaeology"],"relics":["DTMod:PactStone","DaveBox","ShadowXiaoBlade","NeowsBlessing","SynthV:TestCard","Oddly Smooth Stone","Orichalcum","PreservedInsect","Art of War","Prayer Wheel","Calling Bell","Strawberry","Mummified Hand","ThornShield","Civilization","SynthV:C4","Sundial","Akabeko","Pen Nib","Shuriken","Gensokyo:MosesMiracle","Coffee Dripper","ImprovedEquipment","MostiFishMod:AdaptiveDefenses","Calipers","HornCleat","DTMod:DragonFood","CeramicFish","TimeFreeze","Nunchaku"],"acts_visited":["Exordium","Gensokyo:Gensokyo","Gensokyo:Gensokyoer","TheEnding"],"potions_floor_usage":[55,55,55],"damage_taken":[{"damage":0.0,"enemies":"Gensokyo:Gryphon","floor":1.0,"turns":1.0},{"damage":0.0,"enemies":"Gensokyo:2_Kodama","floor":4.0,"turns":1.0},{"damage":0.0,"enemies":"Gensokyo:3_Fairies","floor":5.0,"turns":1.0},{"damage":0.0,"enemies":"Gensokyo:Mamizou","floor":6.0,"turns":5.0},{"damage":3.0,"enemies":"Gensokyo:VengefulSpirit","floor":7.0,"turns":3.0},{"damage":0.0,"enemies":"Gensokyo:Cirno","floor":8.0,"turns":6.0},{"damage":0.0,"enemies":"Gensokyo:Aya","floor":10.0,"turns":3.0},{"damage":0.0,"enemies":"Gensokyo:2_Rabbits","floor":12.0,"turns":3.0},{"damage":0.0,"enemies":"Gensokyo:Mamizou","floor":14.0,"turns":4.0},{"damage":39.0,"enemies":"Gensokyo:Yukari","floor":16.0,"turns":10.0},{"damage":0.0,"enemies":"Gensokyo:3_Dogs","floor":18.0,"turns":4.0},{"damage":3.0,"enemies":"Gensokyo:Chomper","floor":21.0,"turns":4.0},{"damage":0.0,"enemies":"Gensokyo:3_Gloops","floor":22.0,"turns":5.0},{"damage":6.0,"enemies":"Gensokyo:Koishi","floor":23.0,"turns":4.0},{"damage":0.0,"enemies":"Gensokyo:Wraith","floor":24.0,"turns":2.0},{"damage":0.0,"enemies":"Gensokyo:Tenshi","floor":25.0,"turns":3.0},{"damage":0.0,"enemies":"Gensokyo:Reisen","floor":28.0,"turns":3.0},{"damage":0.0,"enemies":"Gensokyo:Swordslinger","floor":30.0,"turns":1.0},{"damage":0.0,"enemies":"Gensokyo:Slime_Group","floor":31.0,"turns":4.0},{"damage":41.0,"enemies":"Gensokyo:Eternal_Rivals","floor":33.0,"turns":6.0},{"damage":0.0,"enemies":"Gensokyo:3_Bats","floor":35.0,"turns":1.0},{"damage":0.0,"enemies":"Gensokyo:AncientGuardian","floor":37.0,"turns":1.0},{"damage":0.0,"enemies":"Gensokyo:Kasen","floor":40.0,"turns":2.0},{"damage":0.0,"enemies":"Gensokyo:4_Bats","floor":42.0,"turns":1.0},{"damage":0.0,"enemies":"Gensokyo:Doremy","floor":45.0,"turns":2.0},{"damage":0.0,"enemies":"Gensokyo:Doremy","floor":46.0,"turns":3.0},{"damage":0.0,"enemies":"Gensokyo:3_Boulders","floor":47.0,"turns":2.0},{"damage":0.0,"enemies":"Gensokyo:SeedOfUnknown","floor":48.0,"turns":2.0},{"damage":0,"enemies":"Gensokyo:Shinki","floor":50,"turns":6},{"damage":0,"enemies":"Shield and Spear","floor":54,"turns":2},{"damage":0,"enemies":"The Heart","floor":55,"turns":4}],"seed_played":"-4753125973139266764","potions_obtained":[{"floor":5.0,"key":"SpeedPotion"},{"floor":8.0,"key":"Strength Potion"},{"floor":10.0,"key":"PowerPotion"},{"floor":16.0,"key":"DuplicationPotion"},{"floor":25.0,"key":"AttackPotion"}],"is_trial":false,"path_per_floor":["M","$","?","M","M","E","M","E","T","E","R","M","R","E","R","B",null,"M","COS","?","M","M","E","M","E","T","R","E","?","M","M","R","B",null,"M","?","M","$","?","E","R","M","T","R","E","?","M","M","R","B",null,"R","$","E","B",null],"character_chosen":"THE_DT","items_purchased":["MostiFishMod:AdaptiveDefenses","Calipers","TimeFreeze","MostiFishMod:SupremeArchaeology"],"campfire_rested":0,"item_purchase_floors":[38,38,53,53],"current_hp_per_floor":[45,45,45,45,45,45,42,42,42,42,42,42,42,42,42,3,52,52,52,52,50,54,53,58,63,63,63,68,68,73,78,78,42,92,97,78,83,83,83,88,88,93,93,93,98,98,103,108,108,113,132,132,132,137,142],"gold":148,"neow_bonus":"THREE_ENEMY_KILL","is_daily":false,"chose_seed":false,"campfire_upgraded":8,"win_rate":0.0,"timestamp":1614066265,"path_taken":["M","?","?","M","M","E","M","E","T","E","R","M","R","E","R","BOSS","M","COS","?","?","M","E","M","E","T","R","E","?","M","?","R","BOSS","M","?","M","$","?","E","R","M","T","R","E","?","M","?","R","BOSS","R","$","E","BOSS"],"items_purchased_type":["Relic","Relic","Relic","Card"],"build_version":"2020-12-22","purchased_purges":3,"victory":true,"max_hp_per_floor":[45,45,45,45,45,45,45,45,45,45,45,45,45,45,45,45,52,52,52,52,53,57,62,67,72,72,72,77,77,82,87,87,92,92,97,97,102,102,102,107,107,112,112,112,117,117,122,127,127,132,132,132,132,137,142],"card_choices":[{"not_picked":["DTMod:Cover","DTMod:Punisher","DTMod:InvisibleFlame"],"picked":"SKIP","floor":1.0},{"not_picked":["DTMod:BurningEnergy","DTMod:Feint","DTMod:Hide","DTMod:MasterPlan"],"picked":"DTMod:ComboAttack","floor":3.0},{"not_picked":["DTMod:CrossStep","DTMod:BurningEnergy","DTMod:Hide","DTMod:FlameSlash"],"picked":"DTMod:BalancedStrike","floor":3.0},{"not_picked":["DTMod:StarRain","DTMod:HeatWave","DTMod:QuickFly","DTMod:BuildUp"],"picked":"DTMod:Harmonize","floor":4.0},{"not_picked":["DTMod:ShieldDrain","DTMod:GhostSkin","DTMod:BizarreTactic","DTMod:BuildUp"],"picked":"DTMod:Training","floor":5.0},{"not_picked":["DTMod:SneakAttack","DTMod:Haste","DTMod:Punisher","DTMod:CalculatedDefense"],"picked":"DTMod:SealedStrike","floor":6.0},{"not_picked":["DTMod:InvisibleFlame","DTMod:Conduct","DTMod:Feint","DTMod:Overwhelm"],"picked":"DTMod:ComboAttack","floor":7.0},{"not_picked":["DTMod:Coolant","DTMod:Haste","DTMod:BreakAttack","DTMod:Hide","DTMod:SneakAttack"],"picked":"SKIP","floor":8.0},{"not_picked":["DTMod:Multitask","DTMod:QuickFly","DTMod:Adaptation","DTMod:Cover","DTMod:BlueScale"],"picked":"SKIP","floor":10.0},{"not_picked":["DTMod:CleansingStrike","DTMod:QuickFly","DTMod:DarkBreath","DTMod:MagicField"],"picked":"DTMod:Harmonize","floor":12.0},{"not_picked":["DTMod:CrossStep","DTMod:BurningForce","DTMod:Cover","DTMod:Threaten","DTMod:FlameSlash"],"picked":"SKIP","floor":14.0},{"not_picked":["DTMod:SealedStrike","DTMod:ShadowImage","DTMod:HeadStart","DTMod:StunTrap"],"picked":"DTMod:LightShield","floor":16.0},{"not_picked":["DTMod:Cover","DTMod:Training","DTMod:DeepFocus","DTMod:BlazingStrike+1","DTMod:Shift"],"picked":"SKIP","floor":18.0},{"not_picked":["DTMod:Threaten+1","DTMod:Punisher","DTMod:FlameSlash","DTMod:RepeatStrike","DTMod:Dissolve"],"picked":"SKIP","floor":18.0},{"not_picked":["DTMod:LowKick","DTMod:BlazingStrike","DTMod:QuickFly","DTMod:Coolant"],"picked":"DTMod:WarmUp","floor":21.0},{"not_picked":["DTMod:DarkBreath","DTMod:MagicField","DTMod:Feint+1","DTMod:ComboAttack","DTMod:Weaken"],"picked":"SKIP","floor":21.0},{"not_picked":["DTMod:Feint","DTMod:Observe","DTMod:LowKick","DTMod:MaximumCharge"],"picked":"DTMod:CleansingStrike+1","floor":22.0},{"not_picked":["DTMod:SneakAttack","DTMod:HeatWave+1","DTMod:Hide","DTMod:Punisher"],"picked":"DTMod:HeadStart","floor":22.0},{"not_picked":["DTMod:BuildUp","DTMod:Weaken","DTMod:Dissolve","DTMod:ForkedFire+1","DTMod:BreakAttack"],"picked":"SKIP","floor":23.0},{"not_picked":["DTMod:PurifyingFlame+1","DTMod:ComboAttack","DTMod:RecklessFlurry+1","DTMod:BurningEnergy","DTMod:Weaken"],"picked":"SKIP","floor":24.0},{"not_picked":["DTMod:Hide+1","DTMod:Punisher","DTMod:BizarreTactic","DTMod:QuickFly","DTMod:BreakAttack"],"picked":"SKIP","floor":24.0},{"not_picked":["DTMod:RepeatStrike","DTMod:Cover+1","DTMod:EchoTactic","DTMod:Training","DTMod:MaximumCharge"],"picked":"SKIP","floor":25.0},{"not_picked":["DTMod:QuickFly+1","DTMod:CleansingStrike","DTMod:Hide+1","DTMod:MaximumCharge","DTMod:RepeatStrike"],"picked":"SKIP","floor":28.0},{"not_picked":["DTMod:DeepFocus+1","DTMod:Feint+1","DTMod:DragonDance+1","DTMod:BlazingStrike","DTMod:MasterPlan+1"],"picked":"SKIP","floor":30.0},{"not_picked":["DTMod:BlazingStrike+1","DTMod:BlueScale","DTMod:HeatWave+1","DTMod:CrossStep+1","DTMod:FlameSlash"],"picked":"SKIP","floor":30.0},{"not_picked":["DTMod:Training","DTMod:Threaten","DTMod:CrossStep","DTMod:MagicField","DTMod:BurningEnergy"],"picked":"SKIP","floor":31.0},{"not_picked":["DTMod:OpeningTactic","DTMod:BurningEnergy","DTMod:MagicField","DTMod:Hide","DTMod:SneakAttack"],"picked":"SKIP","floor":31.0},{"not_picked":["DTMod:Harmonize","DTMod:SealedStrike","DTMod:ResonanceForm","DTMod:Safeguard"],"picked":"DTMod:HeadStart","floor":33.0},{"not_picked":["DTMod:MagicField","DTMod:Coolant+1","DTMod:InvisibleFlame","DTMod:QuickFly"],"picked":"DTMod:LastStand","floor":35.0},{"not_picked":["DTMod:BizarreTactic","DTMod:Feint+1","DTMod:BreakAttack+1","DTMod:CalculatedDefense+1","DTMod:Hide+1"],"picked":"SKIP","floor":35.0},{"not_picked":["DTMod:Feint+1","DTMod:Weaken+1","DTMod:CalculatedDefense+1","DTMod:Astonish","DTMod:HeatWave+1"],"picked":"SKIP","floor":37.0},{"not_picked":["DTMod:BuildUp","DTMod:ComboAttack+1","DTMod:PurifyingFlame","DTMod:Observe","DTMod:FlameSlash"],"picked":"SKIP","floor":37.0},{"not_picked":["DTMod:ComboAttack+1","DTMod:Cover+1","DTMod:LowKick+1","DTMod:Weaken"],"picked":"DTMod:TriAttack","floor":40.0},{"not_picked":["DTMod:QuickFly+1","DTMod:Feint","DTMod:BlazingStrike","DTMod:MagiciansMark+1"],"picked":"DTMod:RunningTactic","floor":42.0},{"not_picked":["DTMod:BreakAttack+1","DTMod:Coolant+1","DTMod:Haste","DTMod:MagicField","DTMod:FierySynthesis"],"picked":"SKIP","floor":42.0},{"not_picked":["DTMod:BlueScale+1","DTMod:BurningForce+1","DTMod:Weaken+1","DTMod:MasterPlan+1","DTMod:Hide+1"],"picked":"SKIP","floor":45.0},{"not_picked":["Gensokyo:RainbowDanmaku+1","Gensokyo:UnhurriedMind+1"],"picked":"Gensokyo:Dawn+1","floor":46.0},{"not_picked":["DTMod:InvisibleFlame","DTMod:MagiciansMark","DTMod:Training","DTMod:BizarreTactic+1","DTMod:Cover"],"picked":"SKIP","floor":47.0},{"not_picked":["DTMod:Hide","DTMod:LastStand","DTMod:DragonDance","DTMod:BreakAttack","DTMod:Adaptation"],"picked":"SKIP","floor":47.0},{"not_picked":["DTMod:BreakAttack","DTMod:MasterPlan+1","DTMod:PurifyingFlame+1","DTMod:CleansingStrike","DTMod:Cover+1"],"picked":"SKIP","floor":48.0},{"not_picked":["DTMod:FierySynthesis","DTMod:BurningEnergy","DTMod:InvisibleFlame","DTMod:BizarreTactic","DTMod:HeatWave"],"picked":"SKIP","floor":48.0},{"not_picked":["DTMod:Hide","DTMod:OpeningTactic","DTMod:Cover+1","DTMod:BuildUp+1","DTMod:TauntingStrike+1"],"picked":"SKIP","floor":54}],"player_experience":98720,"relics_obtained":[{"floor":1.0,"key":"SynthV:TestCard"},{"floor":6.0,"key":"Oddly Smooth Stone"},{"floor":8.0,"key":"Orichalcum"},{"floor":9.0,"key":"PreservedInsect"},{"floor":10.0,"key":"Art of War"},{"floor":14.0,"key":"Prayer Wheel"},{"floor":17.0,"key":"Strawberry"},{"floor":17.0,"key":"Mummified Hand"},{"floor":17.0,"key":"ThornShield"},{"floor":23.0,"key":"Akabeko"},{"floor":25.0,"key":"Pen Nib"},{"floor":28.0,"key":"Shuriken"},{"floor":33.0,"key":"Gensokyo:MosesMiracle"},{"floor":40.0,"key":"HornCleat"},{"floor":43.0,"key":"DTMod:DragonFood"},{"floor":45.0,"key":"CeramicFish"},{"floor":54,"key":"Nunchaku"}],"event_choices":[],"is_beta":false,"boss_relics":[{"not_picked":["Busted Crown","Cursed Key"],"picked":"Calling Bell"},{"not_picked":["Snecko Eye","Pandora\u0027s Box"],"picked":"Coffee Dripper"}],"items_purged_floors":[2,38,53],"is_endless":false,"potions_floor_spawned":[5,8,10,14,16,25,28,30,33,37,42,45],"ascension_level":0}}