{"host":"bpr07pynnqpe5ded","time":1614102461,"event":{"mods":["2.2 Compatiblity","Aspiration","BaseMod","Better Note","Better Third Choice","BetterRewards","Downfall","Jorbs\u0027s Wanderer Trilogy","Minty Spire (QoL Compilation)","Replay The Spire","Shop Mod","StSLib","The Marked","??????REMEMod"],"gold_per_floor":[110,120,136,155,165,197,197,197,197,197,212,212,226,151,151,275,275],"floor_reached":16,"language":"ENG","playtime":713,"items_purged":["Strike_R"],"score":154,"play_id":"341a2e50-4de0-4d9f-a103-5646c26cb20e","local_time":"20210223174741","is_ascension_mode":false,"campfire_choices":[{"floor":8,"key":"REST"},{"data":"Bash","floor":10,"key":"SMITH"},{"data":"Blood for Blood","floor":12,"key":"SMITH"},{"data":"Reaper","floor":15,"key":"SMITH"}],"circlet_count":0,"master_deck":["Strike_R","Strike_R","Strike_R","Strike_R","Defend_R","Defend_R","Defend_R","Defend_R","Bash+1","Reaper+1","Blood for Blood+1","Bloodletting","Thunderclap"],"relics":["Burning Blood","REME_ComplimentaryCards","Omamori","Golden Idol"],"acts_visited":["Exordium"],"potions_floor_usage":[2,6,16,16],"damage_taken":[{"damage":0,"enemies":"Small Slimes","floor":1,"turns":3},{"damage":1,"enemies":"Jaw Worm","floor":2,"turns":5},{"damage":5,"enemies":"Cultist","floor":3,"turns":4},{"damage":29,"enemies":"Large Slime","floor":4,"turns":7},{"damage":12,"enemies":"Looter","floor":5,"turns":4},{"damage":36,"enemies":"Gremlin Nob","floor":6,"turns":5},{"damage":18,"enemies":"Blue Slaver","floor":11,"turns":5},{"damage":13,"enemies":"Lots of Slimes","floor":13,"turns":4},{"damage":18,"enemies":"Hexaghost","floor":16,"turns":9}],"seed_played":"4988840649380593625","potions_obtained":[{"floor":1,"key":"Fire Potion"},{"floor":2,"key":"LifebloodPotion"},{"floor":11,"key":"Languid Potion"},{"floor":13,"key":"ColorlessPotion"}],"is_trial":false,"path_per_floor":["M","M","M","M","M","E","?","R","T","R","M","R","M","$","R","B"],"character_chosen":"IRONCLAD","items_purchased":[],"campfire_rested":1,"item_purchase_floors":[],"current_hp_per_floor":[70,79,80,63,57,33,13,37,37,37,31,31,44,44,44,39,39],"gold":275,"neow_bonus":"THREE_RARE_CARDS","is_daily":false,"chose_seed":false,"campfire_upgraded":3,"win_rate":0.0,"timestamp":1614102461,"path_taken":["M","M","M","M","M","E","?","R","T","R","M","R","M","$","R","BOSS"],"items_purchased_type":[],"build_version":"2020-12-22","purchased_purges":1,"victory":false,"max_hp_per_floor":[80,80,80,80,80,80,80,80,80,80,80,80,80,80,80,80,80],"card_choices":[{"not_picked":["Corruption","REME_ACTH"],"picked":"Reaper","floor":0},{"not_picked":["Twin Strike","Havoc","Warcry"],"picked":"SKIP","floor":1},{"not_picked":["Body Slam","Cleave"],"picked":"Blood for Blood","floor":2},{"not_picked":["Anger","Shrug It Off","Wild Strike"],"picked":"SKIP","floor":3},{"not_picked":["Havoc","Headbutt","Warcry"],"picked":"SKIP","floor":4},{"not_picked":["Thunderclap","Second Wind"],"picked":"Bloodletting","floor":5},{"not_picked":["Perfected Strike","Wild Strike","Fiend Fire"],"picked":"SKIP","floor":6},{"not_picked":["Flex","Clothesline","Havoc"],"picked":"SKIP","floor":11},{"not_picked":["Rampage","Anger"],"picked":"Thunderclap","floor":13}],"player_experience":1226316,"relics_obtained":[{"floor":6,"key":"Omamori"}],"event_choices":[{"damage_healed":0,"gold_gain":0,"player_choice":"Take Damage","damage_taken":20,"relics_obtained":["Golden Idol"],"max_hp_gain":0,"max_hp_loss":0,"event_name":"Golden Idol","floor":7,"gold_loss":0}],"is_beta":false,"boss_relics":[],"items_purged_floors":[14],"is_endless":false,"potions_floor_spawned":[1,2,11,13],"killed_by":"Hexaghost","ascension_level":0}}