{"host":"2l5k2wp87eek7qja","time":1614116133,"event":{"mods":["BaseMod","Colored Map","Minty Spire (QoL Compilation)","Relic Stats"],"gold_per_floor":[115,115,37,37,47,78,78,78,103,103,132,142,154,172,172,245,245,265,278,290,158,158,158,158,158],"floor_reached":24,"language":"ENG","playtime":602,"items_purged":["Strike_G"],"score":462,"play_id":"5fa1cea9-43e1-40d9-8809-a00d3807f006","local_time":"20210223233533","is_ascension_mode":true,"campfire_choices":[{"data":"Glass Knife","floor":7,"key":"SMITH"},{"data":"Dagger Spray","floor":10,"key":"SMITH"},{"data":"Cloak And Dagger","floor":15,"key":"SMITH"},{"data":"Blade Dance","floor":23,"key":"SMITH"}],"circlet_count":0,"master_deck":["AscendersBane","Strike_G","Strike_G","Strike_G","Defend_G","Defend_G","Defend_G","Defend_G","Defend_G","Survivor","Neutralize","Quick Slash","Glass Knife+1","Dagger Spray+1","Cloak And Dagger","Cloak And Dagger+1","Finisher","Phantasmal Killer","Blade Dance+1","Cloak And Dagger"],"relics":["Ring of the Snake","NeowsBlessing","Blood Vial","Bag of Marbles","Smiling Mask","Sundial","Sozu"],"acts_visited":["Exordium","TheCity"],"potions_floor_usage":[14,16,16],"damage_taken":[{"damage":0,"enemies":"Small Slimes","floor":1,"turns":1},{"damage":0,"enemies":"Jaw Worm","floor":5,"turns":1},{"damage":0,"enemies":"3 Sentries","floor":6,"turns":1},{"damage":40,"enemies":"Lagavulin","floor":11,"turns":7},{"damage":0,"enemies":"Cultist","floor":12,"turns":3},{"damage":0,"enemies":"Lots of Slimes","floor":13,"turns":1},{"damage":0,"enemies":"Blue Slaver","floor":14,"turns":3},{"damage":31,"enemies":"The Guardian","floor":16,"turns":13},{"damage":22,"enemies":"Spheric Guardian","floor":18,"turns":4},{"damage":0,"enemies":"Chosen","floor":19,"turns":2},{"damage":10,"enemies":"Centurion and Healer","floor":20,"turns":5},{"damage":45,"enemies":"Book of Stabbing","floor":24,"turns":4}],"seed_played":"8499140991932336252","potions_obtained":[{"floor":11,"key":"ColorlessPotion"},{"floor":12,"key":"Fruit Juice"},{"floor":14,"key":"BlessingOfTheForge"}],"is_trial":false,"path_per_floor":["M","?","$","?","M","E","R","?","T","R","E","M","M","M","R","B",null,"M","M","M","$","?","R","E"],"character_chosen":"THE_SILENT","items_purchased":["Glass Knife","Blade Dance","Cloak And Dagger"],"campfire_rested":0,"item_purchase_floors":[3,21,21],"current_hp_per_floor":[59,54,54,59,61,63,63,63,63,63,25,27,29,36,36,7,59,39,41,33,33,33,33,0,0],"gold":158,"neow_bonus":"THREE_ENEMY_KILL","is_daily":false,"chose_seed":false,"campfire_upgraded":4,"win_rate":0.0,"timestamp":1614116133,"path_taken":["M","?","$","?","M","E","R","?","T","R","E","M","?","M","R","BOSS","M","?","M","$","?","R","E"],"items_purchased_type":["Card","Card","Card"],"build_version":"2020-12-22","purchased_purges":1,"victory":false,"max_hp_per_floor":[66,66,66,71,71,71,71,71,71,71,71,71,71,76,76,76,76,76,76,76,76,76,76,76,76],"relic_stats":{"Blood Vial":22,"Sozu":1,"counters":[12,45],"Sundial":[4],"Smiling Mask":25,"obtain_stats":[{"Blood Vial":2,"Sozu":17,"NeowsBlessing":0,"Sundial":11,"Bag of Marbles":6,"Smiling Mask":9,"Ring of the Snake":0},{"Blood Vial":1,"Sozu":8,"NeowsBlessing":0,"Sundial":4,"Bag of Marbles":3,"Smiling Mask":3,"Ring of the Snake":0},{"Blood Vial":1,"Sozu":30,"NeowsBlessing":0,"Sundial":10,"Bag of Marbles":3,"Smiling Mask":3,"Ring of the Snake":0}],"Ring of the Snake":[24]},"card_choices":[{"not_picked":["Underhanded Strike","Setup"],"picked":"Quick Slash","floor":1},{"not_picked":["Crippling Poison","Acrobatics","Outmaneuver"],"picked":"SKIP","floor":5},{"not_picked":["Slice","Crippling Poison"],"picked":"Dagger Spray","floor":6},{"not_picked":["Endless Agony","PiercingWail"],"picked":"Cloak And Dagger","floor":11},{"not_picked":["Quick Slash","Dodge and Roll"],"picked":"Cloak And Dagger","floor":12},{"not_picked":["Slice","Masterful Stab"],"picked":"Finisher","floor":13},{"not_picked":["Distraction","Eviscerate","Prepared"],"picked":"SKIP","floor":14},{"not_picked":["Storm of Steel","Envenom"],"picked":"Phantasmal Killer","floor":16},{"not_picked":["Dodge and Roll","Expertise","Slice"],"picked":"SKIP","floor":18},{"not_picked":["Masterful Stab+1","Deadly Poison","Infinite Blades"],"picked":"SKIP","floor":19},{"not_picked":["Crippling Poison","Endless Agony+1","Deadly Poison"],"picked":"SKIP","floor":20}],"player_experience":876762,"relics_obtained":[{"floor":6,"key":"Bag of Marbles"},{"floor":9,"key":"Smiling Mask"},{"floor":11,"key":"Sundial"}],"event_choices":[{"damage_healed":0,"gold_gain":0,"player_choice":"Success","damage_taken":5,"relics_obtained":["Blood Vial"],"max_hp_gain":0,"max_hp_loss":0,"event_name":"Scrap Ooze","floor":2,"gold_loss":0},{"damage_healed":0,"gold_gain":0,"player_choice":"Donut","damage_taken":0,"max_hp_gain":5,"max_hp_loss":0,"event_name":"Big Fish","floor":4,"gold_loss":0},{"cards_removed":["Strike_G"],"damage_healed":0,"gold_gain":0,"player_choice":"Offered Basic","damage_taken":0,"max_hp_gain":0,"max_hp_loss":0,"event_name":"Bonfire Elementals","floor":8,"gold_loss":0},{"damage_healed":0,"gold_gain":0,"player_choice":"Ignored","damage_taken":0,"max_hp_gain":0,"max_hp_loss":0,"event_name":"N\u0027loth","floor":22,"gold_loss":0}],"is_beta":false,"boss_relics":[{"not_picked":["Snecko Eye","Empty Cage"],"picked":"Sozu"}],"items_purged_floors":[21],"is_endless":false,"potions_floor_spawned":[11,12,14,19],"killed_by":"Book of Stabbing","ascension_level":20}}