{"host":"a1eatafr7pisesky","time":1614101522,"event":{"mods":["AchievementEnabler","BaseMod","Colored Map","Keyboard Shortcuts","Minty Spire (QoL Compilation)","Say the Spire","StSLib","SuperFastMode","everything is the same but u backflip on backflip"],"gold_per_floor":[119,138,12,22,22,51,51,51,51],"floor_reached":8,"language":"KOR","playtime":130,"items_purged":["Strike_G"],"score":104,"play_id":"89d88093-9a0b-4ee8-9a21-b5a9654aa21e","local_time":"20210224023202","is_ascension_mode":true,"campfire_choices":[{"data":"Bouncing Flask","floor":7,"key":"SMITH"}],"circlet_count":0,"master_deck":["AscendersBane","Strike_G","Strike_G","Strike_G","Strike_G","Defend_G","Defend_G","Defend_G","Defend_G+1","Defend_G","Survivor","Neutralize","Poisoned Stab","Deadly Poison","PiercingWail+1","Bouncing Flask+1"],"relics":["Ring of the Snake","NeowsBlessing","Vajra"],"acts_visited":["Exordium"],"potions_floor_usage":[6,6],"damage_taken":[{"damage":0.0,"enemies":"Cultist","floor":1.0,"turns":1.0},{"damage":0.0,"enemies":"2 Louse","floor":2.0,"turns":1.0},{"damage":0.0,"enemies":"Jaw Worm","floor":4.0,"turns":1.0},{"damage":1,"enemies":"Gremlin Nob","floor":6,"turns":5},{"damage":47,"enemies":"3 Sentries","floor":8,"turns":8}],"seed_played":"-44139008893024417","potions_obtained":[{"floor":2.0,"key":"SkillPotion"},{"floor":4.0,"key":"GhostInAJar"}],"is_trial":false,"path_per_floor":["M","M","$","M","?","E","R","E"],"character_chosen":"THE_SILENT","items_purchased":["PiercingWail"],"campfire_rested":0,"item_purchase_floors":[3],"current_hp_per_floor":[59,59,59,59,39,38,38,0,0],"gold":51,"neow_bonus":"THREE_ENEMY_KILL","is_daily":false,"chose_seed":false,"campfire_upgraded":1,"win_rate":0.0,"timestamp":1614101522,"path_taken":["M","?","$","M","?","E","R","E"],"items_purchased_type":["Card"],"build_version":"2020-12-22","purchased_purges":1,"victory":false,"max_hp_per_floor":[66,66,66,66,66,66,66,66,66],"card_choices":[{"not_picked":["Flechettes","Deadly Poison"],"picked":"Poisoned Stab","floor":1.0},{"not_picked":["Blade Dance","Slice"],"picked":"Deadly Poison","floor":2.0},{"not_picked":["Dash","Footwork"],"picked":"Bouncing Flask","floor":4.0},{"not_picked":["Bane","Underhanded Strike","Quick Slash"],"picked":"SKIP","floor":6}],"player_experience":493611,"relics_obtained":[{"floor":6,"key":"Vajra"}],"event_choices":[{"damage_healed":0.0,"max_hp_gain":0.0,"max_hp_loss":0.0,"gold_gain":0.0,"event_name":"Shining Light","player_choice":"Entered Light","floor":5.0,"gold_loss":0.0,"damage_taken":20.0,"cards_upgraded":["Defend_G","PiercingWail"]}],"is_beta":false,"boss_relics":[],"items_purged_floors":[3],"is_endless":false,"potions_floor_spawned":[2,4],"killed_by":"3 Sentries","ascension_level":17}}