{"host":"i5vvwdf42szr3cje","time":1614048134,"event":{"mods":["BaseMod","Colored Map","Hermit","Minty Spire (QoL Compilation)","Replay The Spire","StSLib","The Disciple","The Hierophant"],"gold_per_floor":[117,136,148,161,176,504,504,535,582,596,596,596,596,607,607,707,707,721,755,771,870,221,255,255,281,281,281,281,295,311,311,331,341,341,444,444,464,201,201,216,226,259,259,259,284,284,304,332,350,360,360,360,360,360,87,115,115,115],"floor_reached":57,"language":"ENG","playtime":4229,"items_purged":["Strike_G","Strike_G","Strike_G"],"score":1010,"play_id":"a3ec6dc4-82a6-4e0e-b3d2-3366dce0533e","local_time":"20210222184214","is_ascension_mode":true,"campfire_choices":[{"floor":7.0,"key":"REST"},{"data":"Accuracy","floor":11.0,"key":"SMITH"},{"floor":13.0,"key":"REST"},{"data":"Caltrops","floor":15.0,"key":"SMITH"},{"floor":31,"key":"REST"},{"floor":46,"key":"REST"},{"floor":51,"key":"RECALL"},{"data":"Cloak And Dagger","floor":54,"key":"SMITH"}],"circlet_count":0,"master_deck":["Strike_G","Strike_G","Defend_G","Defend_G","Defend_G","Defend_G","Defend_G","Survivor","Neutralize","Blade Dance","Infinite Blades+1","Noxious Fumes","Poisoned Stab","Unload","Accuracy+1","Caltrops+1","After Image+1","Backflip","Storm of Steel+1","Accuracy","Backflip","Accuracy","PiercingWail","Blur","Cloak And Dagger+1","After Image","Noxious Fumes","Caltrops+1","Infinite Blades+1","Accuracy"],"relics":["Ring of the Snake","NeowsBlessing","Old Coin","Replay:Multitool","Orichalcum","Replay:Grab Bag","Runic Dome","ChewingGum","WristBlade","Red Mask","Blood Vial","Oddly Smooth Stone","ClockworkSouvenir","The Courier","Replay:Mystery Machine","Snecko Scales","Strawberry","Kunai","Toy Ornithopter","Bronze Scales","Medical Kit","Ginger"],"acts_visited":["Exordium","TheCity","TheBeyond","TheEnding"],"potions_floor_usage":[29,35,35,41,52,57],"damage_taken":[{"damage":0.0,"enemies":"Cultist","floor":1.0,"turns":1.0},{"damage":0.0,"enemies":"Small Slimes","floor":2.0,"turns":1.0},{"damage":0.0,"enemies":"2 Louse","floor":3.0,"turns":1.0},{"damage":2.0,"enemies":"Large Slime","floor":4.0,"turns":7.0},{"damage":19.0,"enemies":"Lots of Slimes","floor":5.0,"turns":5.0},{"damage":31.0,"enemies":"Gremlin Nob","floor":6.0,"turns":4.0},{"damage":11.0,"enemies":"Lagavulin","floor":8.0,"turns":6.0},{"damage":7.0,"enemies":"Exordium Thugs","floor":10.0,"turns":4.0},{"damage":2.0,"enemies":"Exordium Wildlife","floor":14.0,"turns":3.0},{"damage":33.0,"enemies":"Fading Forest","floor":16.0,"turns":11.0},{"damage":20.0,"enemies":"2 Thieves","floor":18.0,"turns":5.0},{"damage":26.0,"enemies":"Masked Bandits","floor":19.0,"turns":5.0},{"damage":0.0,"enemies":"3 Byrds","floor":20.0,"turns":4.0},{"damage":15,"enemies":"Replay:Snechameleon","floor":23,"turns":5},{"damage":15,"enemies":"Gremlin Leader","floor":25,"turns":4},{"damage":3,"enemies":"Centurion and Healer","floor":29,"turns":5},{"damage":2,"enemies":"Cultist and Chosen","floor":30,"turns":3},{"damage":2,"enemies":"Snecko","floor":32,"turns":3},{"damage":7,"enemies":"Shelled Parasite and Fungi","floor":33,"turns":5},{"damage":21,"enemies":"Champ","floor":35,"turns":8},{"damage":6,"enemies":"3 Darklings","floor":37,"turns":5},{"damage":4,"enemies":"Orb Walker","floor":40,"turns":4},{"damage":17,"enemies":"Writhing Mass","floor":41,"turns":4},{"damage":18,"enemies":"Reptomancer","floor":42,"turns":6},{"damage":1,"enemies":"4 Shapes","floor":47,"turns":3},{"damage":0,"enemies":"R_Hoarder","floor":48,"turns":4},{"damage":9,"enemies":"3 Darklings","floor":49,"turns":5},{"damage":12,"enemies":"Transient","floor":50,"turns":5},{"damage":24,"enemies":"Time Eater","floor":52,"turns":8},{"damage":57,"enemies":"Shield and Spear","floor":56,"turns":4},{"damage":91,"enemies":"The Heart","floor":57,"turns":5}],"seed_played":"-2271691246762384843","potions_obtained":[{"floor":3.0,"key":"Fire Potion"},{"floor":6.0,"key":"Weak Potion"},{"floor":8.0,"key":"CultistPotion"},{"floor":14.0,"key":"Regen Potion"},{"floor":19.0,"key":"GhostInAJar"},{"floor":25,"key":"Block Potion"},{"floor":29,"key":"FairyPotion"},{"floor":30,"key":"Languid Potion"},{"floor":34,"key":"SkillPotion"},{"floor":34,"key":"Dexterity Potion"},{"floor":40,"key":"SteroidPotion"},{"floor":42,"key":"Poison Potion"},{"floor":47,"key":"FairyPotion"},{"floor":48,"key":"SkillPotion"},{"floor":56,"key":"Strength Potion"}],"is_trial":false,"path_per_floor":["M","M","M","M","M","E","R","E","T","M","R","?","R","M","R","B",null,"M","?","M","?","$","E","R","E","PTL","PTL","T","M","M","R","M","M","R_BF","B",null,"M","$","?","M","M","E","R","?","T","R","M","E","M","M","R","B",null,"R","$","E","B"],"character_chosen":"THE_SILENT","items_purchased":["Blood Vial","Oddly Smooth Stone","ClockworkSouvenir","Accuracy","Backflip","Strawberry","Noxious Fumes","Medical Kit","Accuracy"],"campfire_rested":4,"item_purchase_floors":[22,22,22,22,22,38,38,55,55],"current_hp_per_floor":[70,70,70,68,49,18,39,28,28,21,21,21,42,40,40,7,54,34,22,22,22,22,9,30,17,17,17,17,16,16,37,37,32,32,13,56,52,59,59,57,42,26,49,49,49,72,73,75,68,58,58,41,68,68,68,13,0,0],"gold":115,"neow_bonus":"THREE_ENEMY_KILL","is_daily":false,"chose_seed":false,"campfire_upgraded":3,"win_rate":0.0,"timestamp":1614048134,"path_taken":["M","?","M","M","M","E","R","E","T","M","R","?","R","M","R","BOSS","M","?","M","?","$","E","R","E","PTL","PTL","T","M","M","R","M","M","R_BF","BOSS","M","$","?","?","M","E","R","?","T","R","?","E","M","M","R","BOSS","R","$","E","BOSS"],"items_purchased_type":["Relic","Relic","Relic","Card","Card","Relic","Card","Relic","Card"],"build_version":"2020-12-22","purchased_purges":3,"victory":false,"max_hp_per_floor":[70,70,70,70,70,70,70,70,70,70,70,70,70,70,70,70,70,70,70,70,70,70,70,70,70,70,70,70,70,70,70,70,70,70,70,70,70,77,77,77,77,77,77,77,77,77,77,77,77,77,77,77,77,77,77,77,77,77],"card_choices":[{"not_picked":["Outmaneuver","Expertise","Bouncing Flask"],"picked":"SKIP","floor":1.0},{"not_picked":["Deadly Poison","Outmaneuver"],"picked":"Blade Dance","floor":2.0},{"not_picked":["Flying Knee","Deadly Poison"],"picked":"Infinite Blades","floor":3.0},{"not_picked":["Acrobatics","Bane"],"picked":"Noxious Fumes","floor":4.0},{"not_picked":["ReplayTheSpireMod:Scrap Shanks","Tactician"],"picked":"Poisoned Stab","floor":5.0},{"not_picked":["Poisoned Stab","Hidden Blade"],"picked":"Unload","floor":6.0},{"not_picked":["Sucker Punch","Well Laid Plans"],"picked":"Accuracy","floor":8.0},{"not_picked":["Acrobatics","Prepared","Outmaneuver"],"picked":"SKIP","floor":10.0},{"not_picked":["Quick Slash","Infinite Blades"],"picked":"Caltrops","floor":14.0},{"not_picked":["A Thousand Cuts","Grand Finale"],"picked":"After Image","floor":16.0},{"not_picked":["Reflex+1","Dagger Throw"],"picked":"Backflip","floor":18.0},{"not_picked":["Sucker Punch","Hidden Blade"],"picked":"Storm of Steel","floor":20.0},{"not_picked":["ReplayTheSpireMod:Shiv Toss","Grand Finale"],"picked":"Accuracy","floor":23},{"not_picked":["Dagger Spray","Quick Slash+1","Riddle With Holes+1"],"picked":"SKIP","floor":25},{"not_picked":["Slice+1","Predator"],"picked":"PiercingWail","floor":29},{"not_picked":["Crippling Poison","Expertise"],"picked":"Blur","floor":30},{"not_picked":["Dagger Spray","Outmaneuver","Quick Slash"],"picked":"SKIP","floor":32},{"not_picked":["Outmaneuver","Dagger Spray"],"picked":"Cloak And Dagger","floor":33},{"not_picked":["Phantasmal Killer","Replay:Bag of Tricks"],"picked":"After Image","floor":35},{"not_picked":["Quick Slash","Flechettes","Dagger Throw+1"],"picked":"SKIP","floor":37},{"not_picked":["Prepared","Dagger Spray","Sucker Punch"],"picked":"SKIP","floor":40},{"not_picked":["Underhanded Strike+1","Storm of Steel","Poisoned Stab+1"],"picked":"SKIP","floor":41},{"not_picked":["Replay:Poison Smokescreen","Catalyst","Cloak And Dagger"],"picked":"SKIP","floor":42},{"not_picked":["Backflip+1","Escape Plan+1"],"picked":"Infinite Blades+1","floor":47},{"not_picked":["Slice+1","Quick Slash","Endless Agony+1"],"picked":"SKIP","floor":48},{"not_picked":["ReplayTheSpireMod:Shiv Toss","ReplayTheSpireMod:Speed Training","Replay:Bag of Tricks"],"picked":"SKIP","floor":49},{"not_picked":["Cloak And Dagger","PiercingWail+1","Dagger Throw"],"picked":"SKIP","floor":50},{"not_picked":["Backstab","Distraction+1","Outmaneuver"],"picked":"SKIP","floor":56}],"player_experience":209941,"relics_obtained":[{"floor":6.0,"key":"Old Coin"},{"floor":8.0,"key":"Replay:Multitool"},{"floor":9.0,"key":"Orichalcum"},{"floor":19.0,"key":"Red Mask"},{"floor":23,"key":"The Courier"},{"floor":25,"key":"Replay:Mystery Machine"},{"floor":42,"key":"Kunai"},{"floor":45,"key":"Toy Ornithopter"},{"floor":48,"key":"Bronze Scales"},{"floor":56,"key":"Ginger"}],"event_choices":[{"damage_healed":0.0,"max_hp_gain":0.0,"max_hp_loss":0.0,"gold_gain":0.0,"event_name":"Dead Adventurer","player_choice":"Searched \u00270\u0027 times","floor":12.0,"gold_loss":0.0,"damage_taken":0.0},{"damage_healed":0.0,"max_hp_gain":0.0,"max_hp_loss":0.0,"gold_gain":0.0,"event_name":"Masked Bandits","player_choice":"Fought Bandits","floor":19.0,"gold_loss":0.0,"damage_taken":0.0},{"damage_healed":0.0,"max_hp_gain":0.0,"max_hp_loss":0.0,"gold_gain":99.0,"event_name":"Nest","player_choice":"Stole From Cult","floor":21.0,"gold_loss":0.0,"damage_taken":0.0},{"damage_healed":0,"gold_gain":0,"player_choice":"Copied","damage_taken":0,"max_hp_gain":0,"max_hp_loss":0,"event_name":"Duplicator","floor":39,"gold_loss":0,"cards_obtained":["Caltrops"]},{"damage_healed":0,"gold_gain":0,"player_choice":"Forge","damage_taken":0,"max_hp_gain":0,"max_hp_loss":0,"event_name":"Accursed Blacksmith","floor":44,"gold_loss":0,"cards_upgraded":["Storm of Steel"]}],"is_beta":false,"boss_relics":[{"not_picked":["SlaversCollar","Philosopher\u0027s Stone"],"picked":"Replay:Grab Bag"},{"not_picked":["ReplayTheSpireMod:DimensionalGlitch","ReplayTheSpireMod:Onyx Gauntlets"],"picked":"Runic Dome"},{"not_picked":["Painkiller Herb","Fusion Hammer"],"picked":"ChewingGum"},{"not_picked":["Ring of the Serpent","Snecko Eye"],"picked":"WristBlade"},{"not_picked":["Replay:Ancient Bell","Calling Bell"],"picked":"Snecko Scales"}],"items_purged_floors":[22,38,55],"is_endless":false,"potions_floor_spawned":[3,6,8,14,19,25,29,30,40,42,47,48,56],"killed_by":"The Heart","ascension_level":5}}