{"host":"at5b10nm0iti0w4x","time":1614039444,"event":{"mods":["2.2 Compatiblity","AchievementEnabler","BaseMod","Bestiary","Block Reminder","Colored Map","Colored Powertips","Highlight Path","Keyboard Shortcuts","Minty Spire (QoL Compilation)","Quick Restart","Relic Stats","Slay the Relics Exporter","StSLib","SuperFastMode","Unknown Chances"],"gold_per_floor":[212,230,81,81,98,123,134,65,65,83,93,108,73,148,148,251,251,265,265,205,205,205,232,232,249,249,30,30,30,44,62,62,159,159,159],"floor_reached":34,"language":"ENG","playtime":990,"items_purged":[],"score":372,"play_id":"a8dc7ac0-3f60-4440-94e6-b4dc42049c60","local_time":"20210222191724","is_ascension_mode":false,"campfire_choices":[{"data":"Armaments","floor":15,"key":"SMITH"},{"data":"Fire Breathing","floor":24,"key":"SMITH"},{"floor":28,"key":"REST"},{"floor":32,"key":"REST"}],"circlet_count":0,"master_deck":["Strike_R+1","Strike_R+1","Strike_R+1","Defend_R+1","Defend_R+1","Defend_R+1","Defend_R+1","Bash","Fire Breathing+1","Fire Breathing","Armaments+1","Wild Strike","Shrug It Off","Evolve","Seeing Red","Feed","Headbutt+1","Armaments+1","Metallicize","Thunderclap","Fire Breathing+1","Reaper"],"relics":["Black Blood","Pen Nib","CultistMask","Oddly Smooth Stone","Gremlin Horn","TungstenRod","Blood Vial","Membership Card","Potion Belt","Empty Cage"],"acts_visited":["Exordium","TheCity","TheBeyond"],"potions_floor_usage":[18],"damage_taken":[{"damage":6,"enemies":"Cultist","floor":1,"turns":3},{"damage":11,"enemies":"Small Slimes","floor":2,"turns":4},{"damage":12,"enemies":"2 Louse","floor":5,"turns":3},{"damage":21,"enemies":"3 Sentries","floor":6,"turns":4},{"damage":20,"enemies":"2 Fungi Beasts","floor":7,"turns":4},{"damage":10,"enemies":"Looter","floor":10,"turns":3},{"damage":7,"enemies":"Red Slaver","floor":11,"turns":6},{"damage":10,"enemies":"Exordium Thugs","floor":12,"turns":4},{"damage":39,"enemies":"The Guardian","floor":16,"turns":12},{"damage":20,"enemies":"Shell Parasite","floor":18,"turns":6},{"damage":5,"enemies":"2 Thieves","floor":20,"turns":4},{"damage":68,"enemies":"Gremlin Leader","floor":23,"turns":10},{"damage":21,"enemies":"Sentry and Sphere","floor":25,"turns":6},{"damage":23,"enemies":"3 Cultists","floor":30,"turns":7},{"damage":14,"enemies":"Centurion and Healer","floor":31,"turns":7},{"damage":57,"enemies":"Collector","floor":33,"turns":11}],"seed_played":"1038800209219127296","potions_obtained":[{"floor":2,"key":"BloodPotion"},{"floor":6,"key":"Strength Potion"},{"floor":7,"key":"DuplicationPotion"},{"floor":18,"key":"LiquidMemories"},{"floor":23,"key":"DuplicationPotion"},{"floor":31,"key":"Swift Potion"}],"is_trial":false,"path_per_floor":["M","M","$","?","M","E","M","$","T","M","M","M","?","?","R","B",null,"M","?","M","$","?","E","R","M","T","$","R","?","M","M","R","B",null],"character_chosen":"IRONCLAD","items_purchased":["Pen Nib","Evolve","Membership Card","Potion Belt"],"campfire_rested":2,"item_purchase_floors":[3,8,27,27],"current_hp_per_floor":[80,75,75,75,69,54,40,40,40,36,35,31,51,51,51,18,80,83,83,83,83,83,31,31,22,22,22,48,48,42,45,72,29,93,93],"gold":159,"neow_bonus":"HUNDRED_GOLD","is_daily":false,"chose_seed":false,"campfire_upgraded":2,"win_rate":0.0,"timestamp":1614039444,"path_taken":["M","?","$","?","M","E","M","$","T","M","?","M","?","?","R","BOSS","M","?","?","$","?","E","R","M","T","?","R","?","M","M","R","BOSS"],"items_purchased_type":["Relic","Card","Relic","Relic"],"build_version":"2020-12-22","purchased_purges":0,"victory":false,"max_hp_per_floor":[80,80,80,80,80,80,80,80,80,80,80,80,80,80,80,80,80,83,83,83,83,83,87,87,87,87,87,87,87,90,93,93,93,93,93],"relic_stats":{"Blood Vial":6,"Gremlin Horn":[15,15],"counters":[16,94],"Black Blood":131,"Pen Nib":[11],"obtain_stats":[{"Blood Vial":26,"Potion Belt":27,"Gremlin Horn":9,"Oddly Smooth Stone":6,"Black Blood":17,"Pen Nib":3,"CultistMask":4,"Membership Card":27,"Empty Cage":34,"Burning Blood":0,"TungstenRod":23},{"Blood Vial":13,"Potion Belt":13,"Gremlin Horn":5,"Oddly Smooth Stone":4,"Black Blood":9,"Pen Nib":2,"CultistMask":2,"Membership Card":13,"Empty Cage":16,"Burning Blood":0,"TungstenRod":12},{"Blood Vial":69,"Potion Belt":69,"Gremlin Horn":18,"Oddly Smooth Stone":14,"Black Blood":43,"Pen Nib":7,"CultistMask":7,"Membership Card":69,"Empty Cage":94,"Burning Blood":0,"TungstenRod":63}],"TungstenRod":18},"card_choices":[{"not_picked":["Iron Wave","Sever Soul"],"picked":"Fire Breathing","floor":1},{"not_picked":["Body Slam","Pummel"],"picked":"Fire Breathing","floor":2},{"not_picked":["Shrug It Off","Carnage"],"picked":"Armaments","floor":5},{"not_picked":["Hemokinesis","Clothesline"],"picked":"Wild Strike","floor":6},{"not_picked":["Clothesline","Havoc"],"picked":"Shrug It Off","floor":7},{"not_picked":["Havoc","Bloodletting","Clash"],"picked":"SKIP","floor":10},{"not_picked":["Rupture","Clash"],"picked":"Seeing Red","floor":11},{"not_picked":["Rampage","Cleave","Exhume"],"picked":"SKIP","floor":12},{"not_picked":["Berserk","Brutality"],"picked":"Feed","floor":16},{"not_picked":["Iron Wave+1","Bloodletting"],"picked":"Headbutt+1","floor":18},{"not_picked":["Clothesline","Armaments"],"picked":"Metallicize","floor":20},{"not_picked":["Rage","Sentinel"],"picked":"Thunderclap","floor":23},{"not_picked":["Body Slam","Pummel","Cleave"],"picked":"SKIP","floor":25},{"not_picked":["Body Slam","Perfected Strike+1","Flex"],"picked":"SKIP","floor":30},{"not_picked":["Entrench","Anger"],"picked":"Fire Breathing+1","floor":31},{"not_picked":["Fiend Fire","Offering"],"picked":"Reaper","floor":33}],"player_experience":116748,"relics_obtained":[{"floor":6,"key":"Oddly Smooth Stone"},{"floor":9,"key":"Gremlin Horn"},{"floor":23,"key":"TungstenRod"},{"floor":26,"key":"Blood Vial"}],"event_choices":[{"damage_healed":0,"gold_gain":0,"player_choice":"Trade","damage_taken":0,"relics_obtained":["CultistMask"],"max_hp_gain":0,"max_hp_loss":0,"event_name":"FaceTrader","floor":4,"gold_loss":0},{"damage_healed":20,"gold_gain":0,"player_choice":"Healed","damage_taken":0,"max_hp_gain":0,"max_hp_loss":0,"event_name":"The Cleric","floor":13,"gold_loss":35},{"damage_healed":0,"gold_gain":75,"player_choice":"Gained Gold","damage_taken":0,"max_hp_gain":0,"max_hp_loss":0,"event_name":"Golden Wing","floor":14,"gold_loss":0},{"damage_healed":0,"gold_gain":0,"player_choice":"Copied","damage_taken":0,"max_hp_gain":0,"max_hp_loss":0,"event_name":"Duplicator","floor":19,"gold_loss":0,"cards_obtained":["Armaments"]},{"damage_healed":0,"gold_gain":0,"player_choice":"Simplicity","damage_taken":0,"max_hp_gain":0,"max_hp_loss":0,"event_name":"Back to Basics","floor":22,"gold_loss":0,"cards_upgraded":["Strike_R","Strike_R","Strike_R","Strike_R","Strike_R","Defend_R","Defend_R","Defend_R","Defend_R"]},{"damage_healed":0,"gold_gain":0,"player_choice":"Ignored","damage_taken":0,"max_hp_gain":0,"max_hp_loss":0,"event_name":"Cursed Tome","floor":29,"gold_loss":0}],"is_beta":false,"boss_relics":[{"not_picked":["Coffee Dripper","Runic Cube"],"picked":"Black Blood"},{"not_picked":["Runic Pyramid","Snecko Eye"],"picked":"Empty Cage"}],"items_purged_floors":[],"is_endless":false,"potions_floor_spawned":[2,6,7,11,16,18,23,31],"ascension_level":0}}