{"host":"x4954lblgztusody","time":1614050643,"event":{"mods":["BaseMod","Colored Map","Curses Come First","Minty Spire (QoL Compilation)","Rare Cards Sparkle","StSLib"],"gold_per_floor":[117,132,142,142,159,189,32,66,112,144,144,156,189,204,204,301,301,321,420,420,690,295,295,309,309,309,336,19,34,47,73,73,174,174,188,203,216,228,243,273,273,273,273,273,273],"floor_reached":44,"language":"ENG","playtime":4310,"items_purged":["Strike_P","Strike_P"],"score":586,"play_id":"bf026b17-944e-48d1-b6d6-05aaafe8d6d7","local_time":"20210222192403","is_ascension_mode":true,"campfire_choices":[{"data":"TalkToTheHand","floor":11,"key":"SMITH"},{"data":"Tantrum","floor":15,"key":"SMITH"},{"data":"Worship","floor":23,"key":"SMITH"},{"data":"BowlingBash","floor":25,"key":"SMITH"},{"data":"Evaluate","floor":32,"key":"SMITH"},{"floor":41,"key":"REST"}],"circlet_count":0,"master_deck":["Strike_P+1","Defend_P+1","Defend_P","Eruption","Vigilance","TalkToTheHand+1","Protect+1","Worship+1","EmptyFist","Swift Strike","FlyingSleeves+1","Tantrum+1","WheelKick+1","Evaluate+1","Consecrate","BowlingBash+1","LessonLearned+1","Halt+1","ReachHeaven","FearNoEvil","Sanctity+1","ThirdEye+1","LikeWater+1","EmptyBody+1","Sanctity+1","Vault","Wallop","Protect","SandsOfTime","InnerPeace+1","Sanctity","CarveReality"],"relics":["Philosopher\u0027s Stone","Darkstone Periapt","Pear","MealTicket","Omamori","Calipers","Velvet Choker","Strawberry","Kunai","Oddly Smooth Stone","Frozen Egg 2","Tiny Chest","Empty Cage","TungstenRod"],"acts_visited":["Exordium","TheCity","TheBeyond"],"potions_floor_usage":[6,8,10,16,27,30,30,30,31,33,37,39],"damage_taken":[{"damage":1,"enemies":"Small Slimes","floor":1,"turns":3},{"damage":0,"enemies":"Cultist","floor":2,"turns":3},{"damage":0,"enemies":"2 Louse","floor":3,"turns":3},{"damage":3,"enemies":"Blue Slaver","floor":5,"turns":3},{"damage":4,"enemies":"Lagavulin","floor":6,"turns":8},{"damage":10,"enemies":"3 Sentries","floor":8,"turns":7},{"damage":6,"enemies":"Gremlin Nob","floor":10,"turns":4},{"damage":0,"enemies":"Looter","floor":12,"turns":2},{"damage":5,"enemies":"3 Sentries","floor":13,"turns":4},{"damage":3,"enemies":"Gremlin Gang","floor":14,"turns":3},{"damage":19,"enemies":"The Guardian","floor":16,"turns":8},{"damage":4,"enemies":"Shell Parasite","floor":18,"turns":4},{"damage":2,"enemies":"3 Byrds","floor":24,"turns":3},{"damage":22,"enemies":"Gremlin Leader","floor":27,"turns":5},{"damage":11,"enemies":"Snecko","floor":29,"turns":6},{"damage":15,"enemies":"Snake Plant","floor":30,"turns":5},{"damage":3,"enemies":"Slavers","floor":31,"turns":4},{"damage":10,"enemies":"Collector","floor":33,"turns":11},{"damage":0,"enemies":"3 Darklings","floor":35,"turns":10},{"damage":6,"enemies":"3 Shapes","floor":36,"turns":6},{"damage":0,"enemies":"Transient","floor":37,"turns":5},{"damage":3,"enemies":"4 Shapes","floor":38,"turns":4},{"damage":27,"enemies":"Jaw Worm Horde","floor":39,"turns":9},{"damage":29,"enemies":"Reptomancer","floor":40,"turns":15},{"damage":51,"enemies":"Giant Head","floor":44,"turns":7}],"seed_played":"-5775421543537662182","potions_obtained":[{"floor":1,"key":"BottledMiracle"},{"floor":3,"key":"BlessingOfTheForge"},{"floor":5,"key":"CultistPotion"},{"floor":6,"key":"EntropicBrew"},{"floor":14,"key":"Strength Potion"},{"floor":18,"key":"Weak Potion"},{"floor":31,"key":"Block Potion"},{"floor":36,"key":"LiquidBronze"},{"floor":40,"key":"AttackPotion"}],"is_trial":false,"path_per_floor":["M","M","M","?","M","E","$","E","T","E","R","M","E","M","R","B",null,"M","?","?","?","$","R","M","R","T","E","$","M","M","E","R","B",null,"M","M","M","M","M","E","R","?","T","E"],"character_chosen":"WATCHER","items_purchased":["Tantrum","Strawberry","ReachHeaven","FearNoEvil","Strength Potion","Frozen Egg 2","LikeWater+1"],"campfire_rested":1,"item_purchase_floors":[7,22,22,22,22,28,28],"current_hp_per_floor":[71,71,71,71,68,64,64,64,64,58,58,58,53,50,50,31,82,78,78,78,51,73,73,71,71,71,49,64,53,38,35,35,25,89,89,83,83,80,53,24,50,50,50,0,0],"gold":273,"neow_bonus":"BOSS_RELIC","is_daily":false,"chose_seed":false,"campfire_upgraded":5,"win_rate":0.0,"timestamp":1614050643,"path_taken":["M","M","M","?","?","E","$","E","T","E","R","M","E","M","R","BOSS","M","?","?","?","$","R","M","R","T","E","$","M","M","E","R","BOSS","M","?","?","M","M","E","R","?","T","E"],"items_purchased_type":["Card","Relic","Card","Card","Potion","Relic","Card"],"build_version":"2020-12-22","purchased_purges":2,"victory":false,"max_hp_per_floor":[72,72,72,72,72,72,72,82,82,82,82,82,82,82,82,82,82,82,82,82,82,89,89,89,89,89,89,89,89,89,89,89,89,89,89,89,89,89,89,89,89,89,89,89,89],"card_choices":[{"not_picked":["WheelKick","Evaluate"],"picked":"TalkToTheHand","floor":1},{"not_picked":["FlurryOfBlows","Nirvana"],"picked":"Protect","floor":2},{"not_picked":["DeceiveReality","EmptyBody"],"picked":"Worship","floor":3},{"not_picked":["PathToVictory","Crescendo"],"picked":"FlyingSleeves","floor":5},{"not_picked":["SashWhip","EmptyFist","Halt"],"picked":"SKIP","floor":6},{"not_picked":["MasterReality","PathToVictory","Halt"],"picked":"SKIP","floor":8},{"not_picked":["Halt","PathToVictory"],"picked":"WheelKick","floor":10},{"not_picked":["Halt","FollowUp"],"picked":"Evaluate","floor":12},{"not_picked":["Pray","Perseverance"],"picked":"Consecrate","floor":13},{"not_picked":["Crescendo","Halt"],"picked":"BowlingBash","floor":14},{"not_picked":["Blasphemy","Devotion"],"picked":"LessonLearned","floor":16},{"not_picked":["Prostrate+1","CrushJoints"],"picked":"Halt+1","floor":18},{"not_picked":["EmptyFist","Vengeance"],"picked":"Sanctity+1","floor":24},{"not_picked":["FlyingSleeves","Study"],"picked":"ThirdEye","floor":27},{"not_picked":["Indignation","ReachHeaven","ThirdEye"],"picked":"SKIP","floor":29},{"not_picked":["CarveReality+1","Nirvana+1"],"picked":"EmptyBody","floor":30},{"not_picked":["PathToVictory+1","Consecrate+1"],"picked":"Sanctity+1","floor":31},{"not_picked":["Brilliance","DeusExMachina"],"picked":"Vault","floor":33},{"not_picked":["BowlingBash","Evaluate+1"],"picked":"Wallop","floor":35},{"not_picked":["Pray+1","WindmillStrike"],"picked":"Protect","floor":36},{"not_picked":["FlyingSleeves","SashWhip"],"picked":"SandsOfTime","floor":37},{"not_picked":["EmptyFist+1","Pray"],"picked":"InnerPeace+1","floor":38},{"not_picked":["Prostrate","ThirdEye","LessonLearned"],"picked":"SKIP","floor":39},{"not_picked":["Evaluate","Collect"],"picked":"Sanctity","floor":40}],"player_experience":33185,"relics_obtained":[{"floor":6,"key":"Darkstone Periapt"},{"floor":8,"key":"Pear"},{"floor":9,"key":"MealTicket"},{"floor":10,"key":"Omamori"},{"floor":13,"key":"Calipers"},{"floor":26,"key":"Kunai"},{"floor":27,"key":"Oddly Smooth Stone"},{"floor":31,"key":"Tiny Chest"},{"floor":40,"key":"TungstenRod"}],"event_choices":[{"damage_healed":0,"gold_gain":0,"player_choice":"2 cards matched","damage_taken":0,"max_hp_gain":0,"max_hp_loss":0,"event_name":"Match and Keep!","floor":4,"gold_loss":0,"cards_obtained":["EmptyFist","Swift Strike"]},{"damage_healed":0,"gold_gain":99,"player_choice":"Stole From Cult","damage_taken":0,"max_hp_gain":0,"max_hp_loss":0,"event_name":"Nest","floor":19,"gold_loss":0},{"damage_healed":0,"gold_gain":0,"player_choice":"Ignored","damage_taken":0,"max_hp_gain":0,"max_hp_loss":0,"event_name":"The Mausoleum","floor":20,"gold_loss":0},{"damage_healed":0,"gold_gain":270,"player_choice":"GOLD GOLD GOLD ","damage_taken":27,"max_hp_gain":0,"max_hp_loss":0,"event_name":"Knowing Skull","floor":21,"potions_obtained":[],"gold_loss":0,"cards_obtained":[]},{"damage_healed":0,"gold_gain":0,"cards_transformed":["Defend_P"],"player_choice":"Transformed","damage_taken":0,"max_hp_gain":0,"max_hp_loss":0,"event_name":"Transmorgrifier","floor":42,"gold_loss":0,"cards_obtained":["CarveReality"]}],"is_beta":false,"boss_relics":[{"not_picked":["Busted Crown","Snecko Eye"],"picked":"Velvet Choker"},{"not_picked":["Runic Dome","Sozu"],"picked":"Empty Cage"}],"items_purged_floors":[7,22],"is_endless":false,"potions_floor_spawned":[1,3,5,6,14,18,31,36,40],"killed_by":"Giant Head","ascension_level":1}}