{"host":"n43wxkei7kulhi8o","time":1614092445,"event":{"mods":["BaseMod","Bestiary","Block Reminder","Colored Map","Colored Powertips","Curses Come First","Custom Start","Dark Map","Highlight Path","Minty Spire (QoL Compilation)","Relic Stats","StSLib"],"gold_per_floor":[114,114,124,139,149,149,149,149,173,173,173,187,208,235,235,336,336,353,373,373,398,112,112,129,129,129,53,71,91,143,155,155,252,252,262,1,1,20,20,20,31,31,31,44,44,266,280,280,280,280],"floor_reached":51,"language":"ENG","playtime":1968,"items_purged":[],"score":647,"play_id":"a2039304-c46b-473d-98b5-c9fba1a5d9d3","local_time":"20210223100045","is_ascension_mode":false,"campfire_choices":[{"data":"Zap","floor":6,"key":"SMITH"},{"data":"Sweeping Beam","floor":8,"key":"SMITH"},{"floor":11,"key":"RECALL"},{"floor":15,"key":"REST"},{"floor":23,"key":"REST"},{"floor":25,"key":"REST"},{"floor":32,"key":"REST"},{"data":"Coolheaded","floor":40,"key":"SMITH"},{"floor":42,"key":"REST"},{"floor":49,"key":"REST"}],"circlet_count":0,"master_deck":["Strike_B","Strike_B","Strike_B","Defend_B","Defend_B","Defend_B","Defend_B","Zap+1","Dualcast+1","Sweeping Beam+1","BootSequence","Coolheaded","Ball Lightning","Creative AI","Cold Snap+1","Electrodynamics","Coolheaded+1","Echo Form","Thunder Strike+1","Tempest+1","Turbo+1","Doubt","Blizzard+1"],"relics":["Cracked Core","NeowsBlessing","Akabeko","WarpedTongs","Odd Mushroom","PreservedInsect","Empty Cage","Red Mask","Bag of Marbles","Molten Egg 2","Anchor","Cursed Key","Mummified Hand","Orichalcum"],"acts_visited":["Exordium","TheCity","TheBeyond"],"potions_floor_usage":[16,16,16,21,33,33,33],"damage_taken":[{"damage":0,"enemies":"Small Slimes","floor":1,"turns":1},{"damage":0,"enemies":"Cultist","floor":3,"turns":1},{"damage":0,"enemies":"2 Louse","floor":4,"turns":1},{"damage":2,"enemies":"Looter","floor":5,"turns":4},{"damage":3,"enemies":"Red Slaver","floor":12,"turns":2},{"damage":17,"enemies":"The Mushroom Lair","floor":13,"turns":3},{"damage":17,"enemies":"3 Sentries","floor":14,"turns":4},{"damage":33,"enemies":"Hexaghost","floor":16,"turns":7},{"damage":8,"enemies":"Chosen","floor":18,"turns":4},{"damage":15,"enemies":"Spheric Guardian","floor":19,"turns":4},{"damage":44,"enemies":"Masked Bandits","floor":21,"turns":7},{"damage":5,"enemies":"Centurion and Healer","floor":24,"turns":3},{"damage":5,"enemies":"Shelled Parasite and Fungi","floor":28,"turns":4},{"damage":14,"enemies":"Cultist and Chosen","floor":29,"turns":5},{"damage":2,"enemies":"Centurion and Healer","floor":31,"turns":7},{"damage":11,"enemies":"Champ","floor":33,"turns":12},{"damage":0,"enemies":"3 Shapes","floor":35,"turns":4},{"damage":9,"enemies":"Orb Walker","floor":38,"turns":4},{"damage":14,"enemies":"Maw","floor":41,"turns":8},{"damage":19,"enemies":"Writhing Mass","floor":44,"turns":3},{"damage":31,"enemies":"Jaw Worm Horde","floor":47,"turns":4},{"damage":18,"enemies":"Time Eater","floor":50,"turns":7}],"seed_played":"5163084963247900359","potions_obtained":[{"floor":2,"key":"GamblersBrew"},{"floor":2,"key":"CultistPotion"},{"floor":2,"key":"FocusPotion"},{"floor":14,"key":"DistilledChaos"},{"floor":19,"key":"SkillPotion"},{"floor":21,"key":"ColorlessPotion"},{"floor":31,"key":"Weak Potion"},{"floor":38,"key":"Explosive Potion"}],"is_trial":false,"path_per_floor":["M","?","M","M","M","R","?","R","T","?","R","M","?","E","R","B",null,"M","M","?","?","$","R","M","R","T","$","M","M","T","M","R","B",null,"M","$","?","M","?","R","M","R","T","M","?","?","M","?","R","B",null],"character_chosen":"DEFECT","items_purchased":["Electrodynamics","Bag of Marbles","Coolheaded","PowerPotion","Mummified Hand"],"campfire_rested":6,"item_purchase_floors":[22,22,27,27,36],"current_hp_per_floor":[75,75,75,75,73,73,73,73,73,73,73,70,53,36,58,25,75,67,52,52,8,8,30,25,47,47,47,42,28,28,26,48,37,75,75,75,75,66,66,66,52,74,74,55,55,55,24,24,45,27],"gold":280,"neow_bonus":"THREE_ENEMY_KILL","is_daily":false,"chose_seed":false,"campfire_upgraded":3,"win_rate":0.0,"timestamp":1614092445,"path_taken":["M","?","M","?","M","R","?","R","T","?","R","?","?","E","R","BOSS","M","M","?","?","$","R","M","R","T","$","M","M","?","M","R","BOSS","M","$","?","M","?","R","M","R","T","M","?","?","M","?","R","BOSS"],"items_purchased_type":["Card","Relic","Card","Potion","Relic"],"build_version":"2020-12-22","purchased_purges":0,"victory":true,"max_hp_per_floor":[75,75,75,75,75,75,75,75,75,75,75,75,75,75,75,75,75,75,75,75,75,75,75,75,75,75,75,75,75,75,75,75,75,75,75,75,75,75,75,75,75,75,75,75,71,71,71,71,71,71],"relic_stats":{"counters":[22,98],"Mummified Hand":[53],"PreservedInsect":0,"Orichalcum":[6],"Cursed Key":1,"obtain_stats":[{"NeowsBlessing":0,"PreservedInsect":14,"Odd Mushroom":13,"Orichalcum":43,"Empty Cage":17,"Cursed Key":34,"Akabeko":9,"WarpedTongs":10,"Anchor":30,"Mummified Hand":36,"Molten Egg 2":26,"Red Mask":21,"Bag of Marbles":22,"Cracked Core":0},{"NeowsBlessing":0,"PreservedInsect":7,"Odd Mushroom":6,"Orichalcum":19,"Empty Cage":8,"Cursed Key":16,"Akabeko":4,"WarpedTongs":4,"Anchor":14,"Mummified Hand":17,"Molten Egg 2":12,"Red Mask":11,"Bag of Marbles":11,"Cracked Core":0},{"NeowsBlessing":0,"PreservedInsect":16,"Odd Mushroom":12,"Orichalcum":84,"Empty Cage":23,"Cursed Key":69,"Akabeko":7,"WarpedTongs":7,"Anchor":50,"Mummified Hand":73,"Molten Egg 2":41,"Red Mask":38,"Bag of Marbles":38,"Cracked Core":0}],"WarpedTongs":[90]},"card_choices":[{"not_picked":["Turbo","BootSequence","Stack"],"picked":"SKIP","floor":1},{"not_picked":["Rebound","Darkness"],"picked":"Sweeping Beam","floor":3},{"not_picked":["Tempest","Gash","Hologram"],"picked":"SKIP","floor":4},{"not_picked":["Lockon","Go for the Eyes"],"picked":"BootSequence","floor":5},{"not_picked":["Multi-Cast","Streamline"],"picked":"Coolheaded","floor":12},{"not_picked":["Recycle","Double Energy"],"picked":"Ball Lightning","floor":14},{"not_picked":["Rainbow","Seek"],"picked":"Creative AI","floor":16},{"not_picked":["Static Discharge+1","Leap","Go for the Eyes"],"picked":"SKIP","floor":18},{"not_picked":["Hologram","Skim+1"],"picked":"Cold Snap+1","floor":19},{"not_picked":["Storm","Streamline","Beam Cell"],"picked":"SKIP","floor":24},{"not_picked":["Go for the Eyes+1","Streamline+1","Self Repair"],"picked":"SKIP","floor":28},{"not_picked":["Coolheaded","Chaos"],"picked":"Echo Form","floor":29},{"not_picked":["Rebound+1","Scrape+1","Sweeping Beam+1"],"picked":"SKIP","floor":31},{"not_picked":["Amplify","Biased Cognition"],"picked":"Thunder Strike+1","floor":33},{"not_picked":["Sweeping Beam+1","Gash+1","Streamline+1"],"picked":"SKIP","floor":35},{"not_picked":["Chrysalis","Mayhem"],"picked":"Secret Technique","floor":37},{"not_picked":["Redo+1","Hologram"],"picked":"Tempest+1","floor":38},{"not_picked":["Fusion","Compile Driver+1"],"picked":"Turbo+1","floor":41},{"not_picked":["Compile Driver+1","Force Field+1","Streamline+1"],"picked":"SKIP","floor":44},{"not_picked":["Storm","Force Field"],"picked":"Blizzard+1","floor":47}],"player_experience":714939,"relics_obtained":[{"floor":9,"key":"Akabeko"},{"floor":13,"key":"Odd Mushroom"},{"floor":14,"key":"PreservedInsect"},{"floor":21,"key":"Red Mask"},{"floor":26,"key":"Molten Egg 2"},{"floor":30,"key":"Anchor"},{"floor":43,"key":"Orichalcum"}],"event_choices":[{"damage_healed":0,"gold_gain":0,"player_choice":"Got Potions","damage_taken":0,"max_hp_gain":0,"max_hp_loss":0,"event_name":"Lab","floor":2,"gold_loss":0},{"damage_healed":0,"gold_gain":0,"player_choice":"Grow","damage_taken":0,"max_hp_gain":0,"max_hp_loss":0,"event_name":"Living Wall","floor":7,"gold_loss":0,"cards_upgraded":["Dualcast"]},{"damage_healed":0,"gold_gain":0,"player_choice":"Rummage","damage_taken":0,"relics_obtained":["WarpedTongs"],"max_hp_gain":0,"max_hp_loss":0,"event_name":"Accursed Blacksmith","floor":10,"gold_loss":0,"cards_obtained":["Pain"]},{"damage_healed":0,"gold_gain":0,"player_choice":"Fought Mushrooms","damage_taken":0,"max_hp_gain":0,"max_hp_loss":0,"event_name":"Mushrooms","floor":13,"gold_loss":0},{"damage_healed":0,"gold_gain":0,"player_choice":"Ignored","damage_taken":0,"max_hp_gain":0,"max_hp_loss":0,"event_name":"Vampires","floor":20,"gold_loss":0},{"damage_healed":0,"gold_gain":0,"player_choice":"Fought Bandits","damage_taken":0,"max_hp_gain":0,"max_hp_loss":0,"event_name":"Masked Bandits","floor":21,"gold_loss":0},{"damage_healed":0,"gold_gain":0,"player_choice":"Memory 1","damage_taken":0,"max_hp_gain":0,"max_hp_loss":0,"event_name":"SensoryStone","floor":37,"gold_loss":0},{"cards_removed":["Secret Technique"],"damage_healed":0,"gold_gain":0,"player_choice":"Removed Skill","damage_taken":0,"max_hp_gain":0,"max_hp_loss":0,"event_name":"Falling","floor":39,"gold_loss":0},{"damage_healed":0,"gold_gain":0,"player_choice":"Max HP","damage_taken":0,"max_hp_gain":0,"max_hp_loss":4,"event_name":"Winding Halls","floor":45,"gold_loss":0},{"damage_healed":0,"gold_gain":222,"player_choice":"Wore Mask","damage_taken":0,"max_hp_gain":0,"max_hp_loss":0,"event_name":"Tomb of Lord Red Mask","floor":46,"gold_loss":0},{"damage_healed":0,"gold_gain":0,"player_choice":"Ignored","damage_taken":0,"max_hp_gain":0,"max_hp_loss":0,"event_name":"NoteForYourself","floor":48,"gold_loss":0}],"is_beta":false,"boss_relics":[{"not_picked":["Coffee Dripper","Runic Pyramid"],"picked":"Empty Cage"},{"not_picked":["Snecko Eye","Velvet Choker"],"picked":"Cursed Key"}],"items_purged_floors":[],"is_endless":false,"potions_floor_spawned":[3,5,12,13,14,19,21,31,38],"ascension_level":0}}