{"host":"75zx7uhsgygk98v8","time":1614039472,"event":{"mods":["BaseMod","Beaked The Cultist","Colored Map","Colored Powertips","Downfall","Googly Eyes","Gremlin Mod","Highlight Path","Mad Scientist","Minty Spire (QoL Compilation)","Rare Cards Sparkle","Somnambulant","Spicy Shops","StSLib","The Construct","The Cursed","The Forsaken","The Mystic","The Necromancer"],"gold_per_floor":[110,110,37,54,67,97,97,97,97,124,124,156,172,183,183,285,285,303,186,196,212,229,229,229],"floor_reached":23,"language":"ENG","playtime":1991,"items_purged":[],"score":213,"play_id":"3190ad57-dc31-44bd-8193-9fcf1f3633eb","local_time":"20210222181752","is_ascension_mode":false,"campfire_choices":[{"floor":11.0,"key":"REST"},{"data":"theForsaken:WardingHymn","floor":15.0,"key":"SMITH"}],"circlet_count":0,"master_deck":["theForsaken:TheForsaken_Strike","theForsaken:TheForsaken_Strike","theForsaken:TheForsaken_Strike","theForsaken:TheForsaken_Defend","theForsaken:TheForsaken_Defend","theForsaken:TheForsaken_Defend","theForsaken:TheForsaken_Defend","theForsaken:Smite","theForsaken:Penitence","theForsaken:Backlash","theForsaken:WardingHymn+1","theForsaken:CleansingLight","theForsaken:RainingSunlight","theForsaken:MagicWeapon","theForsaken:Preservation","theForsaken:DefensiveStance+1","theForsaken:WordsOfMight+1","theForsaken:MagicWeapon+1","theForsaken:CorruptDeck+1","theForsaken:SiphonStrike+1","theForsaken:Riposte+1","theForsaken:RainingSunlight","theForsaken:Devotion+1","theForsaken:StoreUp+1"],"relics":["theForsaken:ScalesOfTruth","Centennial Puzzle","Toy Ornithopter","Frozen Egg 2","Mercury Hourglass","Ice Cream"],"acts_visited":["Exordium","TheCity"],"potions_floor_usage":[16,23],"damage_taken":[{"damage":0.0,"enemies":"2 Louse","floor":1.0,"turns":3.0},{"damage":3.0,"enemies":"Jaw Worm","floor":4.0,"turns":4.0},{"damage":0.0,"enemies":"Small Slimes","floor":5.0,"turns":4.0},{"damage":48.0,"enemies":"Gremlin Nob","floor":6.0,"turns":8.0},{"damage":13.0,"enemies":"Lagavulin","floor":10.0,"turns":10.0},{"damage":18.0,"enemies":"Gremlin Nob","floor":12.0,"turns":5.0},{"damage":13.0,"enemies":"Gremlin Gang","floor":13.0,"turns":5.0},{"damage":3.0,"enemies":"Lots of Slimes","floor":14.0,"turns":3.0},{"damage":10,"enemies":"Slime Boss","floor":16,"turns":9},{"damage":7,"enemies":"Shell Parasite","floor":18,"turns":7},{"damage":11,"enemies":"3 Byrds","floor":20,"turns":4},{"damage":23,"enemies":"Centurion and Healer","floor":21,"turns":9},{"damage":36,"enemies":"3 Cultists","floor":22,"turns":6},{"damage":22,"enemies":"Slavers","floor":23,"turns":1}],"seed_played":"-5097633092766279782","potions_obtained":[{"floor":6.0,"key":"ColorlessPotion"},{"floor":12.0,"key":"hexamod:SoulburnPotion"},{"floor":20,"key":"champ:CounterPotion"},{"floor":22,"key":"SkillPotion"}],"is_trial":false,"path_per_floor":["M","?","$","M","M","E","?","?","T","E","R","E","M","M","R","B",null,"M","$","M","M","M","E"],"character_chosen":"THE_FORSAKEN","items_purchased":["Centennial Puzzle","theForsaken:Riposte+1"],"campfire_rested":1,"item_purchase_floors":[3,19],"current_hp_per_floor":[71,71,71,69,71,33,33,33,33,25,46,36,25,22,22,26,71,64,64,53,45,17,0,0],"gold":229,"neow_bonus":"TEN_PERCENT_HP_BONUS","is_daily":false,"chose_seed":false,"campfire_upgraded":1,"win_rate":0.0,"timestamp":1614039472,"path_taken":["M","?","?","M","M","E","?","?","T","E","R","E","M","M","R","BOSS","M","$","?","M","M","E"],"items_purchased_type":["Relic","Card"],"build_version":"2020-12-22","purchased_purges":0,"victory":false,"max_hp_per_floor":[71,71,71,71,71,71,71,71,71,71,71,71,71,71,71,71,71,71,71,71,71,71,71,71],"card_choices":[{"not_picked":["theForsaken:ScorchingSunlight","theForsaken:FatRoll"],"picked":"theForsaken:Backlash","floor":1.0},{"not_picked":["theForsaken:HealingLight","theForsaken:Terrorize"],"picked":"theForsaken:WardingHymn","floor":4.0},{"not_picked":["theForsaken:Eulogy","theForsaken:ShieldBash"],"picked":"theForsaken:CleansingLight","floor":5.0},{"not_picked":["theForsaken:Temperance","theForsaken:SiphonStrike"],"picked":"theForsaken:RainingSunlight","floor":6.0},{"not_picked":["theForsaken:WrathOfGod","theForsaken:StoreUp"],"picked":"theForsaken:Preservation","floor":10.0},{"not_picked":["theForsaken:Parry","theForsaken:BattleHymn"],"picked":"theForsaken:DefensiveStance+1","floor":12.0},{"not_picked":["theForsaken:ChargeAttack","theForsaken:BlindFaith"],"picked":"theForsaken:WordsOfMight+1","floor":13.0},{"not_picked":["theForsaken:BattleHymn","theForsaken:NobleSacrifice"],"picked":"theForsaken:MagicWeapon+1","floor":14.0},{"not_picked":["theForsaken:CorruptedForm+1","theForsaken:Confusion"],"picked":"theForsaken:CorruptDeck+1","floor":16},{"not_picked":["theForsaken:ShieldBash","theForsaken:Preservation+1"],"picked":"theForsaken:SiphonStrike+1","floor":18},{"not_picked":["theForsaken:ShieldBash","theForsaken:Backlash+1"],"picked":"theForsaken:RainingSunlight","floor":20},{"not_picked":["theForsaken:RainingSunlight","theForsaken:WordsOfPestilence+1"],"picked":"theForsaken:Devotion+1","floor":21},{"not_picked":["theForsaken:Backlash","theForsaken:NobleSacrifice"],"picked":"theForsaken:StoreUp+1","floor":22}],"player_experience":1536306,"relics_obtained":[{"floor":6.0,"key":"Toy Ornithopter"},{"floor":9.0,"key":"Frozen Egg 2"},{"floor":10.0,"key":"Mercury Hourglass"},{"floor":12.0,"key":"Ice Cream"}],"event_choices":[{"damage_healed":0.0,"max_hp_gain":0.0,"max_hp_loss":0.0,"gold_gain":0.0,"event_name":"Liars Game","player_choice":"Ignored","floor":2.0,"gold_loss":0.0,"damage_taken":0.0},{"damage_healed":0.0,"max_hp_gain":0.0,"max_hp_loss":0.0,"gold_gain":0.0,"event_name":"Scrap Ooze","player_choice":"Fled","floor":7.0,"gold_loss":0.0,"damage_taken":0.0},{"damage_healed":0.0,"max_hp_gain":0.0,"max_hp_loss":0.0,"gold_gain":0.0,"cards_transformed":["theForsaken:TheForsaken_Strike"],"event_name":"Transmorgrifier","player_choice":"Transformed","floor":8.0,"gold_loss":0.0,"damage_taken":0.0,"cards_obtained":["theForsaken:MagicWeapon"]}],"is_beta":false,"boss_relics":[{"not_picked":["Pandora\u0027s Box","bronze:MakeshiftBattery"],"picked":"theForsaken:ScalesOfTruth"}],"items_purged_floors":[],"is_endless":false,"potions_floor_spawned":[6,12,20,22],"killed_by":"Slavers","ascension_level":0}}