{"host":"0qlrtuw7bw78ucw4","time":1614084180,"event":{"mods":["BaseMod","Downfall","Minty Spire (QoL Compilation)","StSLib"],"gold_per_floor":[99,119,174,185,200,200,224,224,224,224],"floor_reached":8,"language":"ENG","playtime":292,"items_purged":[],"score":85,"play_id":"6a2a0d71-b29a-43ba-b528-42cac2a7bd9b","local_time":"20210223234300","is_ascension_mode":true,"campfire_choices":[{"data":"Slimebound:Split","floor":1,"key":"SMITH"},{"data":"Slimebound:CorrosiveSpit","floor":6,"key":"SMITH"}],"circlet_count":0,"master_deck":["AscendersBane","Slimebound:Strike_Slimebound","Slimebound:Strike_Slimebound","Slimebound:Tackle","Slimebound:Defend_Slimebound","Slimebound:Defend_Slimebound","Slimebound:Defend_Slimebound","Slimebound:Defend_Slimebound","Slimebound:Split+1","Slimebound:CorrosiveSpit+1","Slimebound:Gluttony","Slimebound:LivingWall","Slimebound:LeechEnergy"],"relics":["Slimebound:AbsorbEndCombat","Anchor","Bag of Preparation"],"acts_visited":["Exordium"],"potions_floor_usage":[4,8],"damage_taken":[{"damage":2,"enemies":"Jaw Worm","floor":2,"turns":5},{"damage":55,"enemies":"Gremlin Nob","floor":3,"turns":5},{"damage":0,"enemies":"2 Louse","floor":4,"turns":5},{"damage":0,"enemies":"Small Slimes","floor":5,"turns":4},{"damage":30,"enemies":"Gremlin Nob","floor":8,"turns":3}],"seed_played":"8174774727152582043","potions_obtained":[{"floor":3,"key":"Regen Potion"},{"floor":4,"key":"AttackPotion"},{"floor":5,"key":"CultistPotion"}],"is_trial":false,"path_per_floor":["R","M","?","M","M","R","T","E"],"character_chosen":"SLIMEBOUND","items_purchased":[],"campfire_rested":0,"item_purchase_floors":[],"current_hp_per_floor":[53,55,4,22,24,24,24,0,0,0],"gold":224,"neow_bonus":"REMOVE_CARD","is_daily":false,"chose_seed":false,"campfire_upgraded":2,"win_rate":0.0,"timestamp":1614084180,"path_taken":["R","M","?","M","M","R","T","E"],"items_purchased_type":[],"build_version":"2020-12-22","purchased_purges":0,"victory":false,"max_hp_per_floor":[59,59,59,59,59,59,59,59,59,59],"card_choices":[{"not_picked":["Slimebound:SamplingLick","Slimebound:GoopTackle","Slimebound:MegaLick"],"picked":"SKIP","floor":2},{"not_picked":["Slimebound:Replication","Slimebound:ServeAndProtect"],"picked":"Slimebound:Gluttony","floor":3},{"not_picked":["Slimebound:LeechingTouch","Slimebound:HauntingLick"],"picked":"Slimebound:LivingWall","floor":4},{"not_picked":["Slimebound:SamplingLick","Slimebound:ItLooksTasty"],"picked":"Slimebound:LeechEnergy","floor":5}],"player_experience":1047055,"relics_obtained":[{"floor":3,"key":"Anchor"},{"floor":7,"key":"Bag of Preparation"}],"event_choices":[],"is_beta":false,"boss_relics":[],"items_purged_floors":[],"is_endless":false,"potions_floor_spawned":[3,4,5],"killed_by":"Gremlin Nob","ascension_level":17}}