{"host":"mg6qqnp83j5r6p2r","time":1614049131,"event":{"mods":["Alarm Clock","BaseMod","Block Reminder","Colored Map","Colored Powertips","Dark Map","Highlight Path","Minty Spire (QoL Compilation)","Random Character Button","Rare Cards Sparkle","Relic Sorter","Relic Stats","StSLib"],"gold_per_floor":[117,117,117,117,135,164,22,22,22,103,103,122,133,166,166,268,268,268,268],"floor_reached":18,"language":"ENG","playtime":573,"items_purged":[],"score":202,"play_id":"31c30bfd-d0d8-43d0-8c86-b381eaf7e705","local_time":"20210222205851","is_ascension_mode":true,"campfire_choices":[{"floor":8.0,"key":"REST"},{"data":"Neutralize","floor":11.0,"key":"SMITH"},{"floor":15.0,"key":"REST"}],"circlet_count":0,"master_deck":["Strike_G","Strike_G","Strike_G","Strike_G+1","Defend_G","Defend_G","Defend_G","Defend_G","Survivor","Neutralize+1","Setup","Dagger Spray+1","Infinite Blades","Catalyst","Slice","Noxious Fumes","Wraith Form v2","CurseOfTheBell"],"relics":["Ring of the Snake","The Specimen","MawBank","TwistedFunnel","Whetstone","Pen Nib","Calling Bell","Strawberry","Letter Opener","Peace Pipe"],"acts_visited":["Exordium","TheCity"],"potions_floor_usage":[],"damage_taken":[{"damage":1.0,"enemies":"Jaw Worm","floor":1.0,"turns":7.0},{"damage":4.0,"enemies":"Small Slimes","floor":5.0,"turns":3.0},{"damage":39.0,"enemies":"Lagavulin","floor":6.0,"turns":11.0},{"damage":0.0,"enemies":"2 Louse","floor":12.0,"turns":1.0},{"damage":0.0,"enemies":"Exordium Wildlife","floor":13.0,"turns":2.0},{"damage":20.0,"enemies":"3 Sentries","floor":14.0,"turns":7.0},{"damage":33.0,"enemies":"The Guardian","floor":16.0,"turns":13.0},{"damage":0,"enemies":"2 Thieves","floor":18,"turns":1}],"seed_played":"-917536596957467597","potions_obtained":[{"floor":1.0,"key":"ColorlessPotion"},{"floor":12.0,"key":"Dexterity Potion"}],"is_trial":false,"path_per_floor":["M","?","?","?","M","E","$","R","T","T","R","M","M","E","R","B",null,"M"],"character_chosen":"THE_SILENT","items_purchased":["TwistedFunnel"],"campfire_rested":2,"item_purchase_floors":[7],"current_hp_per_floor":[69,62,59,59,55,16,16,37,37,37,37,37,37,17,38,5,77,77,77],"gold":268,"neow_bonus":"TRANSFORM_CARD","is_daily":false,"chose_seed":false,"campfire_upgraded":1,"win_rate":0.0,"timestamp":1614049131,"path_taken":["M","?","?","?","M","E","$","R","T","?","R","M","?","E","R","BOSS","M"],"items_purchased_type":["Relic"],"build_version":"2020-12-22","purchased_purges":0,"victory":false,"max_hp_per_floor":[70,70,70,70,70,70,70,70,70,70,70,70,70,70,70,70,77,77,77],"relic_stats":{"Peace Pipe":0,"counters":[8,45],"Pen Nib":[1],"Whetstone":["Strike_G","Dagger Spray"],"Letter Opener":[0],"MawBank":12,"obtain_stats":[{"TwistedFunnel":7,"Calling Bell":17,"Peace Pipe":17,"The Specimen":3,"Strawberry":17,"Pen Nib":14,"Whetstone":9,"Letter Opener":17,"MawBank":6,"Ring of the Snake":0},{"TwistedFunnel":3,"Calling Bell":7,"Peace Pipe":7,"The Specimen":1,"Strawberry":7,"Pen Nib":6,"Whetstone":3,"Letter Opener":7,"MawBank":3,"Ring of the Snake":0},{"TwistedFunnel":21,"Calling Bell":44,"Peace Pipe":44,"The Specimen":7,"Strawberry":44,"Pen Nib":31,"Whetstone":21,"Letter Opener":44,"MawBank":21,"Ring of the Snake":0}],"Ring of the Snake":[16]},"card_choices":[{"not_picked":["Sucker Punch","Deadly Poison"],"picked":"Dagger Spray","floor":1.0},{"not_picked":["Slice","Dagger Throw"],"picked":"Infinite Blades","floor":5.0},{"not_picked":["Poisoned Stab","Dodge and Roll"],"picked":"Catalyst","floor":6.0},{"not_picked":["Doppelganger","Deflect"],"picked":"Slice","floor":12.0},{"not_picked":["Dagger Throw","Setup","Tactician"],"picked":"SKIP","floor":13.0},{"not_picked":["Flying Knee","Calculated Gamble"],"picked":"Noxious Fumes","floor":14.0},{"not_picked":["Doppelganger","Grand Finale"],"picked":"Wraith Form v2","floor":16.0}],"player_experience":264520,"relics_obtained":[{"floor":6.0,"key":"MawBank"},{"floor":9.0,"key":"Whetstone"},{"floor":14.0,"key":"Pen Nib"},{"floor":17.0,"key":"Strawberry"},{"floor":17.0,"key":"Letter Opener"},{"floor":17.0,"key":"Peace Pipe"}],"event_choices":[{"cards_removed":["Defend_G"],"damage_healed":0.0,"max_hp_gain":0.0,"max_hp_loss":0.0,"gold_gain":0.0,"event_name":"Golden Wing","player_choice":"Card Removal","floor":2.0,"gold_loss":0.0,"damage_taken":7.0},{"damage_healed":0.0,"max_hp_gain":0.0,"max_hp_loss":0.0,"gold_gain":0.0,"event_name":"Scrap Ooze","player_choice":"Success","floor":3.0,"gold_loss":0.0,"damage_taken":3.0,"relics_obtained":["The Specimen"]},{"damage_healed":0.0,"max_hp_gain":0.0,"max_hp_loss":0.0,"gold_gain":0.0,"event_name":"Liars Game","player_choice":"Ignored","floor":4.0,"gold_loss":0.0,"damage_taken":0.0}],"is_beta":false,"boss_relics":[{"not_picked":["SlaversCollar","WristBlade"],"picked":"Calling Bell"}],"items_purged_floors":[],"is_endless":false,"potions_floor_spawned":[1,12],"killed_by":"2 Thieves","ascension_level":4}}