{"host":"cd7awanv0x2msn9z","time":1614084969,"event":{"mods":["BaseMod","Downfall","Minty Spire (QoL Compilation)","Replay The Spire","StSLib","SuperFastMode"],"gold_per_floor":[115,130,130,130,96,96,96,108,135,135,135,169,169,201,201,303,303,290,1,1,20,31,31,49,81,81,92,118,132,144,158,158,260,260,280,27,27,75,125,137,175,205,244,256,184,196,57,73,73,73],"floor_reached":51,"language":"ZHS","playtime":3240,"items_purged":[],"score":784,"play_id":"44475d4c-48d7-49b3-a1e2-717ade825ac6","local_time":"20210223205609","is_ascension_mode":true,"campfire_choices":[{"data":"Caltrops","floor":6.0,"key":"SMITH"},{"data":"Footwork","floor":11.0,"key":"SMITH"},{"data":"Sucker Punch","floor":15.0,"key":"SMITH"},{"data":"Blur","floor":23.0,"key":"SMITH"},{"data":"Strike_G","floor":32.0,"key":"PURGE"},{"data":"Burst","floor":40.0,"key":"SMITH"},{"data":"ReplayTheSpireMod:Speed Training","floor":49,"key":"SMITH"}],"circlet_count":0,"master_deck":["Defend_G","Defend_G","Defend_G","Defend_G","Survivor","Neutralize","Burst+1","Caltrops+1","Acrobatics","Footwork+1","Noxious Fumes","Sucker Punch+1","Doppelganger","Deflect","PiercingWail","Blur+1","Crippling Poison","Backflip+1","Malaise","Deflect+1","Sucker Punch+1","Replay:Bag of Tricks","Dash+1","Regret","ReplayTheSpireMod:Speed Training+1","Caltrops+1"],"relics":["Ring of the Snake","Eternal Feather","Toy Ornithopter","Replay:Baseball","Blue Doll","Painkiller Herb","WingedGreaves","Happy Flower","Bottled Tornado","Lizard Tail","Replay:Drink Me","Paper Crane","Pocketwatch","ReplayTheSpireMod:Ring of Challenge","Ring of Greed","MawBank","Tiny Chest","Frozen Egg 2","Bronze Scales","Spirit Poop","Strawberry","ClockworkSouvenir"],"acts_visited":["Exordium","TheCity","TheBeyond"],"potions_floor_usage":[48,50],"damage_taken":[{"damage":8.0,"enemies":"Cultist","floor":1.0,"turns":5.0},{"damage":1.0,"enemies":"Jaw Worm","floor":2.0,"turns":8.0},{"damage":8.0,"enemies":"Small Slimes","floor":8.0,"turns":4.0},{"damage":38.0,"enemies":"Gremlin Nob","floor":12.0,"turns":6.0},{"damage":9.0,"enemies":"Lagavulin","floor":14.0,"turns":9.0},{"damage":11.0,"enemies":"Fading Forest","floor":16.0,"turns":11.0},{"damage":1.0,"enemies":"2 Thieves","floor":18.0,"turns":4.0},{"damage":2.0,"enemies":"Chosen","floor":21.0,"turns":7.0},{"damage":4.0,"enemies":"Sentry and Sphere","floor":22.0,"turns":8.0},{"damage":3.0,"enemies":"Snake Plant","floor":24.0,"turns":5.0},{"damage":4.0,"enemies":"Book of Stabbing","floor":25.0,"turns":7.0},{"damage":0.0,"enemies":"Shelled Parasite and Fungi","floor":27.0,"turns":7.0},{"damage":4.0,"enemies":"Replay:Snechameleon","floor":28.0,"turns":7.0},{"damage":4.0,"enemies":"Sentry and Sphere","floor":29.0,"turns":7.0},{"damage":5.0,"enemies":"Centurion and Healer","floor":30.0,"turns":15.0},{"damage":6.0,"enemies":"Cultist and Chosen","floor":31.0,"turns":8.0},{"damage":16.0,"enemies":"Collector","floor":33.0,"turns":16.0},{"damage":0.0,"enemies":"3 Shapes","floor":35.0,"turns":5.0},{"damage":15.0,"enemies":"2 Orb Walkers","floor":38.0,"turns":9.0},{"damage":0.0,"enemies":"Reptomancer","floor":41.0,"turns":7.0},{"damage":13.0,"enemies":"Orb Walker","floor":42.0,"turns":5.0},{"damage":11.0,"enemies":"Sphere and 2 Shapes","floor":45.0,"turns":7.0},{"damage":3,"enemies":"Jaw Worm Horde","floor":48,"turns":5},{"damage":37,"enemies":"Awakened One","floor":50,"turns":16}],"seed_played":"1105174284812149276","potions_obtained":[{"floor":2.0,"key":"Energy Potion"},{"floor":14.0,"key":"Elixir"},{"floor":18.0,"key":"Regen Potion"},{"floor":25.0,"key":"SpeedPotion"},{"floor":28.0,"key":"BlessingOfTheForge"},{"floor":31.0,"key":"GhostInAJar"},{"floor":38.0,"key":"LifebloodPotion"}],"is_trial":false,"path_per_floor":["M","M","?","?","$","R","$","M","T","?","R","E","?","E","R","B",null,"?","T","T","?","?","T","?","E","T","?","E","?","?","?","T","B",null,"?","T","T","?","?","T","E","?","T","?","?","T","T","?","T","B",null],"character_chosen":"THE_SILENT","items_purchased":["Footwork","WingedGreaves","Paper Crane","ClockworkSouvenir"],"campfire_rested":0,"item_purchase_floors":[5,19,36,47],"current_hp_per_floor":[62,61,54,54,54,63,63,55,55,55,64,26,26,17,26,15,70,69,69,69,67,63,70,67,63,63,63,59,55,55,49,64,48,53,53,53,53,38,38,50,50,37,37,37,26,33,33,35,50,33],"gold":73,"neow_bonus":"ONE_RANDOM_RARE_CARD","is_daily":false,"chose_seed":false,"campfire_upgraded":6,"win_rate":0.0,"timestamp":1614084969,"path_taken":["M","?","?","?","?","R","$","?","T","?","R","E","?","E","R","BOSS","?","T","T","?","?","T","?","E","T","?","E","?","?","?","T","BOSS","?","?","T","?","?","T","E","?","T","?","?","?","T","?","T","BOSS"],"items_purchased_type":["Card","Relic","Relic","Relic"],"build_version":"2020-12-22","purchased_purges":0,"victory":true,"max_hp_per_floor":[70,70,70,70,70,70,70,70,70,70,70,70,70,70,70,70,70,70,70,70,70,70,70,70,70,70,70,70,70,70,70,70,70,53,53,53,53,53,53,53,53,53,53,53,53,60,60,60,60,60],"card_choices":[{"not_picked":["Flying Knee","Calculated Gamble"],"picked":"Caltrops","floor":1.0},{"not_picked":["Expertise","Poisoned Stab"],"picked":"Acrobatics","floor":2.0},{"not_picked":["Sucker Punch","Underhanded Strike"],"picked":"Noxious Fumes","floor":8.0},{"not_picked":["Setup","Flying Knee"],"picked":"Sucker Punch","floor":12.0},{"not_picked":["Flechettes","Quick Slash","Finisher"],"picked":"SKIP","floor":14.0},{"not_picked":["Glass Knife","Phantasmal Killer"],"picked":"Doppelganger","floor":16.0},{"not_picked":["Riddle With Holes","Quick Slash"],"picked":"Deflect","floor":18.0},{"not_picked":["Underhanded Strike","Bouncing Flask"],"picked":"PiercingWail","floor":21.0},{"not_picked":["Outmaneuver","Poisoned Stab"],"picked":"Blur","floor":22.0},{"not_picked":["Dagger Spray","Concentrate"],"picked":"Crippling Poison","floor":24.0},{"not_picked":["Quick Slash+1","Flechettes","Outmaneuver+1"],"picked":"SKIP","floor":25.0},{"not_picked":["Flying Knee+1","Well Laid Plans"],"picked":"Backflip+1","floor":27.0},{"not_picked":["Distraction","Deflect"],"picked":"Malaise","floor":28.0},{"not_picked":["Deadly Poison","Backflip"],"picked":"Deflect+1","floor":29.0},{"not_picked":["Dodge and Roll","Hidden Blade"],"picked":"Sucker Punch+1","floor":30.0},{"not_picked":["Cloak And Dagger+1","Deadly Poison","Draining Mist+1"],"picked":"SKIP","floor":31.0},{"not_picked":["ReplayTheSpireMod:Necrosis","Grand Finale"],"picked":"Replay:Bag of Tricks","floor":33.0},{"not_picked":["Prepared+1","Cloak And Dagger","Blade Dance"],"picked":"SKIP","floor":35.0},{"not_picked":["Well Laid Plans","Quick Slash"],"picked":"Dash+1","floor":38.0},{"not_picked":["Calculated Gamble","Hidden Blade","Backflip"],"picked":"SKIP","floor":41.0},{"not_picked":["Flechettes+1","Sneak Up"],"picked":"ReplayTheSpireMod:Speed Training","floor":42.0},{"not_picked":["ReplayTheSpireMod:Speed Training","Malaise"],"picked":"Caltrops+1","floor":45.0},{"not_picked":["Deadly Poison+1","Hidden Blade","Backflip"],"picked":"SKIP","floor":48}],"player_experience":135938,"relics_obtained":[{"floor":9.0,"key":"Toy Ornithopter"},{"floor":12.0,"key":"Replay:Baseball"},{"floor":14.0,"key":"Blue Doll"},{"floor":25.0,"key":"Happy Flower"},{"floor":26.0,"key":"Bottled Tornado"},{"floor":28.0,"key":"Lizard Tail"},{"floor":38.0,"key":"Pocketwatch"},{"floor":39.0,"key":"ReplayTheSpireMod:Ring of Challenge"},{"floor":39.0,"key":"Ring of Greed"},{"floor":39.0,"key":"MawBank"},{"floor":39.0,"key":"Tiny Chest"},{"floor":41.0,"key":"Frozen Egg 2"},{"floor":43.0,"key":"Bronze Scales"},{"floor":46.0,"key":"Strawberry"}],"event_choices":[{"cards_removed":["Strike_G"],"damage_healed":0.0,"max_hp_gain":0.0,"max_hp_loss":0.0,"gold_gain":0.0,"event_name":"Golden Wing","player_choice":"Card Removal","floor":3.0,"gold_loss":0.0,"damage_taken":7.0},{"damage_healed":0.0,"max_hp_gain":0.0,"max_hp_loss":0.0,"gold_gain":0.0,"event_name":"Big Fish","player_choice":"Box","floor":4.0,"gold_loss":0.0,"damage_taken":0.0,"relics_obtained":["Eternal Feather"],"cards_obtained":["Regret"]},{"cards_removed":["Regret"],"damage_healed":0.0,"max_hp_gain":0.0,"max_hp_loss":0.0,"gold_gain":0.0,"event_name":"Fountain of Cleansing","player_choice":"Removed Curses","floor":13.0,"gold_loss":0.0,"damage_taken":0.0},{"damage_healed":0.0,"max_hp_gain":0.0,"max_hp_loss":0.0,"gold_gain":0.0,"event_name":"Mysterious Sphere","player_choice":"Fight","floor":38.0,"gold_loss":0.0,"damage_taken":0.0},{"cards_removed":["Amnesia"],"damage_healed":0.0,"max_hp_gain":0.0,"max_hp_loss":0.0,"gold_gain":0.0,"event_name":"Bonfire Elementals","player_choice":"Offered Curse","floor":44.0,"gold_loss":0.0,"damage_taken":0.0,"relics_obtained":["Spirit Poop"]}],"is_beta":false,"boss_relics":[{"not_picked":["ChewingGum","WristBlade"],"picked":"Painkiller Herb"},{"not_picked":["HoveringKite","Calling Bell"],"picked":"Replay:Drink Me"}],"items_purged_floors":[],"is_endless":false,"potions_floor_spawned":[2,14,18,25,28,29,31,35,38,42],"ascension_level":1}}