{"host":"ad59wuc8ynh8u2z6","time":1614084230,"event":{"mods":["AchievementEnabler","BaseMod","Colored Powertips","DeckTracker","Highlight Path","Minty Spire (QoL Compilation)","Permanent Neow"],"gold_per_floor":[119,394,84,103,113,128,153,167,167,205,215,68,88,120,120,227,227,247,147,57,82,82,82,107,107,131,175,216,228,271,293,305,417,429,455,245,257,18,27,59,59,95,95,109,134,154,182,182,182,182],"floor_reached":51,"language":"ENG","playtime":3535,"items_purged":["Regret","Eruption","Defend_P","Strike_P"],"score":1492,"play_id":"b68f10ce-05a0-49f8-81f0-ee11cf86be9c","local_time":"20210223134350","is_ascension_mode":true,"campfire_choices":[{"data":"Vault","floor":15.0,"key":"SMITH"},{"floor":23.0,"key":"REST"},{"floor":32.0,"key":"REST"},{"floor":41.0,"key":"RECALL"},{"data":"Scrawl","floor":49,"key":"SMITH"}],"circlet_count":0,"master_deck":["Strike_P+1","Strike_P+1","Strike_P+1","Defend_P+1","Defend_P+1","CurseOfTheBell","Tantrum+1","Blasphemy+1","CutThroughFate+1","Vault+1","LessonLearned+1","ThirdEye+1","Vault+1","Scrawl+1"],"relics":["Calling Bell","Toy Ornithopter","HornCleat","Incense Burner","Vajra","Sundial","Shuriken","CeramicFish","PreservedInsect","Mummified Hand","SlaversCollar","The Courier","MealTicket","MawBank","Art of War","Red Mask","Centennial Puzzle","Cursed Key","Bag of Preparation","Bag of Marbles","White Beast Statue","Pen Nib","StoneCalendar","Oddly Smooth Stone"],"acts_visited":["Exordium","TheCity","TheBeyond"],"potions_floor_usage":[50],"damage_taken":[{"damage":0.0,"enemies":"Cultist","floor":1.0,"turns":3.0},{"damage":5.0,"enemies":"Small Slimes","floor":4.0,"turns":2.0},{"damage":1.0,"enemies":"2 Louse","floor":5.0,"turns":2.0},{"damage":0.0,"enemies":"Large Slime","floor":6.0,"turns":2.0},{"damage":6.0,"enemies":"3 Sentries","floor":7.0,"turns":4.0},{"damage":24.0,"enemies":"Lots of Slimes","floor":8.0,"turns":9.0},{"damage":0.0,"enemies":"Lagavulin","floor":10.0,"turns":3.0},{"damage":0.0,"enemies":"Gremlin Gang","floor":11.0,"turns":2.0},{"damage":0.0,"enemies":"3 Louse","floor":13.0,"turns":3.0},{"damage":0.0,"enemies":"3 Sentries","floor":14.0,"turns":2.0},{"damage":17.0,"enemies":"The Guardian","floor":16.0,"turns":6.0},{"damage":0.0,"enemies":"Chosen","floor":18.0,"turns":6.0},{"damage":39.0,"enemies":"2 Thieves","floor":21.0,"turns":5.0},{"damage":31.0,"enemies":"Slavers","floor":24.0,"turns":7.0},{"damage":0.0,"enemies":"Book of Stabbing","floor":27.0,"turns":5.0},{"damage":6.0,"enemies":"Masked Bandits","floor":28.0,"turns":3.0},{"damage":0.0,"enemies":"Gremlin Leader","floor":30.0,"turns":3.0},{"damage":0.0,"enemies":"Centurion and Healer","floor":31.0,"turns":4.0},{"damage":6.0,"enemies":"Automaton","floor":33.0,"turns":9.0},{"damage":2.0,"enemies":"3 Shapes","floor":35.0,"turns":5.0},{"damage":10.0,"enemies":"3 Darklings","floor":37.0,"turns":4.0},{"damage":0.0,"enemies":"Reptomancer","floor":40.0,"turns":2.0},{"damage":0.0,"enemies":"Giant Head","floor":42.0,"turns":3.0},{"damage":0,"enemies":"Maw","floor":44,"turns":1},{"damage":0,"enemies":"Reptomancer","floor":45,"turns":1},{"damage":2,"enemies":"Spire Growth","floor":46,"turns":3},{"damage":0,"enemies":"Giant Head","floor":47,"turns":3},{"damage":0,"enemies":"Time Eater","floor":50,"turns":2}],"seed_played":"-1058314443901954424","potions_obtained":[{"floor":5.0,"key":"Weak Potion"},{"floor":7.0,"key":"GamblersBrew"},{"floor":8.0,"key":"BottledMiracle"},{"floor":10.0,"key":"BlessingOfTheForge"},{"floor":11.0,"key":"Dexterity Potion"},{"floor":24.0,"key":"SpeedPotion"},{"floor":28.0,"key":"EssenceOfSteel"},{"floor":30.0,"key":"Weak Potion"},{"floor":37.0,"key":"Swift Potion"},{"floor":45,"key":"SteroidPotion"},{"floor":47,"key":"FearPotion"}],"is_trial":false,"path_per_floor":["M","?","$","M","M","M","E","M","T","E","M","$","M","E","R","B",null,"M","$","?","M","T","R","E","?","T","E","?","?","E","M","R","B",null,"M","$","M","$","?","E","R","E","T","M","E","M","E","?","R","B",null],"character_chosen":"WATCHER","items_purchased":["Vajra","Blasphemy","PreservedInsect","Bag of Preparation","Bag of Marbles"],"campfire_rested":2,"item_purchase_floors":[3,3,12,36,38],"current_hp_per_floor":[65,65,65,60,59,59,53,29,29,29,39,39,39,39,39,27,61,61,61,61,22,22,43,12,36,36,36,30,30,30,30,51,45,65,63,72,62,72,72,72,72,72,72,72,72,70,70,70,70,72],"gold":182,"neow_bonus":"BOSS_RELIC","is_daily":false,"chose_seed":false,"campfire_upgraded":2,"win_rate":0.0,"timestamp":1614084230,"path_taken":["M","?","$","M","M","M","E","M","T","E","M","$","?","E","R","BOSS","M","$","?","?","?","R","E","?","T","E","?","?","E","?","R","BOSS","M","$","M","$","?","E","R","E","T","?","E","M","E","?","R","BOSS"],"items_purchased_type":["Relic","Card","Relic","Relic","Relic"],"build_version":"2020-12-22","purchased_purges":4,"victory":true,"max_hp_per_floor":[72,72,72,72,72,72,72,72,72,72,72,72,72,72,72,72,72,72,72,72,72,72,72,72,72,72,72,72,72,72,72,72,72,72,72,72,72,72,72,72,72,72,72,72,72,72,72,72,72,72],"card_choices":[{"not_picked":["WindmillStrike","Evaluate"],"picked":"Tantrum","floor":1.0},{"not_picked":["Evaluate","SashWhip","Tantrum"],"picked":"SKIP","floor":4.0},{"not_picked":["Crescendo","FollowUp","BattleHymn"],"picked":"SKIP","floor":5.0},{"not_picked":["Protect","EmptyFist","Weave"],"picked":"SKIP","floor":6.0},{"not_picked":["SashWhip","FollowUp","CutThroughFate"],"picked":"SKIP","floor":7.0},{"not_picked":["SashWhip","FollowUp"],"picked":"CutThroughFate","floor":7.0},{"not_picked":["Protect","FlyingSleeves","PathToVictory"],"picked":"SKIP","floor":8.0},{"not_picked":["ReachHeaven","Prostrate"],"picked":"Vault","floor":10.0},{"not_picked":["Evaluate","WindmillStrike","CutThroughFate"],"picked":"SKIP","floor":11.0},{"not_picked":["LikeWater","SashWhip","FlyingSleeves"],"picked":"SKIP","floor":13.0},{"not_picked":["BattleHymn","Meditate","ThirdEye"],"picked":"SKIP","floor":14.0},{"not_picked":["DeusExMachina","SpiritShield"],"picked":"LessonLearned","floor":16.0},{"not_picked":["Protect+1","Prostrate","Crescendo+1"],"picked":"SKIP","floor":18.0},{"not_picked":["FollowUp","DeceiveReality"],"picked":"ThirdEye+1","floor":21.0},{"not_picked":["Perseverance","SpiritShield","Blasphemy"],"picked":"SKIP","floor":24.0},{"not_picked":["PathToVictory+1","Crescendo","CrushJoints"],"picked":"SKIP","floor":27.0},{"not_picked":["ThirdEye","FlurryOfBlows","PathToVictory"],"picked":"SKIP","floor":30.0},{"not_picked":["WindmillStrike","Indignation","Halt"],"picked":"SKIP","floor":31.0},{"not_picked":["WindmillStrike+1","CutThroughFate+1","Crescendo"],"picked":"SKIP","floor":35.0},{"not_picked":["FlurryOfBlows+1","DeceiveReality","CarveReality"],"picked":"SKIP","floor":37.0},{"not_picked":["Fasting2","FlurryOfBlows","Perseverance"],"picked":"SKIP","floor":40.0},{"not_picked":["WreathOfFlame","Wireheading"],"picked":"Scrawl","floor":42.0},{"not_picked":["Study","EmptyFist","Protect+1"],"picked":"SKIP","floor":44},{"not_picked":["BowlingBash","Nirvana","WheelKick+1"],"picked":"SKIP","floor":45},{"not_picked":["Meditate+1","Indignation+1","ReachHeaven"],"picked":"SKIP","floor":46},{"not_picked":["Brilliance","PathToVictory+1","FollowUp"],"picked":"SKIP","floor":47}],"player_experience":124832,"relics_obtained":[{"floor":0.0,"key":"Toy Ornithopter"},{"floor":0.0,"key":"HornCleat"},{"floor":0.0,"key":"Incense Burner"},{"floor":7.0,"key":"Sundial"},{"floor":9.0,"key":"Shuriken"},{"floor":10.0,"key":"CeramicFish"},{"floor":14.0,"key":"Mummified Hand"},{"floor":22.0,"key":"The Courier"},{"floor":24.0,"key":"MealTicket"},{"floor":26.0,"key":"MawBank"},{"floor":27.0,"key":"Art of War"},{"floor":28.0,"key":"Red Mask"},{"floor":30.0,"key":"Centennial Puzzle"},{"floor":40.0,"key":"White Beast Statue"},{"floor":42.0,"key":"Pen Nib"},{"floor":45,"key":"StoneCalendar"},{"floor":47,"key":"Oddly Smooth Stone"}],"event_choices":[{"damage_healed":0.0,"max_hp_gain":0.0,"max_hp_loss":0.0,"gold_gain":275.0,"event_name":"Golden Shrine","player_choice":"Desecrate","floor":2.0,"gold_loss":0.0,"damage_taken":0.0,"cards_obtained":["Regret"]},{"cards_removed":["Defend_P"],"damage_healed":0.0,"max_hp_gain":0.0,"max_hp_loss":0.0,"gold_gain":0.0,"event_name":"Designer","player_choice":"Upgrade and Remove","floor":20.0,"gold_loss":90.0,"damage_taken":0.0,"cards_upgraded":["Strike_P"]},{"damage_healed":24.0,"max_hp_gain":0.0,"max_hp_loss":0.0,"gold_gain":0.0,"event_name":"The Library","player_choice":"Heal","floor":25.0,"gold_loss":0.0,"damage_taken":0.0},{"damage_healed":0.0,"max_hp_gain":0.0,"max_hp_loss":0.0,"gold_gain":0.0,"event_name":"Masked Bandits","player_choice":"Fought Bandits","floor":28.0,"gold_loss":0.0,"damage_taken":0.0},{"damage_healed":0.0,"max_hp_gain":0.0,"max_hp_loss":0.0,"gold_gain":0.0,"event_name":"Transmorgrifier","player_choice":"Ignored","floor":29.0,"gold_loss":0.0,"damage_taken":0.0},{"damage_healed":0.0,"max_hp_gain":0.0,"max_hp_loss":0.0,"gold_gain":0.0,"event_name":"Duplicator","player_choice":"Copied","floor":39.0,"gold_loss":0.0,"damage_taken":0.0,"cards_obtained":["Vault"]},{"cards_removed":["Vigilance"],"damage_healed":0,"gold_gain":0,"player_choice":"Removed Skill","damage_taken":0,"max_hp_gain":0,"max_hp_loss":0,"event_name":"Falling","floor":48,"gold_loss":0}],"is_beta":false,"boss_relics":[{"not_picked":["Snecko Eye","Ectoplasm"],"picked":"SlaversCollar"},{"not_picked":["VioletLotus","Pandora\u0027s Box"],"picked":"Cursed Key"}],"items_purged_floors":[3,19,36,38],"is_endless":false,"potions_floor_spawned":[5,7,8,10,11,24,28,30,35,37,42,44,45,46,47],"ascension_level":7}}