{"host":"72n3jwtrlpjobydj","time":1614121556,"event":{"mods":["AchievementEnabler","Act Like it!","Arknights","BaseMod","CapriCore","DeckTracker","Hermit","Koishi","Lobotomy","Marisa£¨Ùöéë¡¡Øª×âÞÞ£©","Minty Spire (QoL Compilation)","Permanent Neow","StSLib","SuperFastMode","The Cursed","The Gatherer","The Hierophant","The Immortal"],"gold_per_floor":[213,223,74,84,84,84,98,98,124,156,56,56,56,56],"floor_reached":13,"language":"KOR","playtime":221,"items_purged":["Strike_P","Defend_P"],"score":91,"play_id":"c217f553-526a-4495-9f9c-d3f685f52ac7","local_time":"20210224080556","is_ascension_mode":true,"campfire_choices":[{"floor":6,"key":"REST"},{"floor":12,"key":"REST"}],"circlet_count":0,"master_deck":["Strike_P","Strike_P","Strike_P","Defend_P","Defend_P","Defend_P","Eruption","Vigilance","TalkToTheHand","Adaptation"],"relics":["PureWater","Akabeko","Art of War"],"acts_visited":["Exordium"],"potions_floor_usage":[10],"damage_taken":[{"damage":2,"enemies":"Cultist","floor":1,"turns":4},{"damage":19,"enemies":"Small Slimes","floor":2,"turns":3},{"damage":4,"enemies":"Jaw Worm","floor":4,"turns":5},{"damage":9,"enemies":"3 Louse","floor":7,"turns":3},{"damage":54,"enemies":"Lagavulin","floor":10,"turns":7},{"damage":26,"enemies":"3 Sentries","floor":13,"turns":2}],"seed_played":"-5801482137024941230","potions_obtained":[{"floor":2,"key":"SpeedPotion"}],"is_trial":false,"path_per_floor":["M","M","$","M","T","R","M","?","T","E","$","R","E"],"character_chosen":"WATCHER","items_purchased":["Adaptation"],"campfire_rested":2,"item_purchase_floors":[3],"current_hp_per_floor":[70,51,51,47,47,68,59,59,59,5,5,26,0,0],"gold":56,"neow_bonus":"HUNDRED_GOLD","is_daily":false,"chose_seed":false,"campfire_upgraded":0,"win_rate":0.0,"timestamp":1614121556,"path_taken":["M","M","$","M","?","R","M","?","T","E","$","R","E"],"items_purchased_type":["Card"],"build_version":"2020-12-22","purchased_purges":2,"victory":false,"max_hp_per_floor":[72,72,72,72,72,72,72,72,72,72,72,72,72,72],"card_choices":[{"not_picked":["SashWhip","FlyingSleeves","CrushJoints"],"picked":"SKIP","floor":1},{"not_picked":["Indignation","FollowUp"],"picked":"TalkToTheHand","floor":2},{"not_picked":["EmptyBody","FollowUp","FlyingSleeves"],"picked":"SKIP","floor":4},{"not_picked":["BowlingBash","PathToVictory","Swivel"],"picked":"SKIP","floor":7},{"not_picked":["Prostrate","BowlingBash","SashWhip"],"picked":"SKIP","floor":10}],"player_experience":136848,"relics_obtained":[{"floor":9,"key":"Akabeko"},{"floor":10,"key":"Art of War"}],"event_choices":[{"damage_healed":0,"gold_gain":0,"player_choice":"Fled","damage_taken":0,"max_hp_gain":0,"max_hp_loss":0,"event_name":"Scrap Ooze","floor":8,"gold_loss":0}],"is_beta":false,"boss_relics":[],"items_purged_floors":[3,11],"is_endless":false,"potions_floor_spawned":[2],"killed_by":"3 Sentries","ascension_level":2}}