{"host":"tnuwi4l1p9i8nc6x","time":1614102246,"event":{"mods":["Act Like it!","Aspiration","Astrologer","BaseMod","Beaked The Cultist","Better Third Choice","BetterRewards","Colored Map","Colored Powertips","Conspire","Defuse TimeMaze Blight","Downfall","Extra Virgin Snecko Oil","Friendly Minions","Hermit","Hubris","Infinite Spire","Jorbs\u0027s Wanderer Trilogy","Marisa????????","Minty Spire (QoL Compilation)","Permanent Neow","Rare Cards Sparkle","Remilia??????","Replay The Spire","Shop Mod","StSLib","The Bug Knight","The Construct","The Cursed","The Disciple","The Hierophant","The Jungle","The Marked","The Necromancer","The Poker Player","The Runesmith","The Senshi","The Servant 0.9.4","TheBandit"],"gold_per_floor":[114,114,127,127,127,127,152,152,152,172,189,221,232,251,251,354,354,367,386,386,401,40,40,57,57,57,89,89,136,56,79,79,201,201,220,263,301,324,324],"floor_reached":38,"language":"ENG","playtime":3087,"items_purged":[],"score":578,"play_id":"7068f606-dbef-4b80-b2e9-bcec2d5b843a","local_time":"20210223124406","is_ascension_mode":false,"campfire_choices":[{"data":"infinitespire:Collect","floor":6,"key":"SMITH"},{"floor":8,"key":"REST"},{"data":"NightLord","floor":15,"key":"SMITH"},{"data":"ScarletNetherworld","floor":23,"key":"SMITH"},{"data":"MastersStateliness","floor":25,"key":"SMITH"},{"floor":28,"key":"REST"},{"data":"TricksterDevil","floor":32,"key":"SMITH"}],"circlet_count":0,"master_deck":["Strike_RM","Strike_RM+1","Strike_RM","Strike_RM","Defend_RM","Defend_RM","Defend_RM","Defend_RM","RedMoon","ScarletShoot","NightLord+1","ReplayTheSpireMod:Compounding Headache","Injury","infinitespire:Collect+1","UnstableMagic","Languid","Injury","MastersStateliness+1","ScarletDevilSign","NightLord","NightDance","ScarletCoffin","beaked:WarriorEssence","TricksterDevil+1","MastersStateliness+1","StarOfDavid+1","ScarletNetherworld+1","VampireClaw","BloodyHallows","ChainGang+1","HunterOfTheNight","ChainGang","QueenOfMidnight","BombardNight+1","Parasite","Septette"],"relics":["ScarletHat","aspiration:DSix","hubris:DisguiseKit","Regal Pillow","conspire:InfiniteJournal","hubris:HollowSoul","TungstenRod","Nloth\u0027s Gift","MerchantsRug","Chemical X","Strawberry","Mirror","Replay:Bottled Flurry","Replay:Bandana","Boot","ScarletEmblem"],"acts_visited":["Exordium","TheCity","TheBeyond"],"potions_floor_usage":[14,16,16,16,19,24,33,36],"damage_taken":[{"damage":0,"enemies":"2 Louse","floor":1,"turns":2},{"damage":2,"enemies":"Jaw Worm","floor":3,"turns":3},{"damage":60,"enemies":"Gremlin Nob","floor":7,"turns":8},{"damage":8,"enemies":"conspire:RoseBush","floor":10,"turns":2},{"damage":7,"enemies":"Blue Slaver","floor":11,"turns":4},{"damage":0,"enemies":"HollowMod:MossKnight","floor":12,"turns":4},{"damage":3,"enemies":"Lots of Slimes","floor":13,"turns":1},{"damage":0,"enemies":"Exordium Wildlife","floor":14,"turns":2},{"damage":9,"enemies":"Hexaghost","floor":16,"turns":9},{"damage":3,"enemies":"conspire:FuzzyDice","floor":18,"turns":9},{"damage":3,"enemies":"Shell Parasite","floor":19,"turns":7},{"damage":4,"enemies":"Snake Plant","floor":21,"turns":3},{"damage":21,"enemies":"Chosen and Byrds","floor":24,"turns":5},{"damage":12,"enemies":"conspire:Head Lice","floor":27,"turns":6},{"damage":9,"enemies":"HollowMod:Nosk","floor":29,"turns":6},{"damage":8,"enemies":"Sentry and Sphere","floor":31,"turns":3},{"damage":62,"enemies":"Champ","floor":33,"turns":7},{"damage":4,"enemies":"Orb Walker","floor":35,"turns":2},{"damage":31,"enemies":"3 Darklings","floor":36,"turns":3},{"damage":35,"enemies":"Writhing Mass","floor":37,"turns":7},{"damage":41,"enemies":"Spire Growth","floor":38,"turns":4}],"seed_played":"8004108737349661220","potions_obtained":[{"floor":1,"key":"SpeedPotion"},{"floor":10,"key":"Milkshake"},{"floor":13,"key":"Energy Potion"},{"floor":14,"key":"AttackPotion"},{"floor":14,"key":"Weak Potion"},{"floor":16,"key":"Swift Potion"},{"floor":19,"key":"SteroidPotion"},{"floor":21,"key":"SkillPotion"},{"floor":27,"key":"Slimebound:ThreeZeroPotion"},{"floor":33,"key":"LiquidMemories"},{"floor":35,"key":"Dexterity Potion"}],"is_trial":false,"path_per_floor":["M","?","M","?","?","R","E","R","T","M","M","E","M","M","R","B",null,"M","M","?","M","$","R","M","R","T","E","R","E","$","M","R","B",null,"M","M","M","M"],"character_chosen":"REMILIA","items_purchased":["ScarletNetherworld","MerchantsRug","Chemical X","HunterOfTheNight"],"campfire_rested":2,"item_purchase_floors":[22,22,22,30],"current_hp_per_floor":[75,75,73,73,73,73,23,60,60,52,49,54,51,54,54,64,75,75,75,75,72,72,72,62,62,62,56,82,85,85,77,77,46,85,85,64,44,0,0],"gold":324,"neow_bonus":"DSIX","is_daily":false,"chose_seed":false,"campfire_upgraded":5,"win_rate":0.0,"timestamp":1614102246,"path_taken":["M","?","M","?","?","R","E","R","T","M","M","E","M","M","R","BOSS","M","M","?","?","?","R","M","R","T","E","R","E","$","M","R","BOSS","M","?","M","?"],"items_purchased_type":["Card","Relic","Relic","Card"],"build_version":"2020-12-22","purchased_purges":0,"victory":false,"max_hp_per_floor":[75,75,75,75,75,75,75,75,75,75,75,75,75,75,75,75,75,75,75,75,75,75,75,82,82,82,82,82,85,85,85,85,85,85,85,85,85,85,85],"card_choices":[{"not_picked":["UnstableMagic","VampireSweep"],"picked":"NightLord","floor":1},{"not_picked":["infinitespire:NeuralNetwork","infinitespire:Starlight"],"picked":"infinitespire:Collect","floor":2},{"not_picked":["BombardNight","BlasphemousPunishment"],"picked":"UnstableMagic","floor":3},{"not_picked":["Stigmanizer","CeilingFear+1","beaked:SurvivalInstinct"],"picked":"MastersStateliness","floor":7},{"not_picked":["HunterOfTheNight","BloodHunter+1","beaked:Devastation"],"picked":"ScarletDevilSign","floor":10},{"not_picked":["ScarletGensokyo+1","BloodyTrap+1","beaked:Molting"],"picked":"NightLord","floor":11},{"not_picked":["BadLadyScramble+1","ScarletDevil","beaked:Foresight"],"picked":"NightDance","floor":12},{"not_picked":["Maim+1","EndlessAdversity","beaked:Molting"],"picked":"ScarletCoffin","floor":13},{"not_picked":["SuperhumanBloodyKnife","MastersStateliness","ScarletNetherworld"],"picked":"beaked:WarriorEssence","floor":14},{"not_picked":["HellCatastrophe","BloodRain+1","beaked:LiftOff"],"picked":"TricksterDevil","floor":16},{"not_picked":["RedMagic+1","ScarletDevil","beaked:DesperateSwing"],"picked":"MastersStateliness+1","floor":18},{"not_picked":["UnstableMagic+1","RedRainbow","beaked:FeelMyPain"],"picked":"StarOfDavid+1","floor":19},{"not_picked":["ScarletDevil","BloodHunter","UltimateOffering","beaked:Flinch"],"picked":"SKIP","floor":21},{"not_picked":["EndlessAdversity","UnstableMagic+1","beaked:HuntressSpirit"],"picked":"VampireClaw","floor":24},{"not_picked":["VampireSweep+1","Stigmanizer","beaked:Hexing"],"picked":"BloodyHallows","floor":27},{"not_picked":["VampirishNight+1","ScarletDream","beaked:RitualOfBody"],"picked":"ChainGang+1","floor":29},{"not_picked":["UnderTheZenith","ForbiddenFruit","beaked:HuntressEssence"],"picked":"ChainGang","floor":31},{"not_picked":["BloodRain","ForecastOfChange","beaked:ScreechingChant"],"picked":"QueenOfMidnight","floor":33},{"not_picked":["VampireSweep+1","StarOfDavid+1","UnstableMagic+1","beaked:Tradeoff"],"picked":"SKIP","floor":35},{"not_picked":["TwelveNightmare+1","BloodHunter","beaked:SurvivalInstinct"],"picked":"BombardNight+1","floor":36},{"not_picked":["ScarletDream","UnstableMagic+1","beaked:FeelMyPain"],"picked":"Septette","floor":37}],"player_experience":761310,"relics_obtained":[{"floor":7,"key":"Regal Pillow"},{"floor":12,"key":"conspire:InfiniteJournal"},{"floor":18,"key":"TungstenRod"},{"floor":24,"key":"Strawberry"},{"floor":26,"key":"Mirror"},{"floor":27,"key":"Replay:Bottled Flurry"},{"floor":27,"key":"Replay:Bandana"},{"floor":29,"key":"Boot"}],"event_choices":[{"damage_healed":0,"gold_gain":0,"player_choice":"Traded Relic","damage_taken":0,"relics_obtained":["Nloth\u0027s Gift"],"max_hp_gain":0,"max_hp_loss":0,"event_name":"N\u0027loth","floor":20,"relics_lost":["Toxic Egg 2"],"gold_loss":0}],"is_beta":false,"boss_relics":[{"not_picked":["conspire:SeveredTorchhead","hubris:BlackHole"],"picked":"hubris:HollowSoul"},{"not_picked":["aspiration:SilentSkillbook","Replay:Wanted Poster"],"picked":"ScarletEmblem"}],"items_purged_floors":[],"is_endless":false,"potions_floor_spawned":[1,10,13,14,16,19,21,27,35],"killed_by":"Spire Growth","ascension_level":0}}