{"host":"za2wuyyc2elu7npv","time":1614088690,"event":{"mods":["ATMod(°¢èªMod)","Act Like it!","Arknights","BaseMod","Colored Powertips","Koishi","Minty Spire (QoL Compilation)","Replay The Spire","StSLib","Waifu the Spire"],"gold_per_floor":[111,111,111,125,125,139,139,139,139,157,157,173,23,23,23,151,151,167,382,307,277,277],"floor_reached":21,"language":"ZHS","playtime":637,"items_purged":[],"score":167,"play_id":"d97f6e16-911b-4b25-abed-76ef75385571","local_time":"20210223215810","is_ascension_mode":false,"campfire_choices":[{"floor":8,"key":"REST"},{"floor":11,"key":"REST"},{"data":"ats:Composite Medical Shells","floor":15,"key":"SMITH"}],"circlet_count":0,"master_deck":["ats:Strike C","ats:Strike G+1","ats:Strike S","ats:Strike V","ats:Armor Crushing Shot","ats:Defend","ats:Defend","ats:Defend","ats:Defend","ats:Emotion Absorption","ats:Roar Of Ursus","ats:Cat Scratch","ats:Composite Medical Shells+1","ats:Overload","ats:Song Of Battle","ats:Powerful Strike","ats:Defend Order","ats:Dogmatic Field","ats:Curse Doll"],"relics":["ats:Sanity","AT_ATBox","Golden Idol","AT_EbonyIvory","Empty Cage","Old Coin"],"acts_visited":["Exordium","TheCity"],"potions_floor_usage":[],"damage_taken":[{"damage":17,"enemies":"Cultist","floor":1,"turns":6},{"damage":17,"enemies":"Jaw Worm","floor":4,"turns":4},{"damage":12,"enemies":"2 Louse","floor":6,"turns":3},{"damage":0,"enemies":"Large Slime","floor":10,"turns":4},{"damage":6,"enemies":"Exordium Wildlife","floor":12,"turns":3},{"damage":77,"enemies":"Fading Forest","floor":16,"turns":11},{"damage":58,"enemies":"3 Byrds","floor":18,"turns":6},{"damage":10,"enemies":"2 Thieves","floor":21,"turns":2}],"seed_played":"6424663406560732947","potions_obtained":[{"floor":10,"key":"Venom Potion"},{"floor":16,"key":"Block Potion"}],"is_trial":false,"path_per_floor":["M","?","?","M","?","M","?","R","T","M","R","M","$","?","R","B",null,"M","?","?","M"],"character_chosen":"DOCTOR_CLASS","items_purchased":["ats:Defend Order","ats:Sword Rain"],"campfire_rested":2,"item_purchase_floors":[13,13],"current_hp_per_floor":[55,55,55,38,38,26,26,47,47,47,68,62,62,72,72,13,69,11,11,11,1,1],"gold":277,"neow_bonus":"ONE_RANDOM_RARE_CARD","is_daily":false,"chose_seed":false,"campfire_upgraded":1,"win_rate":0.0,"timestamp":1614088690,"path_taken":["M","?","?","M","?","M","?","R","T","M","R","M","$","?","R","BOSS","M","?","?","M"],"items_purchased_type":["Card","Card"],"build_version":"2020-12-22","purchased_purges":0,"victory":false,"max_hp_per_floor":[72,72,72,72,72,72,72,72,72,72,72,72,72,72,72,72,69,69,69,69,69,69],"card_choices":[{"not_picked":["ats:Blood Oath","ats:Consecutive Shot Auto"],"picked":"ats:Cat Scratch","floor":1},{"not_picked":["ats:Apocalypse","ats:Flexible Camouflage"],"picked":"ats:Composite Medical Shells","floor":4},{"not_picked":["ats:Absolute Focus","ats:Curse Doll"],"picked":"ats:Overload","floor":6},{"not_picked":["ats:Assault Order","ats:Revitalization"],"picked":"ats:Song Of Battle","floor":10},{"not_picked":["ats:Fractured Body","ats:Revitalization"],"picked":"ats:Powerful Strike","floor":12},{"not_picked":["ats:Shadow Assault","ats:Wolf Pack"],"picked":"ats:Dogmatic Field","floor":16},{"not_picked":["ats:Flexible Camouflage+1","ats:Consecutive Shot Auto"],"picked":"ats:Curse Doll","floor":18}],"player_experience":34866,"relics_obtained":[{"floor":9,"key":"AT_EbonyIvory"}],"event_choices":[{"damage_healed":0,"gold_gain":0,"player_choice":"Take Wound","damage_taken":0,"relics_obtained":["Golden Idol"],"max_hp_gain":0,"max_hp_loss":0,"event_name":"Golden Idol","floor":2,"gold_loss":0,"cards_obtained":["Injury"]},{"damage_healed":0,"gold_gain":0,"cards_transformed":["Injury"],"player_choice":"Change","damage_taken":0,"max_hp_gain":0,"max_hp_loss":0,"event_name":"Living Wall","floor":3,"gold_loss":0,"cards_obtained":["Shame"]},{"damage_healed":0,"gold_gain":0,"player_choice":"Ignored","damage_taken":0,"max_hp_gain":0,"max_hp_loss":0,"event_name":"Shining Light","floor":5,"gold_loss":0},{"damage_healed":18,"gold_gain":0,"player_choice":"Healed and dodged fight","damage_taken":0,"max_hp_gain":0,"max_hp_loss":0,"event_name":"Mushrooms","floor":14,"gold_loss":0,"cards_obtained":["Parasite"]},{"damage_healed":0,"gold_gain":0,"player_choice":"Obtained Relic","damage_taken":0,"relics_obtained":["Old Coin"],"max_hp_gain":0,"max_hp_loss":0,"event_name":"Addict","floor":19,"gold_loss":85},{"cards_removed":["ats:Sword Rain"],"damage_healed":0,"gold_gain":0,"player_choice":"Gave Gold","damage_taken":0,"max_hp_gain":0,"max_hp_loss":0,"event_name":"Beggar","floor":20,"gold_loss":75}],"is_beta":false,"boss_relics":[{"not_picked":["Honey Jar","Velvet Choker"],"picked":"Empty Cage"}],"items_purged_floors":[],"is_endless":false,"potions_floor_spawned":[10,16],"killed_by":"2 Thieves","ascension_level":0}}