{"host":"d2gh6suihlstufn7","time":1614068909,"event":{"mods":["AchievementEnabler","BaseMod","Colored Map","Colored Powertips","Minty Spire (QoL Compilation)","Permanent Neow","Quick Restart","StSLib","SuperFastMode"],"gold_per_floor":[113,188,188,202,202,202,214,234,287,287,1,18,38,213,213,318,318,328,328,346,346,366,366,366,366],"floor_reached":24,"language":"KOR","playtime":589,"items_purged":[],"score":238,"play_id":"92644783-36d2-4d98-8f15-c4959914bb8a","local_time":"20210223172829","is_ascension_mode":false,"campfire_choices":[{"data":"Immolate","floor":6,"key":"SMITH"},{"floor":10,"key":"RECALL"},{"data":"Apotheosis","floor":15,"key":"SMITH"},{"data":"Flame Barrier","floor":23,"key":"SMITH"}],"circlet_count":0,"master_deck":["Bash","Immolate+1","Regret","Apotheosis+1","Dual Wield","Second Wind","Immolate+1","Dark Embrace","Flame Barrier+1","Burning Pact","Searing Blow","Uppercut","Wild Strike","Cleave","Bludgeon","Rupture","Dual Wield+1"],"relics":["Burning Blood","Pen Nib","Dead Branch","Omamori","Membership Card","Pandora\u0027s Box"],"acts_visited":["Exordium","TheCity"],"potions_floor_usage":[20],"damage_taken":[{"damage":1,"enemies":"Cultist","floor":1,"turns":3},{"damage":0,"enemies":"2 Louse","floor":4,"turns":1},{"damage":6,"enemies":"Jaw Worm","floor":7,"turns":2},{"damage":9,"enemies":"Exordium Wildlife","floor":8,"turns":3},{"damage":15,"enemies":"Large Slime","floor":12,"turns":4},{"damage":8,"enemies":"3 Louse","floor":13,"turns":3},{"damage":0,"enemies":"Slime Boss","floor":16,"turns":7},{"damage":19,"enemies":"Chosen","floor":18,"turns":4},{"damage":38,"enemies":"Shell Parasite","floor":20,"turns":7},{"damage":0,"enemies":"3 Cultists","floor":22,"turns":2},{"damage":0,"enemies":"Shelled Parasite and Fungi","floor":24,"turns":1}],"seed_played":"8434973478357882943","potions_obtained":[{"floor":1,"key":"SkillPotion"},{"floor":8,"key":"ElixirPotion"},{"floor":12,"key":"Dexterity Potion"},{"floor":13,"key":"EssenceOfSteel"},{"floor":18,"key":"SpeedPotion"},{"floor":20,"key":"Swift Potion"}],"is_trial":false,"path_per_floor":["M","?","?","M","?","R","M","M","T","R","$","M","M","?","R","B",null,"M","?","M","?","M","R","M"],"character_chosen":"IRONCLAD","items_purchased":["Membership Card","Apotheosis","Dual Wield"],"campfire_rested":0,"item_purchase_floors":[11,11,11],"current_hp_per_floor":[80,69,69,75,75,75,75,72,72,72,72,63,61,61,61,67,80,67,67,35,35,41,41,41,41],"gold":366,"neow_bonus":"ONE_RANDOM_RARE_CARD","is_daily":false,"chose_seed":false,"campfire_upgraded":3,"win_rate":0.0,"timestamp":1614068909,"path_taken":["M","?","?","?","?","R","M","M","T","R","?","M","M","?","R","BOSS","M","?","M","?","?","R","M"],"items_purchased_type":["Relic","Card","Card"],"build_version":"2020-12-22","purchased_purges":0,"victory":false,"max_hp_per_floor":[80,80,80,80,80,80,80,80,80,80,80,80,80,80,80,80,80,80,80,80,80,80,80,80,80],"card_choices":[{"not_picked":["Carnage","Iron Wave","True Grit"],"picked":"SKIP","floor":1},{"not_picked":["Iron Wave","Intimidate","Armaments"],"picked":"SKIP","floor":4},{"not_picked":["Seeing Red","Heavy Blade","Rage"],"picked":"SKIP","floor":7},{"not_picked":["Pummel","Iron Wave","Warcry"],"picked":"SKIP","floor":8},{"not_picked":["Carnage","Rupture"],"picked":"Second Wind","floor":12},{"not_picked":["Rage","Searing Blow","Anger"],"picked":"SKIP","floor":13},{"not_picked":["Juggernaut","Berserk"],"picked":"Immolate","floor":16},{"not_picked":["Shrug It Off","Rampage"],"picked":"Dual Wield+1","floor":18},{"not_picked":["Perfected Strike+1","Intimidate","Uppercut"],"picked":"SKIP","floor":20},{"not_picked":["Second Wind","Sword Boomerang+1","Heavy Blade+1"],"picked":"SKIP","floor":22}],"player_experience":165181,"relics_obtained":[{"floor":9,"key":"Omamori"}],"event_choices":[{"damage_healed":0,"gold_gain":75,"player_choice":"Gather Gold","damage_taken":11,"max_hp_gain":0,"max_hp_loss":0,"event_name":"World of Goop","floor":2,"gold_loss":0},{"damage_healed":0,"gold_gain":0,"player_choice":"Gave Potion","damage_taken":0,"relics_obtained":["Pen Nib"],"max_hp_gain":0,"max_hp_loss":0,"event_name":"WeMeetAgain","floor":3,"gold_loss":0},{"damage_healed":0,"gold_gain":0,"player_choice":"Box","damage_taken":0,"relics_obtained":["Dead Branch"],"max_hp_gain":0,"max_hp_loss":0,"event_name":"Big Fish","floor":5,"gold_loss":0,"cards_obtained":["Regret"]},{"damage_healed":0,"gold_gain":175,"player_choice":"AGREE","damage_taken":0,"max_hp_gain":0,"max_hp_loss":0,"event_name":"Liars Game","floor":14,"gold_loss":0,"cards_obtained":["Doubt"]},{"damage_healed":0,"gold_gain":0,"player_choice":"Ignored","damage_taken":0,"max_hp_gain":0,"max_hp_loss":0,"event_name":"Vampires","floor":19,"gold_loss":0},{"damage_healed":0,"gold_gain":0,"player_choice":"Upgraded","damage_taken":0,"max_hp_gain":0,"max_hp_loss":0,"event_name":"Upgrade Shrine","floor":21,"gold_loss":0,"cards_upgraded":["Immolate"]}],"is_beta":false,"boss_relics":[{"not_picked":["Sozu","Mark of Pain"],"picked":"Pandora\u0027s Box"}],"items_purged_floors":[],"is_endless":false,"potions_floor_spawned":[1,8,12,13,18,20],"killed_by":"Shelled Parasite and Fungi","ascension_level":0}}