{"host":"xumidyqji6pg2yy3","time":1614096628,"event":{"mods":["ATMod(°¢èªMod)","BaseMod","Colored Map","KinomotoSakuraMod(Ä¾Ö®±¾Ó£)","Minty Spire (QoL Compilation)","MostiFishMod","Quick Restart","StSLib"],"gold_per_floor":[115,190,190,56,56,81,81],"floor_reached":6,"language":"ZHS","playtime":286,"items_purged":["ClowCardTheSword"],"score":234,"play_id":"f285c992-c8c2-4835-b66b-16b769ad5cc4","local_time":"20210224001028","daily_mods":["Heirloom","Time Dilation","Flight"],"is_ascension_mode":true,"campfire_choices":[],"circlet_count":0,"master_deck":["AscendersBane","ClowCardTheSword","ClowCardTheSword","ClowCardTheSword","ClowCardTheShield+1","ClowCardTheShield","ClowCardTheShield","ClowCardTheShield","SpellCardSeal","SpellCardRelease","AT_FamilyPortrait+1","ClowCardTheFlower","ClowCardTheRain","ClowCardTheWatery"],"relics":["KSMOD_SealedBook","KSMOD_SealedWand","AT_ATBox","DaveBox","PatriotShield","AT_LudenTempest","SynthV:TestCard","Peace Pipe"],"acts_visited":["Exordium"],"potions_floor_usage":[],"damage_taken":[{"damage":0,"enemies":"Cultist","floor":1,"turns":2},{"damage":0,"enemies":"Gremlin Nob","floor":6,"turns":1}],"seed_played":"-4457512082169344823","potions_obtained":[{"floor":6,"key":"PowerPotion"}],"is_trial":true,"path_per_floor":["M","?","?","$","?","E"],"character_chosen":"KINOMOTOSAKURA","items_purchased":["ClowCardTheRain"],"campfire_rested":0,"item_purchase_floors":[4],"current_hp_per_floor":[59,48,28,28,28,28,28],"gold":81,"neow_bonus":"","is_daily":false,"chose_seed":false,"campfire_upgraded":0,"win_rate":0.0,"timestamp":1614096628,"path_taken":["M","?","?","$","?","E"],"items_purchased_type":["Card"],"build_version":"2020-12-22","purchased_purges":1,"victory":false,"max_hp_per_floor":[65,65,65,65,65,65,65],"card_choices":[{"not_picked":["ClowCardThePower","ClowCardTheWave"],"picked":"ClowCardTheFlower","floor":1},{"not_picked":["ClowCardTheErase","ClowCardTheBig","ClowCardTheIllusion","ClowCardTheFight"],"picked":"ClowCardTheWatery","floor":6}],"player_experience":100137,"relics_obtained":[{"floor":1,"key":"SynthV:TestCard"},{"floor":6,"key":"Peace Pipe"}],"event_choices":[{"damage_healed":0,"gold_gain":75,"player_choice":"Gather Gold","damage_taken":11,"max_hp_gain":0,"max_hp_loss":0,"event_name":"World of Goop","floor":2,"gold_loss":0},{"damage_healed":0,"gold_gain":0,"player_choice":"Entered Light","damage_taken":20,"max_hp_gain":0,"max_hp_loss":0,"event_name":"Shining Light","floor":3,"gold_loss":0,"cards_upgraded":["ClowCardTheShield","AT_FamilyPortrait"]},{"damage_healed":0,"gold_gain":0,"player_choice":"Ignored","damage_taken":0,"max_hp_gain":0,"max_hp_loss":0,"event_name":"Liars Game","floor":5,"gold_loss":0}],"is_beta":false,"boss_relics":[],"items_purged_floors":[4],"is_endless":true,"potions_floor_spawned":[6],"killed_by":"Gremlin Nob","ascension_level":20}}