{"host":"blhqr6uo32maonpv","time":1614085503,"event":{"mods":["BaseMod","Downfall","Minty Spire (QoL Compilation)","Replay The Spire","StSLib","The Bug Knight","The Marked"],"gold_per_floor":[115,290,0,0,0,26,37,37,87,102,113,113,123,158,158,258,258,223,223,238,15,34,34,34,45,45,45,79,79,79,96,96,96,96],"floor_reached":33,"language":"ENG","playtime":2020,"items_purged":[],"score":275,"play_id":"1df9d0e8-026e-4dbb-b3df-a7b72050c4dd","local_time":"20210223090503","is_ascension_mode":false,"campfire_choices":[{"data":"HollowMod:Hiveblood","floor":8.0,"key":"SMITH"},{"data":"HollowMod:FocusHealStart","floor":12.0,"key":"SMITH"},{"data":"HollowMod:RecoilStrike","floor":15.0,"key":"SMITH"},{"floor":23,"key":"REST"},{"data":"HollowMod:HornetsHelp","floor":27,"key":"SMITH"},{"floor":30,"key":"REST"},{"floor":32,"key":"REST"}],"circlet_count":0,"master_deck":["HollowMod:NailStrikeStart","HollowMod:NailStrikeStart","HollowMod:NailStrikeStart","HollowMod:NailStrikeStart","HollowMod:QuickDashStart","HollowMod:QuickDashStart","HollowMod:QuickDashStart","HollowMod:QuickDashStart","HollowMod:FocusHealStart+1","HollowMod:PogoStrike","HollowMod:VengefulSpirit","Doubt","HollowMod:NewLastStag","HollowMod:Hiveblood+1","HollowMod:DashSlash","HollowMod:RecoilStrike+1","HollowMod:SiblingsSouls","HollowMod:GreatSlash","HollowMod:SiblingsSouls","HollowMod:SoulMaster","Necronomicurse","HollowMod:SiblingsSouls+1","HollowMod:MantisMark","HollowMod:SoulVessel","HollowMod:HowlingWraiths","HollowMod:SoulShaman","HollowMod:MantisMark","HollowMod:CloakDash+1","HollowMod:QuirrelsAssistance","HollowMod:HornetsHelp+1","HollowMod:PureNailStrike","HollowMod:SoulStrike"],"relics":["HollowMod:VesselMask","Ornamental Fan","Oddly Smooth Stone","Bag of Preparation","PreservedInsect","Necronomicon","Nloth\u0027s Gift","Anchor","Potion Belt"],"acts_visited":["Exordium","TheCity"],"potions_floor_usage":[20,25,33],"damage_taken":[{"damage":0.0,"enemies":"Small Slimes","floor":1.0,"turns":3.0},{"damage":24.0,"enemies":"Gremlin Nob","floor":6.0,"turns":4.0},{"damage":11.0,"enemies":"2 Louse","floor":7.0,"turns":3.0},{"damage":14.0,"enemies":"Jaw Worm","floor":10.0,"turns":4.0},{"damage":17.0,"enemies":"Exordium Wildlife","floor":11.0,"turns":4.0},{"damage":32.0,"enemies":"Large Slime","floor":13.0,"turns":8.0},{"damage":38.0,"enemies":"3 Sentries","floor":14.0,"turns":8.0},{"damage":85.0,"enemies":"The Guardian","floor":16.0,"turns":13.0},{"damage":36,"enemies":"2 Thieves","floor":18,"turns":5},{"damage":40,"enemies":"Shell Parasite","floor":20,"turns":7},{"damage":52,"enemies":"Shelled Parasite and Fungi","floor":22,"turns":9},{"damage":16,"enemies":"Cultist and Chosen","floor":25,"turns":6},{"damage":68,"enemies":"Replay:Snechameleon","floor":28,"turns":10},{"damage":25,"enemies":"Snecko","floor":31,"turns":4},{"damage":95,"enemies":"Automaton","floor":33,"turns":8}],"seed_played":"-6170090978042720545","potions_obtained":[{"floor":6.0,"key":"FearPotion"},{"floor":11.0,"key":"SkillPotion"},{"floor":14.0,"key":"BlessingOfTheForge"},{"floor":16.0,"key":"FairyPotion"},{"floor":18,"key":"hexamod:SoulburnPotion"},{"floor":22,"key":"Swift Potion"},{"floor":31,"key":"Dexterity Potion"}],"is_trial":false,"path_per_floor":["M","?","?","$","?","E","M","R","T","M","M","R","M","E","R","B",null,"M","?","M","$","M","R","?","M","T","R","E","?","R","M","R","B"],"character_chosen":"THE_BUGKNIGHT","items_purchased":["HollowMod:MantisMark","Orrery"],"campfire_rested":3,"item_purchase_floors":[21,21],"current_hp_per_floor":[82,82,82,82,64,46,44,44,44,48,55,55,70,73,73,28,82,46,30,27,27,20,44,44,53,53,53,23,23,47,29,53,0,0],"gold":96,"neow_bonus":"TEN_PERCENT_HP_BONUS","is_daily":false,"chose_seed":false,"campfire_upgraded":4,"win_rate":0.0,"timestamp":1614085503,"path_taken":["M","?","?","$","?","E","M","R","T","?","M","R","M","E","R","BOSS","M","?","M","$","M","R","?","?","T","R","E","?","R","M","R","BOSS"],"items_purchased_type":["Card","Relic"],"build_version":"2020-12-22","purchased_purges":0,"victory":false,"max_hp_per_floor":[82,82,82,82,82,82,82,82,82,82,82,82,82,82,82,82,82,82,82,82,82,82,82,82,82,82,82,82,82,82,82,82,82,82],"card_choices":[{"not_picked":["HollowMod:SoulStrike","HollowMod:TaintedHusks"],"picked":"HollowMod:VengefulSpirit","floor":1.0},{"not_picked":["HollowMod:ShadowDash","HollowMod:SoulShaman"],"picked":"HollowMod:Hiveblood","floor":6.0},{"not_picked":["HollowMod:BlackTendrils","HollowMod:PerfectDash"],"picked":"HollowMod:DashSlash","floor":7.0},{"not_picked":["HollowMod:MothsMistake","HollowMod:InfectedCysts"],"picked":"HollowMod:RecoilStrike","floor":10.0},{"not_picked":["HollowMod:RecoilStrike","HollowMod:SoulShaman"],"picked":"HollowMod:SiblingsSouls","floor":11.0},{"not_picked":["HollowMod:DescendingDark","HollowMod:SiblingsShadow"],"picked":"HollowMod:GreatSlash","floor":13.0},{"not_picked":["HollowMod:PureVessel","HollowMod:WraithStrike"],"picked":"HollowMod:SiblingsSouls","floor":14.0},{"not_picked":["HollowMod:MidwifesHunger","HollowMod:NewInfectedGuardian"],"picked":"HollowMod:SoulMaster","floor":16.0},{"not_picked":["HollowMod:WraithStrike","HollowMod:ShadowDash","HollowMod:VengefulVoid+1"],"picked":"SKIP","floor":18},{"not_picked":["HollowMod:WraithStrike+1","HollowMod:SoulSplash+1"],"picked":"HollowMod:SiblingsSouls+1","floor":20},{"not_picked":["HollowMod:DescendingDark+1","HollowMod:SharpenedShadows"],"picked":"HollowMod:SoulVessel","floor":21},{"not_picked":["HollowMod:MidwifesHunger","HollowMod:ShadowDash+1"],"picked":"HollowMod:HowlingWraiths","floor":21},{"not_picked":["HollowMod:DescendingDark","HollowMod:InfectedCysts"],"picked":"HollowMod:SoulShaman","floor":21},{"not_picked":["HollowMod:VoidDash","HollowMod:CloakDash+1"],"picked":"HollowMod:MantisMark","floor":21},{"not_picked":["HollowMod:MawleksShell","HollowMod:GrimmsGift"],"picked":"HollowMod:CloakDash+1","floor":21},{"not_picked":["HollowMod:CrystalDash+1","HollowMod:ChannelNail"],"picked":"HollowMod:QuirrelsAssistance","floor":22},{"not_picked":["HollowMod:SharpenedNail","HollowMod:ShapeofUnn"],"picked":"HollowMod:HornetsHelp","floor":25},{"not_picked":["HollowMod:InfectionAssault+1","HollowMod:ElderbugsWisdom"],"picked":"HollowMod:PureNailStrike","floor":28},{"not_picked":["HollowMod:TaintedHusks","HollowMod:DashSlash"],"picked":"HollowMod:SoulStrike","floor":31}],"player_experience":57261,"relics_obtained":[{"floor":6.0,"key":"Oddly Smooth Stone"},{"floor":9.0,"key":"Bag of Preparation"},{"floor":14.0,"key":"PreservedInsect"},{"floor":19,"key":"Necronomicon"},{"floor":26,"key":"Anchor"},{"floor":28,"key":"Potion Belt"}],"event_choices":[{"damage_healed":0.0,"max_hp_gain":0.0,"max_hp_loss":0.0,"gold_gain":175.0,"event_name":"Liars Game","player_choice":"AGREE","floor":2.0,"gold_loss":0.0,"damage_taken":0.0,"cards_obtained":["Doubt"]},{"damage_healed":0.0,"max_hp_gain":0.0,"max_hp_loss":0.0,"gold_gain":0.0,"event_name":"Scrap Ooze","player_choice":"Success","floor":5.0,"gold_loss":0.0,"damage_taken":18.0,"relics_obtained":["Ornamental Fan"]},{"damage_healed":0,"gold_gain":0,"player_choice":"Obtained Book","damage_taken":16,"max_hp_gain":0,"max_hp_loss":0,"event_name":"Cursed Tome","floor":19,"gold_loss":0},{"damage_healed":0,"gold_gain":0,"player_choice":"Traded Relic","damage_taken":0,"relics_obtained":["Nloth\u0027s Gift"],"max_hp_gain":0,"max_hp_loss":0,"event_name":"N\u0027loth","floor":24,"relics_lost":["Orrery"],"gold_loss":0}],"is_beta":false,"boss_relics":[{"not_picked":["Coffee Dripper","Runic Pyramid","Velvet Choker"]}],"items_purged_floors":[],"is_endless":false,"potions_floor_spawned":[6,11,14,16,18,22,31],"killed_by":"Automaton","ascension_level":0}}