{"host":"jngeqill3bw7azzz","time":1614119103,"event":{"mods":["BaseMod","Highlight Path","Minty Spire (QoL Compilation)","Permanent Neow","Relic Stats"],"gold_per_floor":[158,192,249,88,68,68,109,136,136,163,163,163,245,50,50,152,152,188,188,188],"floor_reached":19,"language":"ENG","playtime":1103,"items_purged":["Defend_R","Strike_R"],"score":470,"play_id":"ca4544dd-a1f3-4fcc-bc89-0022b375bae7","local_time":"20210223172503","is_ascension_mode":true,"campfire_choices":[{"data":"HandOfGreed","floor":6,"key":"SMITH"},{"floor":12,"key":"REST"},{"data":"Demon Form","floor":15,"key":"SMITH"}],"circlet_count":0,"master_deck":["AscendersBane","Strike_R","Strike_R","Strike_R","Defend_R","Defend_R","Defend_R","Bash","HandOfGreed+1","Intimidate","Shrug It Off","Evolve","Double Tap","Headbutt","Corruption","Demon Form+1","Impervious+1","Discovery+1","Reaper"],"relics":["Burning Blood","Akabeko","Lizard Tail","Toxic Egg 2","Philosopher\u0027s Stone"],"acts_visited":["Exordium","TheCity"],"potions_floor_usage":[8,10],"damage_taken":[{"damage":2,"enemies":"2 Louse","floor":1,"turns":3},{"damage":1,"enemies":"Cultist","floor":2,"turns":4},{"damage":0,"enemies":"Small Slimes","floor":3,"turns":4},{"damage":17,"enemies":"Blue Slaver","floor":7,"turns":3},{"damage":30,"enemies":"Lagavulin","floor":8,"turns":7},{"damage":8,"enemies":"Gremlin Nob","floor":10,"turns":3},{"damage":40,"enemies":"3 Sentries","floor":13,"turns":9},{"damage":0,"enemies":"Slime Boss","floor":16,"turns":9},{"damage":31,"enemies":"Spheric Guardian","floor":18,"turns":4},{"damage":0,"enemies":"3 Byrds","floor":19,"turns":2}],"seed_played":"6789168518816791796","potions_obtained":[{"floor":1,"key":"SkillPotion"},{"floor":2,"key":"DuplicationPotion"},{"floor":8,"key":"AttackPotion"}],"is_trial":false,"path_per_floor":["M","M","M","$","?","R","M","E","T","E","?","R","E","$","R","B",null,"M","M"],"character_chosen":"IRONCLAD","items_purchased":["Double Tap","Discovery+1"],"campfire_rested":1,"item_purchase_floors":[4,14],"current_hp_per_floor":[54,59,65,65,65,65,54,30,30,28,28,50,16,16,16,22,62,37,37,37],"gold":188,"neow_bonus":"RANDOM_COLORLESS_2","is_daily":false,"chose_seed":false,"campfire_upgraded":2,"win_rate":0.0,"timestamp":1614119103,"path_taken":["M","M","M","$","?","R","?","E","T","E","?","R","E","$","R","BOSS","M","?"],"items_purchased_type":["Card","Card"],"build_version":"2020-12-22","purchased_purges":2,"victory":false,"max_hp_per_floor":[75,75,75,75,75,75,75,75,75,75,75,75,75,75,75,75,75,75,75,75],"relic_stats":{"Lizard Tail":0,"counters":[10,48],"obtain_stats":[{"Lizard Tail":10,"Philosopher\u0027s Stone":17,"Toxic Egg 2":13,"Burning Blood":0,"Akabeko":8},{"Lizard Tail":6,"Philosopher\u0027s Stone":8,"Toxic Egg 2":7,"Burning Blood":0,"Akabeko":5},{"Lizard Tail":24,"Philosopher\u0027s Stone":42,"Toxic Egg 2":33,"Burning Blood":0,"Akabeko":21}],"Burning Blood":54},"card_choices":[{"not_picked":["Sadistic Nature","Secret Weapon"],"picked":"HandOfGreed","floor":0},{"not_picked":["Rage","Perfected Strike"],"picked":"Intimidate","floor":1},{"not_picked":["Warcry","Infernal Blade"],"picked":"Shrug It Off","floor":2},{"not_picked":["Sentinel","Flex"],"picked":"Evolve","floor":3},{"not_picked":["Anger","Body Slam","Spot Weakness"],"picked":"SKIP","floor":7},{"not_picked":["Flex","Entrench"],"picked":"Headbutt","floor":8},{"not_picked":["Clothesline","Perfected Strike"],"picked":"Corruption","floor":10},{"not_picked":["Twin Strike","Anger"],"picked":"Impervious+1","floor":13},{"not_picked":["Fiend Fire","Demon Form"],"picked":"Reaper","floor":16},{"not_picked":["Reckless Charge","Body Slam","Iron Wave"],"picked":"SKIP","floor":18}],"player_experience":2693996,"relics_obtained":[{"floor":8,"key":"Akabeko"},{"floor":10,"key":"Lizard Tail"},{"floor":13,"key":"Toxic Egg 2"}],"event_choices":[{"damage_healed":0,"gold_gain":0,"player_choice":"Bought 1 Potion","damage_taken":0,"max_hp_gain":0,"max_hp_loss":0,"event_name":"The Woman in Blue","floor":5,"gold_loss":0},{"damage_healed":0,"gold_gain":0,"cards_transformed":["Strike_R"],"player_choice":"Transformed","damage_taken":0,"max_hp_gain":0,"max_hp_loss":0,"event_name":"Transmorgrifier","floor":11,"gold_loss":0,"cards_obtained":["Demon Form"]}],"is_beta":false,"boss_relics":[{"not_picked":["SacredBark","Empty Cage"],"picked":"Philosopher\u0027s Stone"}],"items_purged_floors":[4,14],"is_endless":false,"potions_floor_spawned":[1,2,8],"killed_by":"3 Byrds","ascension_level":20}}