{"host":"bpr07pynnqpe5ded","time":1614106690,"event":{"mods":["2.2 Compatiblity","Aspiration","BaseMod","Better Note","Better Third Choice","BetterRewards","Downfall","Jorbs\u0027s Wanderer Trilogy","Minty Spire (QoL Compilation)","Replay The Spire","Shop Mod","StSLib","The Marked","??????REMEMod"],"gold_per_floor":[116,132,132,151,151,185,185,185,185,185,220,220,247,97,97,97,97],"floor_reached":16,"language":"ENG","playtime":617,"items_purged":["Strike_R","Strike_R","Bash","Strike_R"],"score":166,"play_id":"cacb058a-1120-4c1f-9f4a-d0583c64a35a","local_time":"20210223185810","is_ascension_mode":false,"campfire_choices":[{"data":"Sadistic Nature","floor":8,"key":"SMITH"},{"data":"Replay:Undeath\u0027s Touch","floor":10,"key":"SMITH"},{"data":"Replay:Undeath\u0027s Touch","floor":12,"key":"SMITH"},{"floor":15,"key":"DIG"}],"circlet_count":0,"master_deck":["Strike_R","Strike_R","Defend_R","Defend_R","Defend_R","Defend_R","Sadistic Nature+1","Replay:Undeath\u0027s Touch+1","Intimidate","Replay:Undeath\u0027s Touch+1","Clothesline"],"relics":["Burning Blood","REME_ComplimentaryCards","Strawberry","Shovel","Happy Flower","Replay:Baseball"],"acts_visited":["Exordium"],"potions_floor_usage":[6,6],"damage_taken":[{"damage":2,"enemies":"Small Slimes","floor":1,"turns":3},{"damage":0,"enemies":"Cultist","floor":2,"turns":3},{"damage":6,"enemies":"Jaw Worm","floor":4,"turns":4},{"damage":4,"enemies":"Gremlin Nob","floor":6,"turns":3},{"damage":28,"enemies":"3 Sentries","floor":11,"turns":11},{"damage":16,"enemies":"Lagavulin","floor":13,"turns":5},{"damage":26,"enemies":"Hexaghost","floor":16,"turns":9}],"seed_played":"4450042623117812316","potions_obtained":[{"floor":1,"key":"GamblersBrew"},{"floor":2,"key":"SteroidPotion"}],"is_trial":false,"path_per_floor":["M","M","?","M","?","E","$","R","T","R","E","R","E","$","R","B"],"character_chosen":"IRONCLAD","items_purchased":["Sadistic Nature","Replay:Undeath\u0027s Touch","Intimidate","Replay:Undeath\u0027s Touch","Elixir"],"campfire_rested":0,"item_purchase_floors":[0,0,0,0,0],"current_hp_per_floor":[37,43,43,43,48,57,57,57,57,57,35,35,25,25,25,0,0],"gold":97,"neow_bonus":"","is_daily":false,"chose_seed":false,"campfire_upgraded":3,"win_rate":0.0,"timestamp":1614106690,"path_taken":["M","M","?","?","?","E","$","R","T","R","E","R","E","?","R","BOSS"],"items_purchased_type":["Card","Card","Card","Card","Potion"],"build_version":"2020-12-22","purchased_purges":4,"victory":false,"max_hp_per_floor":[80,80,80,80,85,92,92,92,92,92,92,92,92,92,92,92,92],"card_choices":[{"not_picked":["Clash","Warcry","Carnage"],"picked":"SKIP","floor":1},{"not_picked":["Clash","REME_SingleHolding","Pommel Strike"],"picked":"SKIP","floor":2},{"not_picked":["Rage","Sword Boomerang"],"picked":"Clothesline","floor":4},{"not_picked":["Seeing Red","Wild Strike","Warcry"],"picked":"SKIP","floor":6},{"not_picked":["Shrug It Off","Cleave","Headbutt"],"picked":"SKIP","floor":11},{"not_picked":["Feel No Pain","Life Link","ReplayTheSpireMod:Limb From Limb"],"picked":"SKIP","floor":13}],"player_experience":1230550,"relics_obtained":[{"floor":6,"key":"Strawberry"},{"floor":11,"key":"Shovel"},{"floor":13,"key":"Happy Flower"},{"floor":15,"key":"Replay:Baseball"}],"event_choices":[{"damage_healed":0,"gold_gain":0,"player_choice":"Bought 0 Potions","damage_taken":0,"max_hp_gain":0,"max_hp_loss":0,"event_name":"The Woman in Blue","floor":3,"gold_loss":0},{"damage_healed":0,"gold_gain":0,"player_choice":"Donut","damage_taken":0,"max_hp_gain":5,"max_hp_loss":0,"event_name":"Big Fish","floor":5,"gold_loss":0}],"is_beta":false,"boss_relics":[],"items_purged_floors":[0,0,0,14],"is_endless":false,"potions_floor_spawned":[1,2],"killed_by":"Hexaghost","ascension_level":0}}