{"host":"f2zkc2gsfwbibc34","time":1614088011,"event":{"mods":["AchievementEnabler","BaseMod","Better Note","Colored Map","Colored Powertips","Defuse TimeMaze Blight","Minty Spire (QoL Compilation)","Permanent Neow","StSLib","SuperFastMode","The Servant 0.9.4"],"gold_per_floor":[109,109,126,141,66,66,101,112,112,112,77,90,104,82,82,178,178,191,201,201,201,201,201,236,236,306,306,331,344,292,303,303,407,407,423,443,443,443,493,522,522,522,522],"floor_reached":42,"language":"ENG","playtime":1626,"items_purged":["Strike_S"],"score":675,"play_id":"ee86bb6f-11cc-4cdb-a3b5-e7c1e0680b23","local_time":"20210223144651","is_ascension_mode":true,"campfire_choices":[{"floor":6,"key":"REST"},{"data":"Comet","floor":10,"key":"SMITH"},{"floor":15,"key":"REST"},{"data":"Rearm","floor":23,"key":"SMITH"},{"floor":25,"key":"REST"},{"data":"Defy","floor":27,"key":"SMITH"},{"floor":32,"key":"REST"},{"data":"MoonPhase","floor":41,"key":"SMITH"}],"circlet_count":0,"master_deck":["Strike_S","Strike_S","Defend_S","Defend_S","Defend_S","KidneyShot","Exchange","Starlight","Comet+1","ShatteredReality","Rearm+1","ShatteredReality","TimeWarp","PendulumOfEternity","DevaForm+1","Defy+1","ShatteredReality+1","Defy","ShatteredReality+1","MoonPhase+1","Duplication","StarChef+1","DoubleEdge+1","Madness","Madness","FastForward+1"],"relics":["SplendidAttire","Blue Candle","Meat on the Bone","Molten Egg 2","HornCleat","Darkstone Periapt","Sozu","Girya","Frozen Egg 2"],"acts_visited":["Exordium","TheCity","TheBeyond"],"potions_floor_usage":[7,7,16,28,28,31,33,39],"damage_taken":[{"damage":11,"enemies":"Small Slimes","floor":1,"turns":5},{"damage":7,"enemies":"Cultist","floor":3,"turns":4},{"damage":0,"enemies":"Jaw Worm","floor":4,"turns":3},{"damage":29,"enemies":"Lagavulin","floor":7,"turns":10},{"damage":4,"enemies":"Blue Slaver","floor":8,"turns":3},{"damage":6,"enemies":"2 Fungi Beasts","floor":12,"turns":4},{"damage":7,"enemies":"Exordium Thugs","floor":13,"turns":3},{"damage":48,"enemies":"The Guardian","floor":16,"turns":12},{"damage":13,"enemies":"2 Thieves","floor":18,"turns":4},{"damage":8,"enemies":"Chosen","floor":19,"turns":3},{"damage":30,"enemies":"Gremlin Leader","floor":24,"turns":6},{"damage":12,"enemies":"Slavers","floor":28,"turns":5},{"damage":29,"enemies":"Shelled Parasite and Fungi","floor":29,"turns":4},{"damage":5,"enemies":"Snake Plant","floor":31,"turns":6},{"damage":27,"enemies":"Champ","floor":33,"turns":10},{"damage":3,"enemies":"3 Shapes","floor":35,"turns":8},{"damage":28,"enemies":"3 Darklings","floor":36,"turns":4},{"damage":0,"enemies":"Mind Bloom Boss Battle","floor":39,"turns":7},{"damage":17,"enemies":"Giant Head","floor":40,"turns":7},{"damage":43,"enemies":"Reptomancer","floor":42,"turns":3}],"seed_played":"-8432266281789003751","potions_obtained":[{"floor":2,"key":"ColorlessPotion"},{"floor":2,"key":"Weak Potion"},{"floor":2,"key":"Weak Potion"},{"floor":7,"key":"Dexterity Potion"},{"floor":8,"key":"DuplicationPotion"},{"floor":12,"key":"CultistPotion"},{"floor":19,"key":"Fire Potion"},{"floor":28,"key":"Swift Potion"},{"floor":33,"key":"EssenceOfSteel"}],"is_trial":false,"path_per_floor":["M","?","M","M","$","R","E","M","T","R","?","M","M","?","R","B",null,"M","M","?","?","?","R","E","R","T","R","E","M","$","M","R","B",null,"M","M","?","?","?","E","R","E"],"character_chosen":"THE_SERVANT","items_purchased":["ShatteredReality+1"],"campfire_rested":4,"item_purchase_floors":[30],"current_hp_per_floor":[33,33,26,26,26,45,16,12,12,12,28,34,39,39,58,22,54,41,33,33,33,33,33,15,34,34,34,34,17,17,24,43,28,56,53,37,29,29,41,36,36,0,0],"gold":522,"neow_bonus":"REMOVE_TWO","is_daily":false,"chose_seed":false,"campfire_upgraded":4,"win_rate":0.0,"timestamp":1614088011,"path_taken":["M","?","M","?","$","R","E","M","T","R","?","M","M","?","R","BOSS","M","M","?","?","?","R","E","R","T","R","E","?","$","M","R","BOSS","M","M","?","?","?","E","R","E"],"items_purchased_type":["Card"],"build_version":"2020-12-22","purchased_purges":1,"victory":false,"max_hp_per_floor":[65,65,65,65,65,65,65,65,65,65,65,65,65,65,65,65,65,65,65,65,65,65,65,65,65,65,65,65,65,65,65,65,65,65,65,65,65,65,65,65,65,65,65],"card_choices":[{"not_picked":["Rearm","Orbit"],"picked":"Starlight","floor":1},{"not_picked":["Read","TimeTheft"],"picked":"Comet","floor":3},{"not_picked":["BottledTime","Manipulate","Replace"],"picked":"SKIP","floor":4},{"not_picked":["Alleviate","Rearm"],"picked":"ShatteredReality","floor":7},{"not_picked":["Spin","ShatteredReality"],"picked":"Rearm","floor":8},{"not_picked":["Gouge","Comet"],"picked":"ShatteredReality","floor":12},{"not_picked":["BottledTime","ShatteredReality"],"picked":"TimeWarp","floor":13},{"not_picked":["Initiator","SilverMatrix"],"picked":"PendulumOfEternity","floor":16},{"not_picked":["Rewind","Collapse"],"picked":"BottledTime","floor":18},{"not_picked":["WasteNot","Replace","Alleviate"],"picked":"SKIP","floor":19},{"not_picked":["Misdirection","Sunlight+1"],"picked":"Defy","floor":24},{"not_picked":["TimeWarp+1","FanOfKnives+1"],"picked":"ShatteredReality+1","floor":28},{"not_picked":["Ricochet+1","DualDimension"],"picked":"Defy","floor":29},{"not_picked":["Replace","StarChef+1"],"picked":"MoonPhase","floor":31},{"not_picked":["Deny","Solidify"],"picked":"Duplication","floor":33},{"not_picked":["Unruled+1","ShatteredReality+1"],"picked":"StarChef+1","floor":35},{"not_picked":["Starlight+1","Manipulate"],"picked":"DoubleEdge+1","floor":36},{"not_picked":["TimeWarp+1","ShatteredReality+1"],"picked":"FastForward+1","floor":39},{"not_picked":["Alleviate+1","Replace+1","Revamp"],"picked":"SKIP","floor":40}],"player_experience":126356,"relics_obtained":[{"floor":7,"key":"Blue Candle"},{"floor":9,"key":"Meat on the Bone"},{"floor":24,"key":"Molten Egg 2"},{"floor":26,"key":"HornCleat"},{"floor":28,"key":"Darkstone Periapt"},{"floor":39,"key":"Girya"},{"floor":40,"key":"Frozen Egg 2"}],"event_choices":[{"damage_healed":0,"gold_gain":0,"player_choice":"Got Potions","damage_taken":0,"max_hp_gain":0,"max_hp_loss":0,"event_name":"Lab","floor":2,"gold_loss":0},{"damage_healed":16,"gold_gain":0,"player_choice":"Healed","damage_taken":0,"max_hp_gain":0,"max_hp_loss":0,"event_name":"The Cleric","floor":11,"gold_loss":35},{"damage_healed":0,"gold_gain":0,"player_choice":"Left Gold","damage_taken":0,"max_hp_gain":0,"max_hp_loss":0,"event_name":"World of Goop","floor":14,"gold_loss":22},{"cards_removed":["DevaForm"],"damage_healed":0,"gold_gain":0,"player_choice":"Take \u0026 Give","damage_taken":0,"max_hp_gain":0,"max_hp_loss":0,"event_name":"betterNote:BetterNote","floor":20,"gold_loss":0,"cards_obtained":["DevaForm"]},{"damage_healed":0,"gold_gain":0,"player_choice":"Ignored","damage_taken":0,"max_hp_gain":0,"max_hp_loss":0,"event_name":"Vampires","floor":21,"gold_loss":0},{"damage_healed":0,"gold_gain":0,"player_choice":"Upgraded","damage_taken":0,"max_hp_gain":0,"max_hp_loss":0,"event_name":"Upgrade Shrine","floor":22,"gold_loss":0,"cards_upgraded":["DevaForm"]},{"damage_healed":0,"gold_gain":0,"player_choice":"Embrace Madness","damage_taken":8,"max_hp_gain":0,"max_hp_loss":0,"event_name":"Winding Halls","floor":37,"gold_loss":0,"cards_obtained":["Madness","Madness"]},{"cards_removed":["BottledTime"],"damage_healed":0,"gold_gain":0,"player_choice":"Removed Skill","damage_taken":0,"max_hp_gain":0,"max_hp_loss":0,"event_name":"Falling","floor":38,"gold_loss":0},{"damage_healed":0,"gold_gain":0,"player_choice":"Fight","damage_taken":0,"max_hp_gain":0,"max_hp_loss":0,"event_name":"MindBloom","floor":39,"gold_loss":0}],"is_beta":false,"boss_relics":[{"not_picked":["Fusion Hammer","SlaversCollar"],"picked":"SplendidAttire"},{"not_picked":["Busted Crown","Pandora\u0027s Box"],"picked":"Sozu"}],"items_purged_floors":[5],"is_endless":false,"potions_floor_spawned":[7,8,12,19,28,33,36],"killed_by":"Reptomancer","ascension_level":8}}