{"host":"7jbuhzz8yy5cuou7","time":1614047955,"event":{"mods":["AchievementEnabler","Act Like it!","BaseMod","Better Third Choice","Bossed Relics","Colored Map","Colored Powertips","Dark Map","DeckTracker","Minty Spire (QoL Compilation)","Permanent Neow","Quick Restart","Ruina","StSLib","The Cursed","The Hierophant","Weighted Paths"],"gold_per_floor":[112,132,132,155,120,163,163,196,247,247,261,10,10,49,49,49,49],"floor_reached":16,"language":"ENG","playtime":732,"items_purged":["Strike_G"],"score":142,"play_id":"d6594b11-6b4d-462d-a450-126ba41373e7","local_time":"20210222193915","is_ascension_mode":true,"campfire_choices":[{"floor":7,"key":"REST"},{"floor":10,"key":"REST"},{"floor":15,"key":"REST"}],"circlet_count":0,"master_deck":["Strike_G","Strike_G","Strike_G","Strike_G","Defend_G","Defend_G","Defend_G","Defend_G","Defend_G","Survivor","Neutralize","Outmaneuver","Burst","Terror","Dagger Spray","Quick Slash","Dodge and Roll"],"relics":["Ring of the Snake","Dead Branch","Golden Idol","Darkstone Periapt","MealTicket","Akabeko","Boot","Gremlin Horn","Bottled Lightning"],"acts_visited":["Exordium"],"potions_floor_usage":[8,8,16],"damage_taken":[{"damage":6,"enemies":"2 Louse","floor":1,"turns":3},{"damage":0,"enemies":"Jaw Worm","floor":2,"turns":6},{"damage":11,"enemies":"Cultist","floor":4,"turns":6},{"damage":45,"enemies":"Gremlin Nob","floor":6,"turns":6},{"damage":17,"enemies":"3 Sentries","floor":8,"turns":7},{"damage":0,"enemies":"Red Slaver","floor":11,"turns":3},{"damage":22,"enemies":"Lagavulin","floor":14,"turns":8},{"damage":39,"enemies":"Slime Boss","floor":16,"turns":7}],"seed_played":"-8046072954319919228","potions_obtained":[{"floor":4,"key":"GhostInAJar"},{"floor":6,"key":"SpeedPotion"},{"floor":8,"key":"Fire Potion"}],"is_trial":false,"path_per_floor":["M","M","?","M","?","E","R","E","T","R","M","$","T","E","R","B"],"character_chosen":"THE_SILENT","items_purchased":["Boot","Dodge and Roll"],"campfire_rested":3,"item_purchase_floors":[12,12],"current_hp_per_floor":[43,43,43,32,48,3,22,5,5,24,24,39,39,17,36,0,0],"gold":49,"neow_bonus":"ONE_RARE_RELIC","is_daily":false,"chose_seed":false,"campfire_upgraded":0,"win_rate":0.0,"timestamp":1614047955,"path_taken":["M","M","?","M","?","E","R","E","T","R","M","$","?","E","R","BOSS"],"items_purchased_type":["Relic","Card"],"build_version":"2020-12-22","purchased_purges":1,"victory":false,"max_hp_per_floor":[70,70,65,65,65,65,65,65,65,65,65,65,65,65,65,65,65],"card_choices":[{"not_picked":["Slice","Poisoned Stab"],"picked":"Outmaneuver","floor":1},{"not_picked":["Acrobatics","Quick Slash"],"picked":"Burst","floor":2},{"not_picked":["Outmaneuver","Escape Plan"],"picked":"Terror","floor":4},{"not_picked":["Terror","Eviscerate"],"picked":"Dagger Spray","floor":6},{"not_picked":["Night Terror","Deadly Poison","Deflect"],"picked":"SKIP","floor":8},{"not_picked":["Underhanded Strike","Poisoned Stab"],"picked":"Quick Slash","floor":11},{"not_picked":["Caltrops","Outmaneuver","Deflect"],"picked":"SKIP","floor":14}],"player_experience":437850,"relics_obtained":[{"floor":6,"key":"Darkstone Periapt"},{"floor":8,"key":"MealTicket"},{"floor":9,"key":"Akabeko"},{"floor":13,"key":"Gremlin Horn"},{"floor":14,"key":"Bottled Lightning"}],"event_choices":[{"damage_healed":0,"gold_gain":0,"player_choice":"Lose Max HP","damage_taken":0,"relics_obtained":["Golden Idol"],"max_hp_gain":0,"max_hp_loss":5,"event_name":"Golden Idol","floor":3,"gold_loss":0},{"damage_healed":16,"gold_gain":0,"player_choice":"Healed","damage_taken":0,"max_hp_gain":0,"max_hp_loss":0,"event_name":"The Cleric","floor":5,"gold_loss":35}],"is_beta":false,"boss_relics":[],"items_purged_floors":[12],"is_endless":false,"potions_floor_spawned":[4,6,8],"killed_by":"Slime Boss","ascension_level":4}}