{"host":"m0bekkrd201b63ug","time":1614092537,"event":{"mods":["AchievementEnabler","BaseMod","Colored Powertips","Highlight Path","Minty Spire (QoL Compilation)","Rare Cards Sparkle","StSLib","SuperFastMode","everything is the same but u backflip on backflip","slay the spire mod where everything is the same but ironclad has a cowboy hat"],"gold_per_floor":[213,226,240,129,148,178,178,178,228,241,241,28,61,71,71,167,167,187,198,198,216,2,2,2],"floor_reached":23,"language":"ENG","playtime":683,"items_purged":[],"score":305,"play_id":"69849ba6-2d48-414e-97d7-deb821724e5f","local_time":"20210223120217","is_ascension_mode":true,"campfire_choices":[{"data":"Rip and Tear","floor":7,"key":"SMITH"},{"floor":11,"key":"REST"},{"floor":15,"key":"REST"}],"circlet_count":0,"master_deck":["AscendersBane","Strike_B+1","Strike_B+1","Strike_B+1","Defend_B+1","Defend_B+1","Defend_B+1","Defend_B+1","Zap","Dualcast","Streamline","Cold Snap","Sweeping Beam","Melter","White Noise","Static Discharge","Rip and Tear+1","Glacier","Rebound","Leap","Fission","Glacier","Auto Shields"],"relics":["Cracked Core","Frozen Egg 2","Omamori","Bronze Scales","Smiling Mask","Inserter","Sling"],"acts_visited":["Exordium","TheCity"],"potions_floor_usage":[5,10,16,21],"damage_taken":[{"damage":1,"enemies":"Cultist","floor":1,"turns":3},{"damage":0,"enemies":"Small Slimes","floor":2,"turns":2},{"damage":0,"enemies":"2 Louse","floor":3,"turns":2},{"damage":3,"enemies":"Lots of Slimes","floor":5,"turns":3},{"damage":38,"enemies":"Gremlin Nob","floor":6,"turns":5},{"damage":13,"enemies":"Gremlin Gang","floor":10,"turns":3},{"damage":11,"enemies":"3 Sentries","floor":13,"turns":7},{"damage":2,"enemies":"Looter","floor":14,"turns":3},{"damage":39,"enemies":"Slime Boss","floor":16,"turns":7},{"damage":23,"enemies":"2 Thieves","floor":18,"turns":3},{"damage":0,"enemies":"Spheric Guardian","floor":19,"turns":3},{"damage":30,"enemies":"3 Cultists","floor":21,"turns":6},{"damage":12,"enemies":"Slavers","floor":23,"turns":1}],"seed_played":"16752901310488956","potions_obtained":[{"floor":3,"key":"DistilledChaos"},{"floor":5,"key":"DistilledChaos"},{"floor":13,"key":"Block Potion"},{"floor":19,"key":"AttackPotion"}],"is_trial":false,"path_per_floor":["M","M","M","$","M","E","R","?","T","M","R","$","E","M","R","B",null,"M","M","?","M","$","E"],"character_chosen":"DEFECT","items_purchased":["Melter","White Noise","Glacier","Bronze Scales","Sling","Auto Shields"],"campfire_rested":2,"item_purchase_floors":[4,4,12,12,22,22],"current_hp_per_floor":[67,67,67,67,64,26,26,26,26,13,35,35,24,22,44,5,58,35,35,35,5,5,0,0],"gold":2,"neow_bonus":"HUNDRED_GOLD","is_daily":false,"chose_seed":false,"campfire_upgraded":1,"win_rate":0.0,"timestamp":1614092537,"path_taken":["M","?","M","$","M","E","R","?","T","M","R","$","E","?","R","BOSS","M","M","?","M","$","E"],"items_purchased_type":["Card","Card","Card","Relic","Relic","Card"],"build_version":"2020-12-22","purchased_purges":0,"victory":false,"max_hp_per_floor":[75,75,75,75,75,75,75,75,75,75,75,75,75,75,75,75,75,75,75,75,75,75,75,75],"card_choices":[{"not_picked":["Sweeping Beam","Rebound"],"picked":"Streamline","floor":1},{"not_picked":["Stack","Turbo"],"picked":"Cold Snap","floor":2},{"not_picked":["Steam","Hello World"],"picked":"Sweeping Beam","floor":3},{"not_picked":["Steam","Biased Cognition"],"picked":"Static Discharge","floor":5},{"not_picked":["Double Energy","Aggregate"],"picked":"Rip and Tear","floor":6},{"not_picked":["Gash","Stack","Redo"],"picked":"SKIP","floor":10},{"not_picked":["Fusion","Lockon"],"picked":"Rebound","floor":13},{"not_picked":["Auto Shields","Ball Lightning"],"picked":"Leap","floor":14},{"not_picked":["Thunder Strike","Meteor Strike"],"picked":"Fission","floor":16},{"not_picked":["Cold Snap","Steam+1"],"picked":"Glacier","floor":18},{"not_picked":["Chaos+1","Stack","Redo+1"],"picked":"SKIP","floor":19},{"not_picked":["Beam Cell","Reprogram+1","Turbo"],"picked":"SKIP","floor":21}],"player_experience":294013,"relics_obtained":[{"floor":6,"key":"Frozen Egg 2"},{"floor":9,"key":"Omamori"},{"floor":13,"key":"Smiling Mask"}],"event_choices":[{"cards_removed":["Strike_B"],"damage_healed":0,"gold_gain":0,"player_choice":"Card Removal","damage_taken":0,"max_hp_gain":0,"max_hp_loss":0,"event_name":"Wheel of Change","floor":8,"gold_loss":0},{"damage_healed":0,"gold_gain":0,"player_choice":"Simplicity","damage_taken":0,"max_hp_gain":0,"max_hp_loss":0,"event_name":"Back to Basics","floor":20,"gold_loss":0,"cards_upgraded":["Strike_B","Strike_B","Strike_B","Defend_B","Defend_B","Defend_B","Defend_B"]}],"is_beta":false,"boss_relics":[{"not_picked":["Calling Bell","Snecko Eye"],"picked":"Inserter"}],"items_purged_floors":[],"is_endless":false,"potions_floor_spawned":[3,5,13,19],"killed_by":"Slavers","ascension_level":10}}