{"host":"nnxvcju6x1qybncj","time":1614117227,"event":{"mods":["BaseMod","Block Reminder","Curses Come First","Custom Start","Dark Map","Displayed Cursed Tome","Downfall","Evolution","Jorbs\u0027s Wanderer Trilogy","Minty Spire (QoL Compilation)","Quick Restart","Relic Stats","StSLib"],"gold_per_floor":[110,110,123,18,35,67,67,87,114,132,144,144,160,174,174,247,247,264,179,51,51,51,51,51],"floor_reached":23,"language":"ENG","playtime":756,"items_purged":[],"score":411,"play_id":"d0bd37f1-1d35-43c2-9a57-66e7c40f35bb","local_time":"20210223225347","is_ascension_mode":true,"campfire_choices":[{"data":"Loop","floor":7,"key":"SMITH"},{"floor":12,"key":"REST"},{"floor":15,"key":"REST"}],"circlet_count":0,"master_deck":["AscendersBane","Barrage","Ball Lightning","Barrage","Ball Lightning","Conserve Battery","Defend_B","Defend_B","Defend_B","Zap","Dualcast","Ball Lightning","Loop+1","Ball Lightning","Loop+1","Coolheaded","Self Repair","Reboot","Undo","Leap","Hologram","Coolheaded","Seek","Force Field","Loop","Force Field","RitualDagger"],"relics":["Cracked Core","EVO:Axolotl","Tiny Chest","Regal Pillow","Busted Crown","Strawberry"],"acts_visited":["Exordium","TheCity"],"potions_floor_usage":[6],"damage_taken":[{"damage":0,"enemies":"Jaw Worm","floor":1,"turns":2},{"damage":0,"enemies":"Cultist","floor":3,"turns":3},{"damage":3,"enemies":"Small Slimes","floor":5,"turns":3},{"damage":24,"enemies":"3 Sentries","floor":6,"turns":5},{"damage":12,"enemies":"Blue Slaver","floor":8,"turns":3},{"damage":6,"enemies":"3 Louse","floor":10,"turns":4},{"damage":13,"enemies":"Exordium Wildlife","floor":11,"turns":5},{"damage":1,"enemies":"Looter","floor":13,"turns":3},{"damage":19,"enemies":"Lots of Slimes","floor":14,"turns":3},{"damage":26,"enemies":"Slime Boss","floor":16,"turns":9},{"damage":7,"enemies":"Spheric Guardian","floor":18,"turns":4},{"damage":26,"enemies":"Slavers","floor":23,"turns":3}],"seed_played":"5254338476144622844","potions_obtained":[{"floor":1,"key":"LiquidBronze"},{"floor":8,"key":"Explosive Potion"},{"floor":10,"key":"CultistPotion"},{"floor":11,"key":"FearPotion"}],"is_trial":false,"path_per_floor":["M","?","M","$","M","E","R","M","T","M","M","R","M","M","R","B",null,"M","?","$","?","?","E"],"character_chosen":"DEFECT","items_purchased":["Loop","Coolheaded","Loop","Force Field"],"campfire_rested":2,"item_purchase_floors":[4,4,20,20],"current_hp_per_floor":[64,64,64,64,61,44,44,32,32,33,27,63,62,43,71,52,66,59,66,66,60,38,12,12],"gold":51,"neow_bonus":"THREE_CARDS","is_daily":false,"chose_seed":false,"campfire_upgraded":1,"win_rate":0.0,"timestamp":1614117227,"path_taken":["M","?","M","?","?","E","R","M","T","M","M","R","M","M","R","BOSS","M","?","$","?","?","E"],"items_purchased_type":["Card","Card","Card","Card"],"build_version":"2020-12-22","purchased_purges":0,"victory":false,"max_hp_per_floor":[71,71,71,71,71,71,71,71,71,71,71,71,71,71,71,71,71,71,78,78,78,83,83,83],"relic_stats":{"Regal Pillow":22,"Busted Crown":2,"counters":[12,46],"Tiny Chest":0,"obtain_stats":[{"Regal Pillow":9,"Busted Crown":17,"Strawberry":19,"Tiny Chest":6,"EVO:Axolotl":0,"Cracked Core":0},{"Regal Pillow":5,"Busted Crown":10,"Strawberry":11,"Tiny Chest":4,"EVO:Axolotl":0,"Cracked Core":0},{"Regal Pillow":16,"Busted Crown":39,"Strawberry":43,"Tiny Chest":13,"EVO:Axolotl":0,"Cracked Core":0}]},"card_choices":[{"not_picked":["Streamline","Cold Snap"],"picked":"Ball Lightning","floor":0},{"not_picked":["Lockon","Rebound"],"picked":"Loop","floor":1},{"not_picked":["Reinforced Body","Go for the Eyes"],"picked":"Ball Lightning","floor":3},{"not_picked":["Gash","Double Energy"],"picked":"Self Repair","floor":5},{"not_picked":["Rebound","Compile Driver"],"picked":"Reboot","floor":6},{"not_picked":["Chill","Chaos"],"picked":"Undo","floor":8},{"not_picked":["Sweeping Beam","Ball Lightning"],"picked":"Leap","floor":10},{"not_picked":["Stack","Ball Lightning"],"picked":"Hologram","floor":11},{"not_picked":["Redo","Aggregate","Double Energy"],"picked":"SKIP","floor":13},{"not_picked":["Go for the Eyes","Rainbow"],"picked":"Coolheaded","floor":14},{"not_picked":["Rainbow","Amplify"],"picked":"Seek","floor":16},{"not_picked":[],"picked":"Force Field","floor":18}],"player_experience":722057,"relics_obtained":[{"floor":6,"key":"Tiny Chest"},{"floor":9,"key":"Regal Pillow"}],"event_choices":[{"damage_healed":0,"gold_gain":0,"player_choice":"Grow","damage_taken":0,"max_hp_gain":0,"max_hp_loss":0,"event_name":"Living Wall","floor":2,"gold_loss":0,"cards_upgraded":["Loop"]},{"damage_healed":0,"gold_gain":0,"player_choice":"Obtained Relic","damage_taken":0,"relics_obtained":["Strawberry"],"max_hp_gain":0,"max_hp_loss":0,"event_name":"Addict","floor":19,"gold_loss":85},{"damage_healed":0,"gold_gain":0,"player_choice":"Joined the Cult","damage_taken":6,"max_hp_gain":0,"max_hp_loss":0,"event_name":"Nest","floor":21,"gold_loss":0,"cards_obtained":["RitualDagger"]},{"damage_healed":0,"gold_gain":0,"player_choice":"Shed Blood","damage_taken":27,"max_hp_gain":5,"max_hp_loss":0,"event_name":"Forgotten Altar","floor":22,"gold_loss":0}],"is_beta":false,"boss_relics":[{"not_picked":["Runic Dome","SacredBark"],"picked":"Busted Crown"}],"items_purged_floors":[],"is_endless":false,"potions_floor_spawned":[1,8,10,11,16],"killed_by":"Slavers","ascension_level":20}}