{"host":"zmzacdglms6ret13","time":1614049633,"event":{"mods":["Act Like it!","BaseMod","Colored Map","Decade(王小明)","Downfall","Energized Spire","Highlight Path","Marisa（F雨　魔理沙）","Minty Spire (QoL Compilation)","MostiFishMod","Pale of the Ancients","Quick Restart","Replay The Spire","RumiaBox-露米娅的神秘盒子","SOS（斯巴达之子）","StSLib","Td1madao Mod","The Construct","The Cursed","The IronCluck","The Servant 0.9.4","Waifu the Spire","Warlord Emblem"],"gold_per_floor":[109,129,79,79,93,120,140,171,198,298,314,345,356,107,107,205,205,218,218,218,218,233,262,275,301,301,336,350,360,27,43,43,145,95,114,114,114,125,137,137,170,180,206,206,219,119,119,135,135,135,155,174,208,279,279,294,294,153,153,153],"floor_reached":61,"language":"ZHS","playtime":4603,"items_purged":["Strike_R","MostiFishMod:FireWorks","Replay:Undeath\u0027s Touch","Defend_R"],"score":1653,"play_id":"b97b4e35-b4a6-4bfc-93bd-87f40f066eb1","local_time":"20210223110713","is_ascension_mode":true,"campfire_choices":[{"data":"Armaments","floor":15.0,"key":"SMITH"},{"data":"Barricade","floor":32.0,"key":"SMITH"},{"data":"Entrench","floor":40.0,"key":"SMITH"},{"data":"Evolve","floor":44.0,"key":"SMITH"},{"data":"Entrench","floor":47.0,"key":"SMITH"},{"floor":49.0,"key":"RECALL"},{"data":"Dark Embrace","floor":55.0,"key":"SMITH"},{"data":"MostiFishMod:HellRitual","floor":57,"key":"SMITH"}],"circlet_count":0,"master_deck":["Strike_R+1","Defend_R+1","Entrench+1","True Grit","Fire Breathing","Armaments+1","Body Slam","Barricade+1","Battle Trance","True Grit","Burning Pact","Dark Embrace+1","Evolve+1","Berserk","ReplayReversal","Defy Death","Entrench+1","Exhume","Sentinel+1","Juggernaut","Barricade","MostiFishMod:HellRitual+1","Body Slam"],"relics":["Burning Blood","DaveBox","MostiFishMod:Haymaker","SynthV:TestCard","Tiny Chest","Simple Rune","Toy Ornithopter","Art of War","ChewingGum","Chameleon Ring","The Courier","Strawberry","Orichalcum","King of Hearts","Mirror","energizedSpire:HugeHouse","BionicSphere","Replay:PocketPolymizer","Gremlin Food","paleoftheancients:Timepiece","paleoftheancients:KeyRelic","Bronze Scales","CultistMask","paleoftheancients:SoulOfTheIroncluck","paleoftheancients:SoulOfTheThorton","Sundial"],"acts_visited":["Exordium","TheCity","TheBeyond","TheBeyond"],"potions_floor_usage":[60],"damage_taken":[{"damage":3.0,"enemies":"2 Louse","floor":1.0,"turns":2.0},{"damage":1.0,"enemies":"Cultist","floor":2.0,"turns":4.0},{"damage":1.0,"enemies":"Small Slimes","floor":5.0,"turns":3.0},{"damage":26.0,"enemies":"Gremlin Nob","floor":6.0,"turns":4.0},{"damage":12.0,"enemies":"2 Fungi Beasts","floor":7.0,"turns":3.0},{"damage":25.0,"enemies":"3 Sentries","floor":8.0,"turns":7.0},{"damage":17.0,"enemies":"Exordium Wildlife","floor":11.0,"turns":7.0},{"damage":8.0,"enemies":"Gremlin Nob","floor":12.0,"turns":3.0},{"damage":6.0,"enemies":"Blue Slaver","floor":13.0,"turns":8.0},{"damage":8.0,"enemies":"Hexaghost","floor":16.0,"turns":11.0},{"damage":8.0,"enemies":"3 Byrds","floor":18.0,"turns":6.0},{"damage":4.0,"enemies":"Shell Parasite","floor":22.0,"turns":6.0},{"damage":29.0,"enemies":"Book of Stabbing","floor":23.0,"turns":8.0},{"damage":21.0,"enemies":"Snake Plant","floor":24.0,"turns":7.0},{"damage":0.0,"enemies":"Replay:Snechameleon","floor":25.0,"turns":5.0},{"damage":18.0,"enemies":"Slavers","floor":27.0,"turns":6.0},{"damage":4.0,"enemies":"Chosen and Byrds","floor":28.0,"turns":6.0},{"damage":4.0,"enemies":"3 Cultists","floor":29.0,"turns":5.0},{"damage":7.0,"enemies":"Snake Plant","floor":31.0,"turns":6.0},{"damage":7.0,"enemies":"Automaton","floor":33.0,"turns":8.0},{"damage":28.0,"enemies":"3 Darklings","floor":35.0,"turns":2.0},{"damage":7.0,"enemies":"Orb Walker","floor":38.0,"turns":6.0},{"damage":9.0,"enemies":"Jaw Worm Horde","floor":39.0,"turns":4.0},{"damage":14.0,"enemies":"R_Hoarder","floor":41.0,"turns":15.0},{"damage":5.0,"enemies":"Sphere and 2 Shapes","floor":42.0,"turns":5.0},{"damage":0.0,"enemies":"3 Darklings","floor":45.0,"turns":5.0},{"damage":0.0,"enemies":"4 Shapes","floor":48.0,"turns":3.0},{"damage":11.0,"enemies":"Time Eater","floor":50.0,"turns":7.0},{"damage":0.0,"enemies":"Time Eater","floor":51.0,"turns":5.0},{"damage":0.0,"enemies":"Time Eater","floor":52.0,"turns":4.0},{"damage":0.0,"enemies":"paleoftheancients:Thorton2","floor":53.0,"turns":3.0},{"damage":0,"enemies":"paleoftheancients:Thorton2","floor":56,"turns":5},{"damage":0,"enemies":"paleoftheancients:N","floor":60,"turns":5}],"seed_played":"-6993376467628489860","potions_obtained":[{"floor":2.0,"key":"BloodPotion"},{"floor":5.0,"key":"Energy Potion"},{"floor":7.0,"key":"Elixir"},{"floor":13.0,"key":"Block Potion"},{"floor":16.0,"key":"LiquidBronze"},{"floor":22.0,"key":"Adrenaline Potion"},{"floor":23.0,"key":"Milkshake"},{"floor":24.0,"key":"Fruit Juice"},{"floor":28.0,"key":"Swift Potion"},{"floor":33.0,"key":"Swift Potion"},{"floor":42.0,"key":"Adrenaline Potion"},{"floor":45.0,"key":"LifebloodPotion"},{"floor":51.0,"key":"ElixirPotion"},{"floor":56,"key":"Adrenaline Potion"}],"is_trial":false,"path_per_floor":["M","M","?","?","M","E","M","E","T","?","M","E","M","$","R","B",null,"M","T","?","?","M","E","M","E","T","E","M","M","$","M","R","B",null,"M","?","T","M","M","R","E","M","T","R","M","$","R","M","R_BF","B","M","M","M","T","R","M","R","$","?","B",null],"character_chosen":"IRONCLAD","items_purchased":["Body Slam","Art of War","Dark Embrace","Mirror","Body Slam"],"campfire_rested":0,"item_purchase_floors":[14,14,30,30,58],"current_hp_per_floor":[88,88,88,88,88,68,62,43,43,43,32,30,30,30,30,33,88,86,86,86,86,88,88,85,98,98,86,88,95,95,94,94,93,97,75,75,75,74,76,76,79,80,80,80,86,86,86,92,92,97,97,97,97,97,97,97,97,97,97,97],"gold":153,"neow_bonus":"TEN_PERCENT_HP_BONUS","is_daily":false,"chose_seed":false,"campfire_upgraded":7,"win_rate":0.0,"timestamp":1614049633,"path_taken":["M","M","?","?","?","E","?","E","T","?","M","E","?","$","R","BOSS","M","?","?","?","M","E","M","E","T","E","M","M","$","M","R","BOSS","M","?","?","M","?","R","E","M","T","R","M","$","R","M","R_BF","BOSS","M","M","?","T","R","M","R","$","?","BOSS"],"items_purchased_type":["Card","Relic","Card","Relic","Card"],"build_version":"2020-12-22","purchased_purges":4,"victory":true,"max_hp_per_floor":[88,88,88,88,88,88,88,88,88,88,88,88,88,88,88,88,88,88,88,88,88,88,88,95,102,102,102,102,102,102,102,102,102,97,97,97,97,97,97,97,97,97,97,97,97,97,97,97,97,97,97,97,97,97,97,97,97,97,97,97],"card_choices":[{"not_picked":["Flex","Combust"],"picked":"Shrug It Off","floor":1.0},{"not_picked":["ReplayTheSpireMod:Stacked","Cleave","Heavy Blade","ReplayTheSpireMod:Strike From Hell"],"picked":"Entrench","floor":2.0},{"not_picked":["Battle Trance","ReplayTheSpireMod:LeadingStrike","Sword Boomerang","Inflame"],"picked":"True Grit","floor":5.0},{"not_picked":["Replay:Undeath\u0027s Touch","ReplayTheSpireMod:Strike From Hell","Intimidate","Thunderclap"],"picked":"Fire Breathing","floor":6.0},{"not_picked":["Wild Strike","Pommel Strike","Havoc","Searing Blow"],"picked":"Armaments","floor":7.0},{"not_picked":["Defy Death","Cleave","Perfected Strike","Blood for Blood","Rampage"],"picked":"SKIP","floor":8.0},{"not_picked":["True Grit","Clash","Uppercut","Wild Strike","Havoc"],"picked":"SKIP","floor":11.0},{"not_picked":["Exhume","Heavy Blade","ReplayTheSpireMod:Strike From Hell","Clothesline"],"picked":"Power Through","floor":12.0},{"not_picked":["Clash","Anger","Heavy Blade","Flex","Pommel Strike"],"picked":"SKIP","floor":13.0},{"not_picked":["Berserk","Juggernaut","Bludgeon","MostiFishMod:NewArrival"],"picked":"Barricade","floor":16.0},{"not_picked":["Metallicize","Twin Strike","Anger","Cleave"],"picked":"Battle Trance","floor":18.0},{"not_picked":["Dual Wield+1","Perfected Strike","Thunderclap","Infernal Blade+1","Battle Trance"],"picked":"SKIP","floor":22.0},{"not_picked":["Hemokinesis+1","Wild Strike","ReplayTheSpireMod:Corrosion Curse","Thunderclap","Headbutt+1"],"picked":"SKIP","floor":23.0},{"not_picked":["Wild Strike+1","Sword Boomerang","True Grit","Anger","Inflame"],"picked":"SKIP","floor":24.0},{"not_picked":["Twin Strike","Exhume","Reckless Charge+1","Carnage+1","Eclipse"],"picked":"SKIP","floor":25.0},{"not_picked":["Anger","Clothesline+1","Shrug It Off","MostiFishMod:#F4004+1","Bludgeon"],"picked":"SKIP","floor":27.0},{"not_picked":["Shrug It Off","Replay:Undeath\u0027s Touch+1","Ghostly Armor+1","Spot Weakness"],"picked":"Burning Pact","floor":28.0},{"not_picked":["Havoc+1","Wild Strike+1","Disarm","Searing Blow+1","Warcry"],"picked":"SKIP","floor":29.0},{"not_picked":["Wild Strike+1","Perfected Strike","Body Slam+1","Run Through"],"picked":"Evolve","floor":31.0},{"not_picked":["Fiend Fire","Hemogenesis","MostiFishMod:RainCloud","MostiFishMod:Mania"],"picked":"Berserk","floor":33.0},{"not_picked":["True Grit","Iron Wave","Flex","ReplayTheSpireMod:Stacked+1","Warcry+1"],"picked":"SKIP","floor":35.0},{"not_picked":["Clothesline+1","Wild Strike+1","Combust","Flex","Warcry+1"],"picked":"SKIP","floor":38.0},{"not_picked":["ReplayTheSpireMod:Strike From Hell","Hemokinesis","Brutality","Pommel Strike+1","Anger"],"picked":"SKIP","floor":39.0},{"not_picked":["Sword Boomerang+1","Thunderclap","ReplayTheSpireMod:Strike From Hell+1","Headbutt"],"picked":"ReplayReversal","floor":41.0},{"not_picked":["Carnage","Heavy Blade+1","Perfected Strike","Searing Blow+1","Sword Boomerang+1"],"picked":"SKIP","floor":42.0},{"not_picked":["Sword Boomerang+1","Dual Wield","Iron Wave","Shrug It Off+1"],"picked":"Entrench","floor":45.0},{"not_picked":["Metallicize+1","Shrug It Off+1","Disarm","Pommel Strike","Replay:Undeath\u0027s Touch"],"picked":"SKIP","floor":48.0},{"not_picked":["Perfected Strike+1","Heavy Blade+1","Wild Strike+1","Sword Boomerang"],"picked":"Sentinel+1","floor":51.0},{"not_picked":["MostiFishMod:BrandingRite+1","ReplayTheSpireMod:Limb From Limb","Shrug It Off","Uppercut"],"picked":"Juggernaut","floor":52.0},{"not_picked":["Perfected Strike+1","Infernal Blade","Power Through","Anger+1","MostiFishMod:#F4004"],"picked":"SKIP","floor":53.0},{"not_picked":["Run Through","Iron Wave+1","Thunderclap","Sever Soul+1","Twin Strike+1"],"picked":"SKIP","floor":56}],"player_experience":380758,"relics_obtained":[{"floor":1.0,"key":"SynthV:TestCard"},{"floor":6.0,"key":"Tiny Chest"},{"floor":8.0,"key":"Simple Rune"},{"floor":12.0,"key":"Toy Ornithopter"},{"floor":19.0,"key":"Chameleon Ring"},{"floor":23.0,"key":"The Courier"},{"floor":25.0,"key":"Strawberry"},{"floor":26.0,"key":"Orichalcum"},{"floor":27.0,"key":"King of Hearts"},{"floor":37.0,"key":"BionicSphere"},{"floor":41.0,"key":"Replay:PocketPolymizer"},{"floor":43.0,"key":"Gremlin Food"},{"floor":52.0,"key":"paleoftheancients:SoulOfTheIroncluck"},{"floor":53.0,"key":"paleoftheancients:SoulOfTheThorton"},{"floor":54.0,"key":"Sundial"}],"event_choices":[{"cards_removed":["Defend_R"],"damage_healed":0.0,"max_hp_gain":0.0,"max_hp_loss":0.0,"gold_gain":0.0,"event_name":"The Cleric","player_choice":"Card Removal","floor":3.0,"gold_loss":50.0,"damage_taken":0.0},{"damage_healed":0.0,"max_hp_gain":0.0,"max_hp_loss":0.0,"gold_gain":0.0,"cards_transformed":["Strike_R"],"event_name":"Transmorgrifier","player_choice":"Transformed","floor":4.0,"gold_loss":0.0,"damage_taken":0.0,"cards_obtained":["Replay:Undeath\u0027s Touch"]},{"damage_healed":0.0,"max_hp_gain":0.0,"max_hp_loss":0.0,"gold_gain":100.0,"event_name":"Golden Shrine","player_choice":"Pray","floor":10.0,"gold_loss":0.0,"damage_taken":0.0},{"damage_healed":0.0,"max_hp_gain":0.0,"max_hp_loss":0.0,"gold_gain":0.0,"cards_transformed":["Bash","Strike_R"],"event_name":"Drug Dealer","player_choice":"Became Test Subject","floor":21.0,"gold_loss":0.0,"damage_taken":0.0,"cards_obtained":["True Grit","MostiFishMod:FireWorks"]},{"cards_removed":["Strike_R"],"damage_healed":0.0,"max_hp_gain":0.0,"max_hp_loss":0.0,"gold_gain":0.0,"event_name":"Falling","player_choice":"Removed Attack","floor":36.0,"gold_loss":0.0,"damage_taken":0.0}],"is_beta":false,"boss_relics":[{"not_picked":["energizedSpire:MagnifyingGlass","Painkiller Herb"],"picked":"ChewingGum"},{"not_picked":["Empty Cage","AddBug"],"picked":"energizedSpire:HugeHouse"}],"items_purged_floors":[14,30,46,58],"is_endless":false,"potions_floor_spawned":[2,5,7,12,13,16,22,23,24,28,33,42,45,51,56],"ascension_level":3}}