{"host":"hqxy2g3i5ker09hc","time":1614118081,"event":{"mods":["2.2 Compatiblity","AlwaysNeverKeys","Aspiration","BaseMod","Beaked The Cultist","Better Match","Better Note","Better Sensory Stone","Better Silent Start","Better Third Choice","Better-Laid Plans","Conspire","Downfall","GifTheSpireLib","Gold Saver","Hubris","Ironclad Rager","Kalas","Marked Mod","Melee Mod","Minty Spire (QoL Compilation)","MostiFishMod","Nova Terra(??·??)","Permanent Neow","Pikachu Mod","Quarter Circle Forward PUNCH!","Quick Restart","Railgun Mod","Replay The Spire","SIMod","SOS???????","Shop Mod","Small Relic Pack","Spikes Relics","StSLib","Stuff the Spire","The Animator","The Bug Knight","The Forsaken","The Wild Card"],"gold_per_floor":[132,157,110,140,140,140,140,140,140,157,157,183,241,260,260,362,362,402,402,391,238,346,346,402,402,456,387,387,387],"floor_reached":28,"language":"ENG","playtime":3011,"items_purged":["Regret"],"score":260,"play_id":"62e4c353-1429-41c4-ad08-928564dfca11","local_time":"20210223230801","is_ascension_mode":false,"campfire_choices":[{"data":"Swordmaster","floor":6.0,"key":"SMITH"},{"data":"Straight","floor":8.0,"key":"SMITH"},{"data":"Gunstinger","floor":11.0,"key":"SMITH"},{"data":"Pandora","floor":15.0,"key":"SMITH"},{"data":"Shock","floor":23.0,"key":"SMITH"}],"circlet_count":0,"master_deck":["Attack_a","Attack_a","Attack_b","Shoot","Shoot+1","Provocation","Defend_Dante","Defend_Dante","Defend_Dante","Defend_Dante","Redorb","Swordmaster+1","Dash2","Straight+1","BeastUppercut","Gunstinger+1","Pandora+1","Holywater","Swordcombo","Shock","Shock+1","Gunstinger","VitalstarM","Ecstasy+1"],"relics":["SSS","Combocheck","DaveBox","SynthV:TestCard","StuffTheSpire:RedRose","Letter Opener","ReplayTheSpireMod:TigerMarble","relicPack:KazumaCape","Regal Pillow"],"acts_visited":["Exordium","TheCity"],"potions_floor_usage":[28],"damage_taken":[{"damage":8.0,"enemies":"Jaw Worm","floor":1.0,"turns":6.0},{"damage":0.0,"enemies":"conspire:RoseBush","floor":4.0,"turns":4.0},{"damage":0.0,"enemies":"Small Slimes","floor":10.0,"turns":2.0},{"damage":4.0,"enemies":"Blue Slaver","floor":13.0,"turns":3.0},{"damage":5.0,"enemies":"Lots of Slimes","floor":14.0,"turns":3.0},{"damage":0.0,"enemies":"Slime Boss","floor":16.0,"turns":3.0},{"damage":9.0,"enemies":"3 Byrds","floor":18.0,"turns":4.0},{"damage":36.0,"enemies":"Shell Parasite","floor":20.0,"turns":6.0},{"damage":12.0,"enemies":"Centurion and Healer","floor":22.0,"turns":3.0},{"damage":24.0,"enemies":"Cultist and Chosen","floor":24.0,"turns":5.0},{"damage":33.0,"enemies":"Snecko","floor":27.0,"turns":4.0},{"damage":7,"enemies":"Colosseum Slavers","floor":28,"turns":2}],"seed_played":"563475057425296609","potions_obtained":[{"floor":1.0,"key":"DuplicationPotion"},{"floor":10.0,"key":"EntropicBrew"},{"floor":13.0,"key":"LiquidBronze"},{"floor":16.0,"key":"Languid Potion"},{"floor":24.0,"key":"SmokeBomb"},{"floor":27,"key":"Adrenaline Potion"}],"is_trial":false,"path_per_floor":["M","?","$","M","?","R","?","R","T","M","R","T","M","M","R","B",null,"M","?","M","$","M","R","M","?","T","M","?"],"character_chosen":"DANTE","items_purchased":["Straight","Shock"],"campfire_rested":0,"item_purchase_floors":[3,21],"current_hp_per_floor":[72,72,72,72,72,72,72,72,72,72,72,72,68,63,63,63,80,71,71,35,35,27,27,3,29,29,6,0,0],"gold":387,"neow_bonus":"RANDOM_EVENT","is_daily":false,"chose_seed":false,"campfire_upgraded":5,"win_rate":0.0,"timestamp":1614118081,"path_taken":["M","?","$","M","?","R","?","R","T","M","R","?","M","?","R","BOSS","M","?","M","$","M","R","M","?","T","M","?"],"items_purchased_type":["Card","Card"],"build_version":"2020-12-22","purchased_purges":1,"victory":false,"max_hp_per_floor":[80,80,80,80,80,80,80,80,80,80,80,80,80,80,80,80,80,80,80,80,80,80,80,80,80,80,80,80,80],"card_choices":[{"not_picked":["GilgameshcomboA","DT"],"picked":"Dash2","floor":1.0},{"not_picked":["Rebellion","DevilstarS","Hightime","GilgameshcomboA"],"picked":"BeastUppercut","floor":4.0},{"not_picked":["Royaldefend","Straight","BeastUppercut","LucifercomboD"],"picked":"Gunstinger","floor":10.0},{"not_picked":["Doubleshoot","BeastUppercut","Hightime","LucifercomboD"],"picked":"Pandora","floor":13.0},{"not_picked":["Swordmaster","Lucifer","LucifercomboD","Weaponchange"],"picked":"Holywater","floor":14.0},{"not_picked":["Goldorb","Airtrick","Trickster","Weaponreturn"],"picked":"Swordcombo","floor":16.0},{"not_picked":["Dash1","Weaponupgrade","Gunstinger","SSScard","Pandora"],"picked":"SKIP","floor":18.0},{"not_picked":["Dash1","Weaponupgrade","Hightime","Gilgamesh"],"picked":"Shock","floor":20.0},{"not_picked":["DT","EbonyIvory","GilgameshcomboA","Holywater"],"picked":"Gunstinger","floor":22.0},{"not_picked":["Pandora","Greenorb","Millionkick","Unrisingdragon"],"picked":"VitalstarM","floor":24.0},{"not_picked":["Swordmaster+1","Greenorb+1","GilgameshcomboA","Gunstinger"],"picked":"Ecstasy+1","floor":27}],"player_experience":693117,"relics_obtained":[{"floor":1.0,"key":"SynthV:TestCard"},{"floor":9.0,"key":"Letter Opener"},{"floor":12.0,"key":"ReplayTheSpireMod:TigerMarble"},{"floor":26.0,"key":"Regal Pillow"}],"event_choices":[{"damage_healed":0.0,"max_hp_gain":0.0,"max_hp_loss":0.0,"gold_gain":0.0,"event_name":"betterNote:BetterNote","player_choice":"Ignored","floor":19.0,"gold_loss":0.0,"damage_taken":0.0,"cards_obtained":["Defend_G"]},{"damage_healed":26.0,"max_hp_gain":0.0,"max_hp_loss":0.0,"gold_gain":0.0,"event_name":"The Library","player_choice":"Heal","floor":25.0,"gold_loss":0.0,"damage_taken":0.0},{"damage_healed":0,"gold_gain":0,"player_choice":"Fight","damage_taken":0,"max_hp_gain":0,"max_hp_loss":0,"event_name":"Colosseum","floor":28,"gold_loss":0}],"is_beta":false,"boss_relics":[{"not_picked":["conspire:SeveredTorchhead","Runic Pyramid"],"picked":"relicPack:KazumaCape"}],"items_purged_floors":[21],"is_endless":false,"potions_floor_spawned":[1,10,13,16,24,27],"killed_by":"Colosseum Slavers","ascension_level":0}}