{"host":"jegehu1t82aiec5j","time":1614083463,"event":{"mods":["BaseMod","Colored Map","Minty Spire (QoL Compilation)","Relic Stats","StSLib"],"gold_per_floor":[116,116,132,132,143,169,169,190,190,210,228,50,50,76,76,173,173,188,188,188,202,112,137,137,165,165,165,192,192,225,248,248,354,354,378,396,455,102,131,166,166,200,200,220,72,105,105,127,127,127],"floor_reached":51,"language":"ENG","playtime":2843,"items_purged":["Strike_P","Strike_P+1"],"score":1029,"play_id":"7a56c070-de9b-4589-84a5-a6f6035b90f2","local_time":"20210223073103","is_ascension_mode":true,"campfire_choices":[{"floor":7.0,"key":"REST"},{"data":"LikeWater","floor":15.0,"key":"SMITH"},{"data":"Fasting2","floor":24.0,"key":"SMITH"},{"data":"MentalFortress","floor":27.0,"key":"SMITH"},{"floor":32.0,"key":"REST"},{"floor":41,"key":"RECALL"},{"floor":49,"key":"REST"}],"circlet_count":0,"master_deck":["Defend_P+1","Defend_P+1","Defend_P+1","Defend_P+1","Eruption","Vigilance","EmptyFist","Adaptation","LikeWater+1","CutThroughFate","ClearTheMind","CarveReality","MentalFortress+1","JustLucky","Fasting2+1","InnerPeace","DevaForm","SandsOfTime+1","Wallop+1","FlurryOfBlows","SashWhip","Omniscience","JustLucky","Panacea","Good Instincts","EmptyBody+1","Master of Strategy","FlurryOfBlows+1","Evaluate","ThirdEye+1","Wallop+1","SpiritShield"],"relics":["SacredBark","WarpedTongs","Yang","MealTicket","Odd Mushroom","Bottled Lightning","Bird Faced Urn","Cursed Key","CeramicFish","Pen Nib","Fusion Hammer","Mango","Strawberry","White Beast Statue","DollysMirror","Bag of Marbles"],"acts_visited":["Exordium","TheCity","TheBeyond"],"potions_floor_usage":[40,42,48,50,50,50,50,50,50],"damage_taken":[{"damage":3.0,"enemies":"2 Louse","floor":1.0,"turns":3.0},{"damage":0.0,"enemies":"Small Slimes","floor":3.0,"turns":3.0},{"damage":0.0,"enemies":"Cultist","floor":5.0,"turns":4.0},{"damage":18.0,"enemies":"3 Sentries","floor":6.0,"turns":10.0},{"damage":5.0,"enemies":"The Mushroom Lair","floor":8.0,"turns":4.0},{"damage":0.0,"enemies":"Blue Slaver","floor":10.0,"turns":5.0},{"damage":3.0,"enemies":"Looter","floor":11.0,"turns":3.0},{"damage":16.0,"enemies":"Gremlin Nob","floor":14.0,"turns":3.0},{"damage":21.0,"enemies":"Hexaghost","floor":16.0,"turns":12.0},{"damage":6.0,"enemies":"Spheric Guardian","floor":18.0,"turns":6.0},{"damage":12.0,"enemies":"Chosen","floor":21.0,"turns":5.0},{"damage":14.0,"enemies":"Gremlin Leader","floor":23.0,"turns":6.0},{"damage":0.0,"enemies":"Snake Plant","floor":25.0,"turns":4.0},{"damage":22.0,"enemies":"Centurion and Healer","floor":28.0,"turns":6.0},{"damage":21.0,"enemies":"Book of Stabbing","floor":30.0,"turns":6.0},{"damage":10.0,"enemies":"Chosen and Byrds","floor":31.0,"turns":5.0},{"damage":43.0,"enemies":"Automaton","floor":33.0,"turns":8.0},{"damage":3.0,"enemies":"3 Darklings","floor":35.0,"turns":4.0},{"damage":7.0,"enemies":"Mind Bloom Boss Battle","floor":37.0,"turns":7.0},{"damage":2,"enemies":"3 Shapes","floor":39,"turns":6},{"damage":0,"enemies":"Reptomancer","floor":40,"turns":5},{"damage":6,"enemies":"Nemesis","floor":42,"turns":7},{"damage":9,"enemies":"Spire Growth","floor":44,"turns":6},{"damage":11,"enemies":"Giant Head","floor":46,"turns":7},{"damage":9,"enemies":"4 Shapes","floor":48,"turns":4},{"damage":3,"enemies":"Awakened One","floor":50,"turns":12}],"seed_played":"2402595697430882452","potions_obtained":[{"floor":3.0,"key":"Weak Potion"},{"floor":6.0,"key":"LiquidMemories"},{"floor":10.0,"key":"Fire Potion"},{"floor":16.0,"key":"FearPotion"},{"floor":25.0,"key":"EssenceOfSteel"},{"floor":33.0,"key":"SteroidPotion"},{"floor":37.0,"key":"EssenceOfSteel"},{"floor":40,"key":"Weak Potion"},{"floor":44,"key":"EntropicBrew"},{"floor":46,"key":"SteroidPotion"},{"floor":48,"key":"AttackPotion"}],"is_trial":false,"path_per_floor":["M","?","M","?","M","E","R","?","T","M","M","$","?","E","R","B",null,"M","?","?","M","?","E","R","M","T","R","M","T","E","M","R","B",null,"M","?","?","$","M","E","R","E","T","M","$","E","?","M","R","B",null],"character_chosen":"WATCHER","items_purchased":["JustLucky","Fasting2","Master of Strategy","CultistPotion","DollysMirror"],"campfire_rested":3,"item_purchase_floors":[12,12,38,38,45],"current_hp_per_floor":[69,44,44,44,44,26,47,42,42,42,39,54,54,38,38,23,60,64,64,64,60,60,56,56,66,66,66,54,54,41,41,62,29,61,70,60,77,86,84,93,93,91,91,88,93,83,83,78,93,93],"gold":127,"neow_bonus":"BOSS_RELIC","is_daily":false,"chose_seed":false,"campfire_upgraded":3,"win_rate":0.0,"timestamp":1614083463,"path_taken":["M","?","M","?","?","E","R","?","T","M","M","$","?","E","R","BOSS","M","?","?","M","?","E","R","M","T","R","?","?","E","M","R","BOSS","M","?","?","$","M","E","R","E","T","M","?","E","?","M","R","BOSS"],"items_purchased_type":["Card","Card","Card","Potion","Relic"],"build_version":"2020-12-22","purchased_purges":2,"victory":true,"max_hp_per_floor":[72,72,72,72,72,72,72,72,72,72,72,72,72,72,72,72,72,72,72,72,72,72,72,72,72,72,72,72,72,72,72,72,72,72,72,72,86,86,86,93,93,93,93,93,93,93,93,93,93,93],"relic_stats":{"counters":[26,151],"Bird Faced Urn":[124],"CeramicFish":126,"Yang":[336],"MealTicket":29,"Pen Nib":[18],"Cursed Key":0,"obtain_stats":[{"SacredBark":0,"CeramicFish":23,"Yang":2,"Mango":37,"Pen Nib":30,"Odd Mushroom":8,"Cursed Key":17,"White Beast Statue":42,"WarpedTongs":1,"DollysMirror":45,"Bird Faced Urn":14,"Strawberry":40,"MealTicket":6,"Fusion Hammer":34,"Bag of Marbles":46,"Bottled Lightning":9,"PureWater":0},{"SacredBark":0,"CeramicFish":12,"Yang":1,"Mango":19,"Pen Nib":15,"Odd Mushroom":5,"Cursed Key":9,"White Beast Statue":22,"WarpedTongs":1,"DollysMirror":23,"Bird Faced Urn":8,"Strawberry":21,"MealTicket":4,"Fusion Hammer":17,"Bag of Marbles":24,"Bottled Lightning":5,"PureWater":0},{"SacredBark":0,"CeramicFish":64,"Yang":3,"Mango":104,"Pen Nib":80,"Odd Mushroom":24,"Cursed Key":47,"White Beast Statue":122,"WarpedTongs":1,"DollysMirror":128,"Bird Faced Urn":35,"Strawberry":115,"MealTicket":20,"Fusion Hammer":93,"Bag of Marbles":135,"Bottled Lightning":24,"PureWater":0}],"WarpedTongs":[146]},"card_choices":[{"not_picked":["SashWhip","SignatureMove"],"picked":"EmptyFist","floor":1.0},{"not_picked":["PathToVictory","Sanctity"],"picked":"Adaptation","floor":3.0},{"not_picked":["JustLucky","WreathOfFlame"],"picked":"LikeWater","floor":5.0},{"not_picked":["BowlingBash","SashWhip"],"picked":"CutThroughFate","floor":6.0},{"not_picked":["SignatureMove","SashWhip"],"picked":"ClearTheMind","floor":8.0},{"not_picked":["Halt","Crescendo"],"picked":"CarveReality","floor":10.0},{"not_picked":["Halt","EmptyFist"],"picked":"MentalFortress","floor":11.0},{"not_picked":["Ragnarok","EmptyFist"],"picked":"InnerPeace","floor":14.0},{"not_picked":["Brilliance","Omniscience"],"picked":"DevaForm","floor":16.0},{"not_picked":["CrushJoints","InnerPeace","Prostrate"],"picked":"SKIP","floor":18.0},{"not_picked":["Crescendo","EmptyFist"],"picked":"SandsOfTime","floor":21.0},{"not_picked":["Protect","ClearTheMind","WindmillStrike"],"picked":"SKIP","floor":23.0},{"not_picked":["InnerPeace","FlyingSleeves"],"picked":"Wallop+1","floor":25.0},{"not_picked":["EmptyBody","Halt"],"picked":"FlurryOfBlows","floor":28.0},{"not_picked":["ClearTheMind","Prostrate","SpiritShield"],"picked":"SKIP","floor":30.0},{"not_picked":["Crescendo","SignatureMove+1"],"picked":"SashWhip","floor":31.0},{"not_picked":["Establishment","Devotion"],"picked":"Omniscience","floor":33.0},{"not_picked":["InnerPeace","FollowUp+1"],"picked":"JustLucky","floor":35.0},{"not_picked":["Jack Of All Trades","Finesse"],"picked":"Panacea","floor":36.0},{"not_picked":["Swift Strike","Impatience"],"picked":"Good Instincts","floor":36.0},{"not_picked":["FlyingSleeves+1","CutThroughFate"],"picked":"EmptyBody+1","floor":37.0},{"not_picked":["SashWhip+1","Study+1"],"picked":"FlurryOfBlows+1","floor":39},{"not_picked":["Crescendo+1","Collect","ClearTheMind"],"picked":"SKIP","floor":40},{"not_picked":["Wireheading+1","FollowUp"],"picked":"Evaluate","floor":42},{"not_picked":["ReachHeaven+1","ForeignInfluence"],"picked":"ThirdEye+1","floor":44},{"not_picked":["BowlingBash+1","EmptyFist+1","Perseverance+1"],"picked":"SKIP","floor":46},{"not_picked":["Study","Halt"],"picked":"SpiritShield","floor":48}],"player_experience":2634040,"relics_obtained":[{"floor":6.0,"key":"MealTicket"},{"floor":8.0,"key":"Odd Mushroom"},{"floor":9.0,"key":"Bottled Lightning"},{"floor":14.0,"key":"Bird Faced Urn"},{"floor":23.0,"key":"CeramicFish"},{"floor":30.0,"key":"Pen Nib"},{"floor":37.0,"key":"Mango"},{"floor":40,"key":"Strawberry"},{"floor":42,"key":"White Beast Statue"},{"floor":46,"key":"Bag of Marbles"}],"event_choices":[{"damage_healed":0.0,"max_hp_gain":0.0,"max_hp_loss":0.0,"gold_gain":0.0,"event_name":"Scrap Ooze","player_choice":"Success","floor":2.0,"gold_loss":0.0,"damage_taken":25.0,"relics_obtained":["Yang"]},{"cards_removed":["Strike_P"],"damage_healed":0.0,"max_hp_gain":0.0,"max_hp_loss":0.0,"gold_gain":0.0,"event_name":"Bonfire Elementals","player_choice":"Offered Basic","floor":4.0,"gold_loss":0.0,"damage_taken":0.0},{"damage_healed":0.0,"max_hp_gain":0.0,"max_hp_loss":0.0,"gold_gain":0.0,"event_name":"Mushrooms","player_choice":"Fought Mushrooms","floor":8.0,"gold_loss":0.0,"damage_taken":0.0},{"damage_healed":0.0,"max_hp_gain":0.0,"max_hp_loss":0.0,"gold_gain":0.0,"event_name":"Liars Game","player_choice":"Ignored","floor":13.0,"gold_loss":0.0,"damage_taken":0.0},{"damage_healed":0.0,"max_hp_gain":0.0,"max_hp_loss":0.0,"gold_gain":0.0,"event_name":"Ghosts","player_choice":"Ignored","floor":19.0,"gold_loss":0.0,"damage_taken":0.0},{"damage_healed":0.0,"max_hp_gain":0.0,"max_hp_loss":0.0,"gold_gain":0.0,"event_name":"Back to Basics","player_choice":"Simplicity","floor":20.0,"gold_loss":0.0,"damage_taken":0.0,"cards_upgraded":["Strike_P","Strike_P","Defend_P","Defend_P","Defend_P","Defend_P"]},{"cards_removed":["Strike_P"],"damage_healed":0.0,"max_hp_gain":0.0,"max_hp_loss":0.0,"gold_gain":0.0,"event_name":"Designer","player_choice":"Upgrade and Remove","floor":22.0,"gold_loss":90.0,"damage_taken":0.0,"cards_upgraded":["SandsOfTime"]},{"damage_healed":0.0,"max_hp_gain":0.0,"max_hp_loss":0.0,"gold_gain":0.0,"event_name":"SensoryStone","player_choice":"Memory 3","floor":36.0,"gold_loss":0.0,"damage_taken":10.0},{"damage_healed":0.0,"max_hp_gain":0.0,"max_hp_loss":0.0,"gold_gain":0.0,"event_name":"MindBloom","player_choice":"Fight","floor":37.0,"gold_loss":0.0,"damage_taken":0.0},{"damage_healed":0,"gold_gain":0,"player_choice":"Ignored","damage_taken":0,"max_hp_gain":0,"max_hp_loss":0,"event_name":"Mysterious Sphere","floor":47,"gold_loss":0}],"is_beta":false,"boss_relics":[{"not_picked":["Busted Crown","Calling Bell"],"picked":"Cursed Key"},{"not_picked":["Black Star","Empty Cage"],"picked":"Fusion Hammer"}],"items_purged_floors":[12,38],"is_endless":false,"potions_floor_spawned":[3,6,10,16,25,33,37,40,44,46,48],"ascension_level":5}}