{"host":"7wwmf5ihvdzput8s","time":1614093738,"event":{"mods":["BaseMod","Minty Spire (QoL Compilation)","Quick Restart","Replay The Spire","StSLib","UnlockEverythingMod"],"gold_per_floor":[114,114,130,130,150,185,185,212,212,238,260,260,301,316,316,411,411,429,354,368,368,268,299,330,373,373,416,449,324,394,394,394,487,487,502,502,529,205,238,271,307,334,334,369,211,245,286,330,330,330,330],"floor_reached":52,"language":"ZHS","playtime":754,"items_purged":["Bloodletting","Conclude","Bane"],"score":2913,"play_id":"e93a5aee-7552-463a-9f4a-ca0905ff795b","local_time":"20210223232218","daily_mods":["SealedDeck","Vintage","Green Cards","Purple Cards","Heirloom","Time Dilation","Flight","DeadlyEvents","Elite Swarm","Lethality","Night Terrors"],"is_ascension_mode":true,"campfire_choices":[{"data":"Heavy Blade","floor":7.0,"key":"SMITH"},{"data":"Pommel Strike","floor":15.0,"key":"SMITH"},{"floor":32.0,"key":"DIG"},{"floor":49,"key":"DIG"}],"circlet_count":0,"master_deck":["AscendersBane","CutThroughFate+1","FlurryOfBlows+1","Sword Boomerang+1","Dagger Throw","Heavy Blade+1","Clash","Pommel Strike+1","Scrawl+1","Limit Break+1","Consecrate+1","Adrenaline+1","Ragnarok+1"],"relics":["Unceasing Top","Magic Flower","Counterbalance","NeowsBlessing","Mirror","Ice Cream","Centennial Puzzle","Anchor","Golden Egg","Iron Hammer","Tiny Chest","Odd Mushroom","Golden Idol","Replay:Ringing Soul","Lizard Tail","ReplayTheSpireMod:DimensionalGlitch","Kunai","Self Forming Clay","NeowsBlessing","Bag of Marbles","Ginger","FossilizedHelix","Replay:Bottled Flurry","Boot","Shovel","Ornamental Fan","NeowsBlessing","Molten Egg 2","Runic Cube","Regal Pillow","Oddly Smooth Stone","Potion Belt","Replay:Baseball","Nunchaku","TungstenRod","Art of War","MealTicket","Replay:Bottled Eggs","Pen Nib","StrikeDummy","Whetstone","InkBottle"],"acts_visited":["Exordium","TheCity","TheBeyond"],"potions_floor_usage":[39,46,51,51],"damage_taken":[{"damage":0.0,"enemies":"2 Louse","floor":1.0,"turns":1.0},{"damage":0.0,"enemies":"Small Slimes","floor":3.0,"turns":1.0},{"damage":0.0,"enemies":"Cultist","floor":5.0,"turns":1.0},{"damage":0.0,"enemies":"Replay:BlueRogue","floor":6.0,"turns":1.0},{"damage":3.0,"enemies":"3 Sentries","floor":8.0,"turns":1.0},{"damage":3.0,"enemies":"Replay:BlueRogue","floor":10.0,"turns":1.0},{"damage":6.0,"enemies":"The Mushroom Lair","floor":11.0,"turns":1.0},{"damage":3.0,"enemies":"Gremlin Nob","floor":13.0,"turns":1.0},{"damage":3.0,"enemies":"Looter","floor":14.0,"turns":1.0},{"damage":9.0,"enemies":"Slime Boss","floor":16.0,"turns":1.0},{"damage":5.0,"enemies":"2 Thieves","floor":18.0,"turns":1.0},{"damage":0.0,"enemies":"Shell Parasite","floor":20.0,"turns":1.0},{"damage":0.0,"enemies":"Book of Stabbing","floor":23.0,"turns":1.0},{"damage":0.0,"enemies":"Replay:Snechameleon","floor":24.0,"turns":1.0},{"damage":0.0,"enemies":"Gremlin Leader","floor":25.0,"turns":1.0},{"damage":0.0,"enemies":"Replay:Snechameleon","floor":27.0,"turns":1.0},{"damage":0.0,"enemies":"Book of Stabbing","floor":28.0,"turns":1.0},{"damage":0.0,"enemies":"Automaton","floor":33.0,"turns":1.0},{"damage":0.0,"enemies":"Orb Walker","floor":35.0,"turns":1.0},{"damage":0,"enemies":"R_Hoarder","floor":40,"turns":1},{"damage":0,"enemies":"Reptomancer","floor":41,"turns":1},{"damage":0,"enemies":"Nemesis","floor":44,"turns":1},{"damage":0,"enemies":"R_Hoarder","floor":46,"turns":1},{"damage":0,"enemies":"Nemesis","floor":47,"turns":1},{"damage":0,"enemies":"R_Hoarder","floor":48,"turns":1},{"damage":0,"enemies":"Replay:Hell Engine","floor":50,"turns":1},{"damage":0,"enemies":"Time Eater","floor":51,"turns":1}],"seed_played":"3568455156302610909","potions_obtained":[{"floor":1.0,"key":"BloodPotion"},{"floor":5.0,"key":"SteroidPotion"},{"floor":11.0,"key":"ElixirPotion"},{"floor":13.0,"key":"Toxic Potion"},{"floor":20.0,"key":"BlessingOfTheForge"},{"floor":25.0,"key":"Energy Potion"},{"floor":35.0,"key":"Adrenaline Potion"},{"floor":39,"key":"BloodPotion"},{"floor":39,"key":"LiquidMemories"},{"floor":39,"key":"Death Potion"},{"floor":47,"key":"SteroidPotion"}],"is_trial":true,"path_per_floor":["M","WH","M","?","M","E","R","E","T","E","?","?","E","M","R","B",null,"M","$","M","WH","$","E","E","E","T","E","E","$","T","WH","R","B",null,"M","?","T","$","?","E","E","T","T","E","$","E","E","E","R","B","B",null],"character_chosen":"IRONCLAD","items_purchased":["Potion Belt","Replay:Baseball","Pen Nib"],"campfire_rested":0,"item_purchase_floors":[38,38,45],"current_hp_per_floor":[68,68,68,63,63,63,63,60,60,57,69,68,65,62,62,53,64,59,59,59,59,59,59,62,62,62,62,62,62,62,62,62,62,69,69,69,69,69,58,61,61,61,61,61,76,76,76,79,79,79,79],"gold":330,"neow_bonus":"THREE_ENEMY_KILL","is_daily":false,"chose_seed":false,"campfire_upgraded":2,"win_rate":0.0,"timestamp":1614093738,"path_taken":["M","WH","M","?","M","E","R","E","T","E","?","?","E","?","R","BOSS","M","$","M","WH","$","E","E","E","T","E","E","$","?","WH","R","BOSS","M","?","?","$","?","E","E","?","T","E","$","E","?","?","R","BOSS","BOSS"],"items_purchased_type":["Relic","Relic","Relic"],"build_version":"2020-12-22","purchased_purges":3,"victory":true,"max_hp_per_floor":[75,75,75,75,75,75,75,75,75,75,75,68,68,68,68,68,68,68,68,68,68,68,68,71,71,71,71,71,71,71,71,71,71,71,71,71,71,71,74,77,77,77,77,77,77,77,77,80,80,80,80],"card_choices":[{"not_picked":["Berserk","Bludgeon","Exhume"],"picked":"SKIP","floor":6.0},{"not_picked":["Corpse Explosion","Doppelganger"],"picked":"Scrawl","floor":8.0},{"not_picked":["Devotion","ReplayTheSpireMod:Necrosis","Die Die Die"],"picked":"SKIP","floor":10.0},{"not_picked":["Bludgeon","Vault","Unload"],"picked":"SKIP","floor":13.0},{"not_picked":["Phantasmal Killer","Establishment","Juggernaut"],"picked":"SKIP","floor":23.0},{"not_picked":["ReplayTheSpireMod:Necrosis","Omniscience"],"picked":"Limit Break","floor":24.0},{"not_picked":["Venomology","Malaise","Berserk"],"picked":"SKIP","floor":25.0},{"not_picked":["Hemogenesis","ReplayTheSpireMod:Necrosis","Storm of Steel"],"picked":"SKIP","floor":27.0},{"not_picked":["Replay:AllIn","Storm of Steel","Bludgeon"],"picked":"SKIP","floor":28.0},{"not_picked":["Halt","Underhanded Strike+1"],"picked":"Consecrate+1","floor":39},{"not_picked":["Offering","ReplayTheSpireMod:From All Sides+1"],"picked":"Adrenaline","floor":40},{"not_picked":["Corruption","A Thousand Cuts","Omniscience"],"picked":"SKIP","floor":41},{"not_picked":["ReplayTheSpireMod:From All Sides+1","SpiritShield","Night Terror"],"picked":"SKIP","floor":44},{"not_picked":["Poison Darts","Brilliance+1","Atom Bomb+1"],"picked":"SKIP","floor":46},{"not_picked":["Grand Finale+1","Brilliance+1","DevaForm"],"picked":"SKIP","floor":47},{"not_picked":["Omniscience","Bludgeon+1"],"picked":"Ragnarok+1","floor":48}],"player_experience":78795,"relics_obtained":[{"floor":1.0,"key":"Counterbalance"},{"floor":3.0,"key":"Mirror"},{"floor":5.0,"key":"Centennial Puzzle"},{"floor":6.0,"key":"Anchor"},{"floor":8.0,"key":"Golden Egg"},{"floor":9.0,"key":"Iron Hammer"},{"floor":10.0,"key":"Tiny Chest"},{"floor":11.0,"key":"Odd Mushroom"},{"floor":13.0,"key":"Replay:Ringing Soul"},{"floor":14.0,"key":"Lizard Tail"},{"floor":18.0,"key":"Kunai"},{"floor":20.0,"key":"Self Forming Clay"},{"floor":23.0,"key":"Bag of Marbles"},{"floor":24.0,"key":"Ginger"},{"floor":25.0,"key":"FossilizedHelix"},{"floor":26.0,"key":"Replay:Bottled Flurry"},{"floor":27.0,"key":"Boot"},{"floor":28.0,"key":"Shovel"},{"floor":30.0,"key":"Ornamental Fan"},{"floor":32.0,"key":"Molten Egg 2"},{"floor":35.0,"key":"Regal Pillow"},{"floor":37.0,"key":"Oddly Smooth Stone"},{"floor":40,"key":"Nunchaku"},{"floor":41,"key":"TungstenRod"},{"floor":42,"key":"Art of War"},{"floor":43,"key":"MealTicket"},{"floor":44,"key":"Replay:Bottled Eggs"},{"floor":46,"key":"StrikeDummy"},{"floor":48,"key":"Whetstone"},{"floor":49,"key":"InkBottle"}],"event_choices":[{"damage_healed":0.0,"max_hp_gain":0.0,"max_hp_loss":0.0,"gold_gain":0.0,"event_name":"Scrap Ooze","player_choice":"Success","floor":4.0,"gold_loss":0.0,"damage_taken":5.0,"relics_obtained":["Ice Cream"]},{"damage_healed":0.0,"max_hp_gain":0.0,"max_hp_loss":0.0,"gold_gain":0.0,"event_name":"Mushrooms","player_choice":"Fought Mushrooms","floor":11.0,"gold_loss":0.0,"damage_taken":0.0},{"damage_healed":0.0,"max_hp_gain":0.0,"max_hp_loss":7.0,"gold_gain":0.0,"event_name":"Golden Idol","player_choice":"Lose Max HP","floor":12.0,"gold_loss":0.0,"damage_taken":0.0,"relics_obtained":["Golden Idol"]},{"damage_healed":0.0,"max_hp_gain":0.0,"max_hp_loss":0.0,"gold_gain":0.0,"event_name":"Tomb of Lord Red Mask","player_choice":"Ignored","floor":36.0,"gold_loss":0.0,"damage_taken":0.0}],"is_beta":false,"boss_relics":[{"not_picked":["Kintsugi","Black Star"],"picked":"ReplayTheSpireMod:DimensionalGlitch"},{"not_picked":["Replay:Grab Bag","Empty Cage"],"picked":"Runic Cube"}],"items_purged_floors":[19,22,29],"is_endless":false,"potions_floor_spawned":[1,5,11,13,20,24,25,27,35,44,47],"ascension_level":20}}