{"host":"6n0bwkgbkn8ajkoa","time":1614078244,"event":{"mods":["AchievementEnabler","Aspiration","BaseMod","Colored Map","Conspire","Downfall","Highlight Path","Hubris","Infinite Spire","Minty Spire (QoL Compilation)","Quick Restart","Replay The Spire","Spikes Relics","StSLib"],"gold_per_floor":[99,113,113,128,146,146,146,165,165,223,323,338,357,357,368,471,471,471,471],"floor_reached":17,"language":"ENG","playtime":913,"items_purged":[],"score":149,"play_id":"0d81eb59-9ad0-4c5e-b4b5-571d9d15832d","local_time":"20210223120404","is_ascension_mode":false,"campfire_choices":[{"data":"hexamod:Float","floor":6,"key":"SMITH"},{"data":"hexamod:RadiantFlame","floor":9,"key":"SMITH"}],"circlet_count":0,"master_deck":["hexamod:Strike","hexamod:Strike","hexamod:Strike","hexamod:Strike","hexamod:Defend","hexamod:Defend","hexamod:Defend","hexamod:Defend","hexamod:Float+1","hexamod:HauntingEcho+1","hexamod:HauntingEcho+1","hexamod:ThirdSeal","hexamod:RadiantFlame+1","hexamod:GhostflameInferno","hexamod:HauntingEcho+1"],"relics":["hexamod:SpiritBrand","Snack Pack","Replay:Bottled Eggs","downfall:GremlinWheel","ChewingGum"],"acts_visited":["Exordium","TheCity"],"potions_floor_usage":[16],"damage_taken":[{"damage":1,"enemies":"Cultist","floor":2,"turns":4},{"damage":1,"enemies":"2 Louse","floor":4,"turns":2},{"damage":0,"enemies":"Small Slimes","floor":5,"turns":3},{"damage":5,"enemies":"Exordium Thugs","floor":8,"turns":4},{"damage":15,"enemies":"Lagavulin Event","floor":10,"turns":6},{"damage":17,"enemies":"Lagavulin Event","floor":11,"turns":4},{"damage":7,"enemies":"3 Louse","floor":12,"turns":3},{"damage":2,"enemies":"Blue Slaver","floor":13,"turns":2},{"damage":5,"enemies":"Exordium Thugs","floor":15,"turns":3},{"damage":37,"enemies":"WA_ARCHETYPE_RETAIN","floor":16,"turns":6}],"seed_played":"6049233511753984426","potions_obtained":[{"floor":5,"key":"GamblersBrew"},{"floor":10,"key":"Swift Potion"},{"floor":12,"key":"AttackPotion"},{"floor":16,"key":"ColorlessPotion"}],"is_trial":false,"path_per_floor":["R_BF","M","?","M","M","R","T","M","R","?","?","M","M","?","M","B",null],"character_chosen":"THE_SPIRIT","items_purchased":[],"campfire_rested":0,"item_purchase_floors":[],"current_hp_per_floor":[77,76,76,75,75,75,75,72,72,59,44,39,39,39,34,3,77,77,77],"gold":471,"neow_bonus":"TEN_PERCENT_HP_BONUS","is_daily":false,"chose_seed":false,"campfire_upgraded":2,"win_rate":0.0,"timestamp":1614078244,"path_taken":["R_BF","M","?","M","M","R","T","M","R","?","?","M","?","?","M","BOSS"],"items_purchased_type":[],"build_version":"2020-12-22","purchased_purges":0,"victory":false,"max_hp_per_floor":[77,77,77,77,77,77,77,77,77,77,77,77,77,77,77,77,77,77,77],"card_choices":[{"not_picked":["hexamod:SwordOfDarkness","hexamod:DynamicBlow"],"picked":"hexamod:HauntingEcho","floor":2},{"not_picked":["hexamod:ShieldOfDarkness","hexamod:SkipABeat"],"picked":"hexamod:ThirdSeal","floor":4},{"not_picked":["hexamod:RetreatToShadows","hexamod:BacktrackSmack"],"picked":"hexamod:AdvancingGuard","floor":5},{"not_picked":["hexamod:PhantomCloak","hexamod:HeatShield"],"picked":"hexamod:RadiantFlame","floor":8},{"not_picked":["hexamod:SwordOfDarkness","hexamod:GhostOfSpirePast","hexamod:BacktrackSmack"],"picked":"SKIP","floor":8},{"not_picked":["hexamod:GhostLash","hexamod:NightmareGuise"],"picked":"hexamod:GhostflameInferno","floor":10},{"not_picked":["hexamod:AdvancingGuard","hexamod:BacktrackSmack"],"picked":"hexamod:HauntingEcho","floor":12},{"not_picked":["hexamod:SpectersWail","hexamod:ShieldOfDarkness","hexamod:ThermalTransfer"],"picked":"SKIP","floor":13},{"not_picked":["hexamod:InspiringFlames","hexamod:Incineration","hexamod:ThermalTransfer"],"picked":"SKIP","floor":15}],"player_experience":112223,"relics_obtained":[{"floor":7,"key":"Snack Pack"},{"floor":11,"key":"downfall:GremlinWheel"}],"event_choices":[{"damage_healed":0,"gold_gain":0,"player_choice":"Ignored","damage_taken":0,"max_hp_gain":0,"max_hp_loss":0,"event_name":"NoteForYourself","floor":1,"gold_loss":0}],"is_beta":false,"boss_relics":[{"not_picked":["hubris:BlackHole","Painkiller Herb"],"picked":"ChewingGum"}],"items_purged_floors":[],"is_endless":false,"potions_floor_spawned":[5,10,12,15,16],"ascension_level":0}}