{"host":"xumidyqji6pg2yy3","time":1614062879,"event":{"mods":["Act Like it!","BaseMod","Colored Map","Gensokyo","Minty Spire (QoL Compilation)","MostiFishMod","Quick Restart","StSLib","The Dragon Tamer"],"gold_per_floor":[115,131,131,131,146,162,162,194,263,298,298,298,324,343,343,442,442,442,442],"floor_reached":17,"language":"ZHS","playtime":995,"items_purged":[],"score":300,"play_id":"828f3bb9-50da-4da1-ae83-35fba1878ee3","local_time":"20210223144759","is_ascension_mode":false,"metric_token":599,"campfire_choices":[{"data":"DTMod:SealedStrike","floor":7,"key":"SMITH"},{"data":"DTMod:SealedStrike+1","floor":11,"key":"SMITH"},{"data":"DTMod:SealedStrike+2","floor":15,"key":"SMITH"}],"dtmod_dragon_data":[50,50,3,-1,14,0],"circlet_count":0,"master_deck":["DTMod:Strike","DTMod:Strike","DTMod:Strike","DTMod:Strike","DTMod:DoubleHit","DTMod:TargetDefense","DTMod:TargetDefense","DTMod:TargetDefense","DTMod:TargetDefense","DTMod:SwitchingTactic","DTMod:SealedStrike+3","DTMod:FlameSlash","DTMod:QuickFly","DTMod:InvisibleFlame","DTMod:MagiciansMark","DTMod:HeatWave","DTMod:Shift","DTMod:Training","DTMod:MagicField","DTMod:TriAttack","DTMod:LastStand+1","DTMod:LightShield+1"],"relics":["DTMod:PactStone","DaveBox","Civilization","SynthV:TestCard","Girya","Singing Bowl","Oddly Smooth Stone","Gensokyo:PortableGap","Toxic Egg 2","SacredBark"],"acts_visited":["Exordium","Gensokyo:Gensokyo"],"potions_floor_usage":[16,16],"damage_taken":[{"damage":1.0,"enemies":"Gensokyo:Python","floor":1.0,"turns":3.0},{"damage":0.0,"enemies":"Gensokyo:Gryphon","floor":2.0,"turns":3.0},{"damage":0.0,"enemies":"Gensokyo:2_Kodama","floor":5.0,"turns":2.0},{"damage":1,"enemies":"Gensokyo:2_Rabbits","floor":6,"turns":3},{"damage":0,"enemies":"Gensokyo:Aya","floor":8,"turns":4},{"damage":0,"enemies":"Gensokyo:Mamizou","floor":10,"turns":5},{"damage":0,"enemies":"Gensokyo:Aya","floor":13,"turns":4},{"damage":0,"enemies":"Gensokyo:VengefulSpirit","floor":14,"turns":3},{"damage":72,"enemies":"Gensokyo:Yukari","floor":16,"turns":13}],"seed_played":"-4004701842376743609","potions_obtained":[{"floor":2.0,"key":"BlessingOfTheForge"},{"floor":6,"key":"SkillPotion"},{"floor":10,"key":"Weak Potion"},{"floor":16,"key":"SneckoOil"}],"is_trial":false,"path_per_floor":["M","M","?","?","M","M","R","E","T","E","R","?","E","M","R","B",null],"character_chosen":"THE_DT","items_purchased":[],"campfire_rested":0,"item_purchase_floors":[],"current_hp_per_floor":[45,47,52,52,56,60,60,65,65,70,70,65,70,75,75,8,80,80,80],"gold":442,"neow_bonus":"ONE_RANDOM_RARE_CARD","is_daily":false,"chose_seed":false,"campfire_upgraded":3,"win_rate":0.0,"timestamp":1614062879,"path_taken":["M","M","?","?","M","?","R","E","T","E","R","?","E","M","R","BOSS"],"items_purchased_type":[],"build_version":"2020-12-22","purchased_purges":0,"victory":false,"max_hp_per_floor":[46,48,53,53,57,62,62,67,67,72,72,65,70,75,75,80,80,80,80],"card_choices":[{"not_picked":["DTMod:BurningEnergy","DTMod:Conduct"],"picked":"DTMod:FlameSlash","floor":1.0},{"not_picked":["DTMod:Weaken","DTMod:HeatWave","DTMod:BizarreTactic","DTMod:BuildUp"],"picked":"DTMod:QuickFly","floor":2.0},{"not_picked":["DTMod:BizarreTactic","DTMod:SealedStrike","DTMod:WarmUp","DTMod:RunningTactic"],"picked":"DTMod:InvisibleFlame","floor":4.0},{"not_picked":["DTMod:ShieldDrain","DTMod:Punisher","DTMod:GhostSkin","DTMod:BizarreTactic"],"picked":"DTMod:MagiciansMark","floor":4.0},{"not_picked":["DTMod:ShieldDrain","DTMod:RunningTactic","DTMod:Overwhelm","DTMod:Cover"],"picked":"DTMod:HeatWave","floor":5.0},{"not_picked":["DTMod:LastStand","DTMod:GhostSkin","DTMod:CleansingStrike","DTMod:Feint"],"picked":"DTMod:Shift","floor":6},{"not_picked":["DTMod:CalculatedDefense","DTMod:HeatWave","DTMod:FierySynthesis","DTMod:BurningEnergy"],"picked":"DTMod:Training","floor":8},{"not_picked":["DTMod:Punisher","DTMod:LowKick","DTMod:ShieldDrain","DTMod:BlueScale"],"picked":"DTMod:MagicField","floor":10},{"not_picked":["DTMod:Shift+1","DTMod:QuickFly","DTMod:CalculatedDefense","DTMod:Training+1"],"picked":"DTMod:TriAttack","floor":13},{"not_picked":["DTMod:FlameSlash","DTMod:QuickFly","DTMod:LowKick","DTMod:BalancedStrike"],"picked":"DTMod:LastStand+1","floor":14},{"not_picked":["DTMod:StunTrap+1","DTMod:Outburst+1","DTMod:TriAttack","DTMod:Prediction+1"],"picked":"DTMod:LightShield+1","floor":16}],"player_experience":97709,"relics_obtained":[{"floor":1.0,"key":"SynthV:TestCard"},{"floor":8,"key":"Girya"},{"floor":9,"key":"Singing Bowl"},{"floor":10,"key":"Oddly Smooth Stone"},{"floor":13,"key":"Toxic Egg 2"}],"event_choices":[],"is_beta":false,"boss_relics":[{"not_picked":["MoonlightInvasionPlan","GuanYuAspect"],"picked":"SacredBark"}],"items_purged_floors":[],"is_endless":false,"potions_floor_spawned":[2,6,10,16],"ascension_level":0}}