{"host":"9yc2blayrui70tui","time":1614105641,"event":{"mods":["Act Like it!","BaseMod","Gensokyo","Minty Spire (QoL Compilation)","RumiaBox-露米娅的神秘盒子","StSLib","The Administrix"],"gold_per_floor":[-300,-290,-290,-266,-266,-252,-252,-252,-252,-252,-242,-226,-206,-172,-172,-172,-172,-155,-155,-155,-141,-141,-104,-104,-104,-104,-94,-78,-78,-78,-64,-64,34,34,50,50,50,69,69,69,69,69,92,107,117,117,117,117,117,117],"floor_reached":51,"language":"ZHS","playtime":4536,"items_purged":[],"score":760,"play_id":"d2678149-b7bc-442a-bf37-f47f4eedea62","local_time":"20210224024041","is_ascension_mode":false,"campfire_choices":[{"data":"AdministrixMod:ImmortalGrace","floor":7.0,"key":"SMITH"},{"data":"AdministrixMod:RegentEdict","floor":10.0,"key":"SMITH"},{"floor":15.0,"key":"REST"},{"data":"AdministrixMod:CenturiesAscent","floor":24.0,"key":"SMITH"},{"floor":29.0,"key":"REST"},{"floor":32.0,"key":"REST"},{"data":"AdministrixMod:SyncreticSurge","floor":40,"key":"SMITH"},{"data":"AdministrixMod:StarSwordSoul","floor":42,"key":"SMITH"},{"data":"AdministrixMod:TrickOfTheLight","floor":49,"key":"SMITH"}],"circlet_count":0,"master_deck":["AdministrixMod:Strike_Administrix","AdministrixMod:Strike_Administrix","AdministrixMod:Strike_Administrix","AdministrixMod:RedCloak","AdministrixMod:Defend_Administrix","AdministrixMod:BlueCloak","AdministrixMod:TrickOfTheLight+1","AdministrixMod:CenturiesAscent+1","AdministrixMod:CrackingPangu+1","AdministrixMod:ImmortalGrace+1","AdministrixMod:RegentEdict+1","AdministrixMod:CenturiesAscent","AdministrixMod:NewWardrobe","AdministrixMod:ImmortalPurity","AdministrixMod:RisingSunPrince","AdministrixMod:SyncreticSurge+1","AdministrixMod:Overdrive","AdministrixMod:ImmortalGrace","AdministrixMod:LifeforceNet","AdministrixMod:FaithfulFlames","AdministrixMod:StarSwordSoul+1","AdministrixMod:WifeLightning","AdministrixMod:BishamonBlessing+1","AdministrixMod:ImmortalPurity+1","Gensokyo:FourOfAKind","Gensokyo:FourOfAKind","Gensokyo:FourOfAKind","Gensokyo:FourOfAKind","AdministrixMod:BishamonBlessing+1","AdministrixMod:QuietConspiracy","AdministrixMod:ChooseYourEnd","AdministrixMod:BishamonBlessing","AdministrixMod:BishamonBlessing","AdministrixMod:BishamonBlessing","AdministrixMod:ImmortalPurity","AdministrixMod:QuietConspiracy+1","AdministrixMod:HaveItAll","AdministrixMod:BegetEternity+1","AdministrixMod:FalseDeath+1","AdministrixMod:ArmillarySphere+1","AdministrixMod:BishamonBlessing+1","AdministrixMod:BishamonBlessing"],"relics":["AdministrixMod:ConductorRitualBaton","NeowsBlessing","Baka","Pen Nib","Mango","Ancient Tea Set","Letter Opener","SoulBox","GodSword1","Lantern","Pantograph","Astrolabe","Mercury Hourglass","Bronze Scales"],"acts_visited":["Gensokyo:Gensokyo","Gensokyo:Gensokyoer","Gensokyo:Gensokyoest"],"potions_floor_usage":[50],"damage_taken":[{"damage":0.0,"enemies":"Gensokyo:3_Fairies","floor":1.0,"turns":1.0},{"damage":0.0,"enemies":"Gensokyo:Gryphon","floor":2.0,"turns":1.0},{"damage":0.0,"enemies":"Gensokyo:Python","floor":6.0,"turns":1.0},{"damage":9.0,"enemies":"Gensokyo:CorruptedTreant","floor":11.0,"turns":2.0},{"damage":8.0,"enemies":"Gensokyo:VengefulSpirit","floor":12.0,"turns":2.0},{"damage":14.0,"enemies":"Gensokyo:2_Rabbits","floor":13.0,"turns":5.0},{"damage":16.0,"enemies":"Gensokyo:Aya","floor":14.0,"turns":6.0},{"damage":44.0,"enemies":"Gensokyo:Yukari","floor":16.0,"turns":9.0},{"damage":33.0,"enemies":"Gensokyo:AngelMirror","floor":18.0,"turns":3.0},{"damage":12.0,"enemies":"Gensokyo:3_Dogs","floor":21.0,"turns":4.0},{"damage":45.0,"enemies":"Gensokyo:Tenshi","floor":23.0,"turns":3.0},{"damage":2.0,"enemies":"Gensokyo:Slime_Group","floor":27.0,"turns":5.0},{"damage":28.0,"enemies":"Gensokyo:Swordslinger","floor":28.0,"turns":6.0},{"damage":20.0,"enemies":"Gensokyo:Koishi","floor":30.0,"turns":6.0},{"damage":9.0,"enemies":"Gensokyo:Monolith_and_Dog","floor":31.0,"turns":2.0},{"damage":9.0,"enemies":"Gensokyo:Eternal_Rivals","floor":33.0,"turns":7.0},{"damage":6,"enemies":"Gensokyo:AncientGuardian","floor":35,"turns":8},{"damage":40,"enemies":"Gensokyo:3_Boulders","floor":38,"turns":10},{"damage":0,"enemies":"Gensokyo:Rafflesia","floor":44,"turns":3},{"damage":0,"enemies":"Gensokyo:Sharpion","floor":45,"turns":6},{"damage":38,"enemies":"Gensokyo:Scarlet_Devils","floor":50,"turns":5}],"seed_played":"-6023315638697616852","potions_obtained":[{"floor":6.0,"key":"Swift Potion"},{"floor":11.0,"key":"EssenceOfSteel"},{"floor":13.0,"key":"SteroidPotion"},{"floor":14.0,"key":"Dexterity Potion"},{"floor":27.0,"key":"Dexterity Potion"},{"floor":31.0,"key":"EntropicBrew"},{"floor":45,"key":"Energy Potion"}],"is_trial":false,"path_per_floor":["M","M","?","T","?","M","R","?","T","R","M","M","M","E","R","B",null,"M","?","$","M","?","E","R","?","T","M","M","R","E","M","R","B",null,"M","?","?","M","T","R","?","R","T","M","M","?","?","?","R","B",null],"character_chosen":"TheAdministrix","items_purchased":[],"campfire_rested":3,"item_purchase_floors":[],"current_hp_per_floor":[65,65,65,65,58,58,58,58,58,58,49,41,27,11,34,23,79,46,46,46,34,34,4,4,34,34,32,4,19,15,6,21,37,52,46,46,46,6,6,6,15,15,15,15,15,15,15,15,15,2],"gold":117,"neow_bonus":"THREE_ENEMY_KILL","is_daily":false,"chose_seed":false,"campfire_upgraded":6,"win_rate":0.0,"timestamp":1614105641,"path_taken":["M","?","?","?","?","?","R","?","T","R","M","M","M","E","R","BOSS","M","?","?","?","?","E","R","?","T","M","M","R","E","M","R","BOSS","M","?","?","M","?","R","?","R","T","M","?","?","?","?","R","BOSS"],"items_purchased_type":[],"build_version":"2020-12-22","purchased_purges":0,"victory":true,"max_hp_per_floor":[65,65,65,65,79,79,79,79,79,79,79,79,79,79,79,79,79,79,73,73,73,52,52,52,52,52,52,52,52,52,52,52,52,52,52,52,52,52,52,52,52,52,52,52,52,52,52,52,52,52],"card_choices":[{"not_picked":["AdministrixMod:RisingSunPrince","AdministrixMod:Overdrive"],"picked":"AdministrixMod:QuietConspiracy","floor":1.0},{"not_picked":["AdministrixMod:ReachToHeaven","AdministrixMod:QuietConspiracy"],"picked":"AdministrixMod:TrickOfTheLight","floor":2.0},{"not_picked":["AdministrixMod:RegentEdict","AdministrixMod:DiversionaryTactic"],"picked":"AdministrixMod:CenturiesAscent","floor":2.0},{"not_picked":["AdministrixMod:SipOfSparks","AdministrixMod:TrickOfTheLight"],"picked":"AdministrixMod:CrackingPangu","floor":2.0},{"not_picked":["AdministrixMod:CenturiesAscent","AdministrixMod:Convergence","AdministrixMod:WickedPunishment"],"picked":"SKIP","floor":2.0},{"not_picked":["AdministrixMod:LightOfYourLife","AdministrixMod:GuanyinBlessing"],"picked":"AdministrixMod:ImmortalGrace","floor":6.0},{"not_picked":["AdministrixMod:PlateOfAntiquity","AdministrixMod:CenturiesAscent"],"picked":"AdministrixMod:RegentEdict","floor":6.0},{"not_picked":["AdministrixMod:PlateOfAntiquity","AdministrixMod:Transition","AdministrixMod:DeathByGlamour"],"picked":"SKIP","floor":6.0},{"not_picked":["AdministrixMod:Wuji","AdministrixMod:ArmillarySphere","AdministrixMod:LightOfYourLife"],"picked":"SKIP","floor":6.0},{"not_picked":["AdministrixMod:SipOfSparks","AdministrixMod:TrickOfTheLight","AdministrixMod:Transition"],"picked":"SKIP","floor":11.0},{"not_picked":["AdministrixMod:PassageOfAges","AdministrixMod:PlateOfAntiquity","AdministrixMod:QuietConspiracy"],"picked":"SKIP","floor":11.0},{"not_picked":["AdministrixMod:PlateOfAntiquity","AdministrixMod:WickedPunishment","AdministrixMod:ShadowPlay"],"picked":"SKIP","floor":11.0},{"not_picked":["AdministrixMod:BloodBargain","AdministrixMod:PassageOfAges","AdministrixMod:Transcension"],"picked":"SKIP","floor":11.0},{"not_picked":["AdministrixMod:DiversionaryTactic","AdministrixMod:CrackingPangu"],"picked":"AdministrixMod:CenturiesAscent","floor":12.0},{"not_picked":["AdministrixMod:LightOfYourLife","AdministrixMod:NoblePath"],"picked":"AdministrixMod:NewWardrobe","floor":12.0},{"not_picked":["AdministrixMod:CrackingPangu","AdministrixMod:TrickOfTheLight"],"picked":"AdministrixMod:ImmortalPurity","floor":12.0},{"not_picked":["AdministrixMod:DreamsMausoleum","AdministrixMod:SealAway"],"picked":"AdministrixMod:RisingSunPrince","floor":12.0},{"not_picked":["AdministrixMod:ReachToHeaven","AdministrixMod:PassageOfAges"],"picked":"AdministrixMod:SyncreticSurge","floor":13.0},{"not_picked":["AdministrixMod:RegentEdict","AdministrixMod:NoblePath"],"picked":"AdministrixMod:Overdrive","floor":13.0},{"not_picked":["AdministrixMod:PassageOfAges","AdministrixMod:MixOfMercury","AdministrixMod:SealAway"],"picked":"SKIP","floor":13.0},{"not_picked":["AdministrixMod:NoblePath","AdministrixMod:BegetEternity","AdministrixMod:ExtolVirtue"],"picked":"SKIP","floor":13.0},{"not_picked":["AdministrixMod:BloodlessSapphire","AdministrixMod:PassageOfAges"],"picked":"AdministrixMod:ImmortalGrace","floor":14.0},{"not_picked":["AdministrixMod:BegetEternity","AdministrixMod:Metempsychosis"],"picked":"AdministrixMod:LifeforceNet","floor":14.0},{"not_picked":["AdministrixMod:LightOfYourLife","AdministrixMod:CenturiesAscent","AdministrixMod:SipOfSparks"],"picked":"SKIP","floor":14.0},{"not_picked":["AdministrixMod:PassageOfAges","AdministrixMod:Katabasis","AdministrixMod:NoblePath"],"picked":"SKIP","floor":14.0},{"not_picked":["AdministrixMod:NewbornDivinity","AdministrixMod:LuminaryPath"],"picked":"AdministrixMod:FaithfulFlames","floor":16.0},{"not_picked":["AdministrixMod:FalseDeath","AdministrixMod:GirlsDoItBetter"],"picked":"AdministrixMod:StarSwordSoul","floor":16.0},{"not_picked":["AdministrixMod:StarSwordSoul","AdministrixMod:BattleforgedBonds"],"picked":"AdministrixMod:WifeLightning","floor":16.0},{"not_picked":["AdministrixMod:TouchOfCinnabar+1","AdministrixMod:ImmortalPurity"],"picked":"AdministrixMod:BishamonBlessing+1","floor":18.0},{"not_picked":["AdministrixMod:TrickOfTheLight","AdministrixMod:SipOfSparks+1"],"picked":"AdministrixMod:ImmortalPurity+1","floor":18.0},{"not_picked":["AdministrixMod:JustRewards","AdministrixMod:FiendishCrimson","AdministrixMod:CrackingPangu"],"picked":"SKIP","floor":18.0},{"not_picked":["AdministrixMod:BloodlessSapphire","AdministrixMod:BloodBargain","AdministrixMod:Katabasis"],"picked":"SKIP","floor":18.0},{"not_picked":["AdministrixMod:SipOfSparks","AdministrixMod:RegentEdict","AdministrixMod:NoblePath"],"picked":"SKIP","floor":21.0},{"not_picked":["AdministrixMod:StarSwordSoul","AdministrixMod:SealAway","AdministrixMod:NoblePath"],"picked":"SKIP","floor":21.0},{"not_picked":["AdministrixMod:RegentEdict","AdministrixMod:SeventeenArticleLaser","AdministrixMod:NoblePath+1"],"picked":"SKIP","floor":21.0},{"not_picked":["AdministrixMod:SipOfSparks","AdministrixMod:AmassedMasks","AdministrixMod:Katabasis+1"],"picked":"SKIP","floor":21.0},{"not_picked":["AdministrixMod:ShadowPlay","AdministrixMod:UnstableVigor"],"picked":"AdministrixMod:BishamonBlessing+1","floor":23.0},{"not_picked":["AdministrixMod:JustRewards","AdministrixMod:WickedPunishment"],"picked":"AdministrixMod:QuietConspiracy","floor":23.0},{"not_picked":["AdministrixMod:FalseDeath","AdministrixMod:RebukeDesires","AdministrixMod:BloodlessSapphire"],"picked":"SKIP","floor":23.0},{"not_picked":["AdministrixMod:TrickOfTheLight","AdministrixMod:PlateOfAntiquity","AdministrixMod:Metempsychosis"],"picked":"SKIP","floor":23.0},{"not_picked":["AdministrixMod:PlateOfAntiquity+1","AdministrixMod:TouchOfCinnabar","AdministrixMod:Transition"],"picked":"SKIP","floor":27.0},{"not_picked":["AdministrixMod:Transcension","AdministrixMod:DiversionaryTactic","AdministrixMod:Convergence"],"picked":"SKIP","floor":27.0},{"not_picked":["AdministrixMod:ShadowPlay","AdministrixMod:MixOfMercury","AdministrixMod:UnstableVigor"],"picked":"SKIP","floor":27.0},{"not_picked":["AdministrixMod:CastOffRegrets","AdministrixMod:ExtolVirtue","AdministrixMod:CosmosControl"],"picked":"SKIP","floor":27.0},{"not_picked":["AdministrixMod:BloodlessSapphire","AdministrixMod:PassageOfAges"],"picked":"AdministrixMod:ChooseYourEnd","floor":28.0},{"not_picked":["AdministrixMod:NoblePath+1","AdministrixMod:QuietConspiracy"],"picked":"AdministrixMod:BishamonBlessing","floor":28.0},{"not_picked":["AdministrixMod:SealAway","AdministrixMod:FiendishCrimson+1"],"picked":"AdministrixMod:BishamonBlessing","floor":28.0},{"not_picked":["AdministrixMod:QuietConspiracy","AdministrixMod:ShadowPlay","AdministrixMod:Convergence"],"picked":"SKIP","floor":28.0},{"not_picked":["AdministrixMod:CenturiesAscent","AdministrixMod:HarmonicReverence"],"picked":"AdministrixMod:BishamonBlessing","floor":30.0},{"not_picked":["AdministrixMod:Transcension","AdministrixMod:ShadowPlay","AdministrixMod:SipOfSparks"],"picked":"SKIP","floor":30.0},{"not_picked":["AdministrixMod:RegentEdict","AdministrixMod:XianArts","AdministrixMod:ExtolVirtue+1"],"picked":"SKIP","floor":30.0},{"not_picked":["AdministrixMod:Katabasis","AdministrixMod:UnstableVigor","AdministrixMod:DreamsMausoleum+1"],"picked":"SKIP","floor":30.0},{"not_picked":["AdministrixMod:CenturiesAscent","AdministrixMod:WickedPunishment"],"picked":"AdministrixMod:ImmortalPurity","floor":31.0},{"not_picked":["AdministrixMod:NewWardrobe","AdministrixMod:PassageOfAges"],"picked":"AdministrixMod:QuietConspiracy+1","floor":31.0},{"not_picked":["AdministrixMod:SyncreticSurge","AdministrixMod:GuanyinBlessing","AdministrixMod:RegentEdict"],"picked":"SKIP","floor":31.0},{"not_picked":["AdministrixMod:ImmortalPurity","AdministrixMod:DiversionaryTactic","AdministrixMod:SealAway"],"picked":"SKIP","floor":31.0},{"not_picked":["AdministrixMod:TenDesires","AdministrixMod:Schism"],"picked":"AdministrixMod:HaveItAll","floor":33.0},{"not_picked":["AdministrixMod:JustRewards","AdministrixMod:ShadowPlay"],"picked":"AdministrixMod:BishamonBlessing+1","floor":35},{"not_picked":["AdministrixMod:DiversionaryTactic","AdministrixMod:TouchOfCinnabar+1","AdministrixMod:HiddenPower+1"],"picked":"SKIP","floor":35},{"not_picked":["AdministrixMod:SyncreticPlunge","AdministrixMod:RebukeDesires+1","AdministrixMod:MixOfMercury+1"],"picked":"SKIP","floor":35},{"not_picked":["AdministrixMod:JustRewards+1","AdministrixMod:NewWardrobe+1","AdministrixMod:Untouchable+1"],"picked":"SKIP","floor":35},{"not_picked":["AdministrixMod:TouchOfCinnabar","AdministrixMod:Convergence+1"],"picked":"AdministrixMod:BishamonBlessing","floor":38},{"not_picked":["AdministrixMod:LightOfYourLife","AdministrixMod:CrackingPangu+1","AdministrixMod:RebukeDesires"],"picked":"SKIP","floor":38},{"not_picked":["AdministrixMod:NoblePath","AdministrixMod:BegetEternity","AdministrixMod:ImmortalGrace"],"picked":"SKIP","floor":38},{"not_picked":["AdministrixMod:Transition+1","AdministrixMod:CrackingPangu+1","AdministrixMod:PlateOfAntiquity"],"picked":"SKIP","floor":38},{"not_picked":["AdministrixMod:FuneraryRites","AdministrixMod:BloodBargain","AdministrixMod:BegetEternity"],"picked":"SKIP","floor":44},{"not_picked":["AdministrixMod:WifeLightning","AdministrixMod:PassageOfAges","AdministrixMod:BegetEternity+1"],"picked":"SKIP","floor":44},{"not_picked":["AdministrixMod:ExtolVirtue+1","AdministrixMod:ImmortalPurity","AdministrixMod:NoblePath"],"picked":"SKIP","floor":44},{"not_picked":["AdministrixMod:ImmortalGrace+1","AdministrixMod:Metempsychosis","AdministrixMod:SipOfSparks"],"picked":"SKIP","floor":44},{"not_picked":["AdministrixMod:TrickOfTheLight","AdministrixMod:CrackingPangu","AdministrixMod:SipOfSparks+1"],"picked":"SKIP","floor":45},{"not_picked":["AdministrixMod:UnstableVigor+1","AdministrixMod:CrackingPangu","AdministrixMod:ImmortalGrace+1"],"picked":"SKIP","floor":45},{"not_picked":["AdministrixMod:SealAway+1","AdministrixMod:SipOfSparks","AdministrixMod:HaveItAll"],"picked":"SKIP","floor":45},{"not_picked":["AdministrixMod:ShadowPlay+1","AdministrixMod:QuietConspiracy","AdministrixMod:BloodlessSapphire"],"picked":"SKIP","floor":45}],"player_experience":257495,"relics_obtained":[{"floor":1.0,"key":"Baka"},{"floor":4.0,"key":"Pen Nib"},{"floor":9.0,"key":"Ancient Tea Set"},{"floor":14.0,"key":"Letter Opener"},{"floor":23.0,"key":"CeramicFish"},{"floor":26.0,"key":"Lantern"},{"floor":30.0,"key":"Pantograph"},{"floor":39,"key":"Mercury Hourglass"},{"floor":43,"key":"Bronze Scales"}],"event_choices":[],"is_beta":false,"boss_relics":[{"not_picked":["Coffee Dripper","Philosopher\u0027s Stone"],"picked":"SoulBox"},{"not_picked":["Pandora\u0027s Box","Velvet Choker"],"picked":"Astrolabe"}],"items_purged_floors":[],"is_endless":false,"potions_floor_spawned":[6,11,13,14,27,28,31,45],"ascension_level":0}}