{"host":"dyzdf8svqmiivg97","time":1614071216,"event":{"mods":["AchievementEnabler","BaseMod","Colored Map","DeckTracker","Minty Spire (QoL Compilation)","Quick Restart","Rare Cards Sparkle","SuperFastMode"],"gold_per_floor":[115,115,127,302,227,257,257,257,257,276,315,335,335,368,368,472,472,489,327,327,346,358,358,358,358],"floor_reached":24,"language":"KOR","playtime":502,"items_purged":["Doubt","Strike_P"],"score":382,"play_id":"bbcb9734-f16f-456e-b00b-20cde6036f62","local_time":"20210223180656","is_ascension_mode":true,"campfire_choices":[{"data":"Eruption","floor":7,"key":"SMITH"},{"data":"CrushJoints","floor":13,"key":"SMITH"},{"data":"BowlingBash","floor":15,"key":"SMITH"},{"floor":23,"key":"REST"}],"circlet_count":0,"master_deck":["AscendersBane","Strike_P","Strike_P","Strike_P","Defend_P","Defend_P","Defend_P","Defend_P","Eruption+1","Vigilance","EmptyFist+1","BowlingBash+1","Vengeance","CrushJoints+1","Adaptation","Adaptation"],"relics":["HolyWater","NeowsBlessing","Akabeko","CeramicFish","TeardropLocket","Blood Vial","Matryoshka"],"acts_visited":["Exordium","TheCity"],"potions_floor_usage":[11,16,22],"damage_taken":[{"damage":0,"enemies":"Small Slimes","floor":1,"turns":1},{"damage":0,"enemies":"2 Louse","floor":3,"turns":1},{"damage":0,"enemies":"Gremlin Nob","floor":6,"turns":1},{"damage":0,"enemies":"Jaw Worm","floor":10,"turns":1},{"damage":2,"enemies":"3 Sentries","floor":11,"turns":5},{"damage":5,"enemies":"Gremlin Gang","floor":12,"turns":3},{"damage":7,"enemies":"Gremlin Nob","floor":14,"turns":3},{"damage":21,"enemies":"The Guardian","floor":16,"turns":6},{"damage":10,"enemies":"2 Thieves","floor":18,"turns":3},{"damage":0,"enemies":"Spheric Guardian","floor":21,"turns":3},{"damage":54,"enemies":"Shelled Parasite and Fungi","floor":22,"turns":5},{"damage":33,"enemies":"Sentry and Sphere","floor":24,"turns":4}],"seed_played":"3508915287132058403","potions_obtained":[{"floor":1,"key":"SteroidPotion"},{"floor":6,"key":"ColorlessPotion"},{"floor":12,"key":"Energy Potion"},{"floor":14,"key":"AttackPotion"},{"floor":18,"key":"Fire Potion"},{"floor":21,"key":"SkillPotion"}],"is_trial":false,"path_per_floor":["M","?","M","?","$","E","R","?","T","M","E","M","R","E","R","B",null,"M","$","?","M","M","R","M"],"character_chosen":"WATCHER","items_purchased":["Adaptation"],"campfire_rested":1,"item_purchase_floors":[19],"current_hp_per_floor":[65,53,53,53,53,53,53,53,53,53,51,48,48,43,43,24,60,52,52,52,54,2,23,0,0],"gold":358,"neow_bonus":"THREE_ENEMY_KILL","is_daily":false,"chose_seed":false,"campfire_upgraded":3,"win_rate":0.0,"timestamp":1614071216,"path_taken":["M","?","M","?","$","E","R","?","T","M","E","?","R","E","R","BOSS","M","$","?","M","M","R","M"],"items_purchased_type":["Card"],"build_version":"2020-12-22","purchased_purges":2,"victory":false,"max_hp_per_floor":[72,72,72,72,72,72,72,72,72,72,72,72,72,72,72,72,72,72,72,72,72,72,72,72,72],"card_choices":[{"not_picked":["FlyingSleeves","ClearTheMind","JustLucky"],"picked":"SKIP","floor":1},{"not_picked":["SashWhip","FlyingSleeves"],"picked":"EmptyFist","floor":3},{"not_picked":["WindmillStrike","SashWhip","Devotion"],"picked":"SKIP","floor":6},{"not_picked":["JustLucky","Study"],"picked":"BowlingBash","floor":10},{"not_picked":["Worship","Weave"],"picked":"Vengeance","floor":11},{"not_picked":["ThirdEye","Prostrate"],"picked":"CrushJoints","floor":12},{"not_picked":["JustLucky","CutThroughFate","FollowUp"],"picked":"SKIP","floor":14},{"not_picked":["EmptyFist","Fasting2","FollowUp"],"picked":"SKIP","floor":18},{"not_picked":["EmptyMind","Crescendo"],"picked":"Adaptation","floor":21},{"not_picked":["FlurryOfBlows","EmptyBody","Consecrate"],"picked":"SKIP","floor":22}],"player_experience":595973,"relics_obtained":[{"floor":6,"key":"CeramicFish"},{"floor":9,"key":"TeardropLocket"},{"floor":11,"key":"Blood Vial"},{"floor":14,"key":"Matryoshka"}],"event_choices":[{"damage_healed":0,"gold_gain":0,"player_choice":"Success","damage_taken":12,"relics_obtained":["Akabeko"],"max_hp_gain":0,"max_hp_loss":0,"event_name":"Scrap Ooze","floor":2,"gold_loss":0},{"damage_healed":0,"gold_gain":175,"player_choice":"AGREE","damage_taken":0,"max_hp_gain":0,"max_hp_loss":0,"event_name":"Liars Game","floor":4,"gold_loss":0,"cards_obtained":["Doubt"]},{"damage_healed":0,"gold_gain":0,"player_choice":"Upgraded","damage_taken":0,"max_hp_gain":0,"max_hp_loss":0,"event_name":"Upgrade Shrine","floor":8,"gold_loss":0,"cards_upgraded":["EmptyFist"]},{"damage_healed":0,"gold_gain":0,"player_choice":"Ignored","damage_taken":0,"max_hp_gain":0,"max_hp_loss":0,"event_name":"Ghosts","floor":20,"gold_loss":0}],"is_beta":false,"boss_relics":[{"not_picked":["Tiny House","Coffee Dripper"],"picked":"HolyWater"}],"items_purged_floors":[5,19],"is_endless":false,"potions_floor_spawned":[1,6,12,14,18,21],"killed_by":"Sentry and Sphere","ascension_level":12}}