{"host":"i29s15dsg0c43zmx","time":1614082623,"event":{"mods":["AchievementEnabler","BaseMod","Colored Map","Minty Spire (QoL Compilation)","StSLib"],"gold_per_floor":[113,213,226,242,255,283,283,311,311,311,311,330,330,35,35,155,155,173,272,272,287,301,301,335,335,360,378,417,442,483,503,503,503,503],"floor_reached":33,"language":"ENG","playtime":1794,"items_purged":["Strike_P"],"score":317,"play_id":"a9c644d5-66c3-4a45-bd79-805c46d7377a","local_time":"20210223131703","is_ascension_mode":false,"campfire_choices":[{"data":"Eruption","floor":7,"key":"SMITH"},{"floor":10,"key":"REST"},{"floor":13,"key":"REST"},{"floor":15,"key":"REST"},{"floor":23,"key":"REST"},{"floor":25,"key":"REST"},{"floor":32,"key":"REST"}],"circlet_count":0,"master_deck":["Strike_P","Strike_P+1","Strike_P","Defend_P","Defend_P","Defend_P+1","Defend_P","Eruption+1","Vigilance","Dramatic Entrance+1","FlurryOfBlows","JustLucky","CutThroughFate","EmptyBody+1","Crescendo","CutThroughFate","ThirdEye","EmptyFist","ClearTheMind","Fasting2","Vengeance","Omniscience","EmptyFist","Nirvana","FlurryOfBlows+1","TalkToTheHand"],"relics":["PureWater","Dream Catcher","War Paint","Whetstone","Golden Idol","Lantern","Fusion Hammer","Darkstone Periapt","Gremlin Horn","Tiny Chest","Omamori","Happy Flower"],"acts_visited":["Exordium","TheCity"],"potions_floor_usage":[6,8,33,33,33],"damage_taken":[{"damage":0,"enemies":"Small Slimes","floor":1,"turns":1},{"damage":2,"enemies":"Cultist","floor":3,"turns":3},{"damage":0,"enemies":"2 Louse","floor":4,"turns":2},{"damage":0,"enemies":"Blue Slaver","floor":5,"turns":2},{"damage":16,"enemies":"Gremlin Nob","floor":6,"turns":5},{"damage":52,"enemies":"Lagavulin","floor":8,"turns":7},{"damage":0,"enemies":"Exordium Thugs","floor":12,"turns":3},{"damage":47,"enemies":"The Guardian","floor":16,"turns":8},{"damage":0,"enemies":"Chosen","floor":18,"turns":3},{"damage":5,"enemies":"Shell Parasite","floor":21,"turns":5},{"damage":13,"enemies":"Snake Plant","floor":22,"turns":3},{"damage":30,"enemies":"Slavers","floor":24,"turns":4},{"damage":0,"enemies":"Centurion and Healer","floor":27,"turns":3},{"damage":10,"enemies":"Gremlin Leader","floor":28,"turns":5},{"damage":0,"enemies":"Snecko","floor":29,"turns":2},{"damage":19,"enemies":"Slavers","floor":30,"turns":4},{"damage":5,"enemies":"Shelled Parasite and Fungi","floor":31,"turns":2},{"damage":59,"enemies":"Automaton","floor":33,"turns":6}],"seed_played":"592156442798929047","potions_obtained":[{"floor":3,"key":"Block Potion"},{"floor":4,"key":"Weak Potion"},{"floor":5,"key":"SpeedPotion"},{"floor":16,"key":"AttackPotion"},{"floor":18,"key":"SpeedPotion"}],"is_trial":false,"path_per_floor":["M","?","M","M","M","E","R","E","T","R","?","M","R","$","R","B",null,"M","?","T","M","M","R","E","R","T","M","E","M","E","M","R","B"],"character_chosen":"WATCHER","items_purchased":["Lantern","Fasting2"],"campfire_rested":6,"item_purchase_floors":[14,14],"current_hp_per_floor":[72,72,70,70,70,54,54,2,2,23,23,23,43,43,63,16,67,67,67,67,62,49,67,37,57,57,57,47,47,28,23,43,0,0],"gold":503,"neow_bonus":"RANDOM_COLORLESS","is_daily":false,"chose_seed":false,"campfire_upgraded":1,"win_rate":0.0,"timestamp":1614082623,"path_taken":["M","?","M","?","M","E","R","E","T","R","?","M","R","$","R","BOSS","M","?","?","M","M","R","E","R","T","M","E","M","E","M","R","BOSS"],"items_purchased_type":["Relic","Card"],"build_version":"2020-12-22","purchased_purges":1,"victory":false,"max_hp_per_floor":[72,72,72,72,72,72,72,72,72,72,67,67,67,67,67,67,67,67,67,67,67,67,67,67,67,67,67,67,67,67,67,67,67,67],"card_choices":[{"not_picked":["Dark Shackles","Finesse"],"picked":"Dramatic Entrance","floor":0},{"not_picked":["Prostrate","FollowUp"],"picked":"FlurryOfBlows","floor":1},{"not_picked":["SignatureMove","Wireheading"],"picked":"JustLucky","floor":3},{"not_picked":["SignatureMove","Perseverance"],"picked":"CutThroughFate","floor":4},{"not_picked":["SignatureMove","SashWhip"],"picked":"EmptyBody","floor":5},{"not_picked":["SashWhip","Sanctity"],"picked":"Crescendo","floor":6},{"not_picked":["SpiritShield","ForeignInfluence"],"picked":"CutThroughFate","floor":8},{"not_picked":["FollowUp","BowlingBash"],"picked":"ThirdEye","floor":10},{"not_picked":["Alpha","FlyingSleeves"],"picked":"EmptyFist","floor":12},{"not_picked":["CrushJoints","InnerPeace"],"picked":"ClearTheMind","floor":13},{"not_picked":["ReachHeaven","Crescendo"],"picked":"Vengeance","floor":15},{"not_picked":["ConjureBlade","Blasphemy"],"picked":"Omniscience","floor":16},{"not_picked":["SignatureMove","SashWhip","Halt"],"picked":"SKIP","floor":18},{"not_picked":["CutThroughFate","Adaptation"],"picked":"EmptyFist","floor":21},{"not_picked":["Evaluate","Wireheading+1"],"picked":"Nirvana","floor":22},{"not_picked":["EmptyBody","FollowUp"],"picked":"FlurryOfBlows+1","floor":23},{"not_picked":["BattleHymn+1","InnerPeace","Scrawl"],"picked":"SKIP","floor":24},{"not_picked":["BowlingBash","FlyingSleeves"],"picked":"TalkToTheHand","floor":27},{"not_picked":["SandsOfTime","Consecrate","Prostrate"],"picked":"SKIP","floor":28},{"not_picked":["CutThroughFate","BattleHymn+1","CrushJoints"],"picked":"SKIP","floor":29},{"not_picked":["PathToVictory","Prostrate+1","Establishment"],"picked":"SKIP","floor":30},{"not_picked":["BowlingBash+1","EmptyBody","Protect"],"picked":"SKIP","floor":31}],"player_experience":116006,"relics_obtained":[{"floor":6,"key":"Dream Catcher"},{"floor":8,"key":"War Paint"},{"floor":9,"key":"Whetstone"},{"floor":20,"key":"Darkstone Periapt"},{"floor":24,"key":"Gremlin Horn"},{"floor":26,"key":"Tiny Chest"},{"floor":28,"key":"Omamori"},{"floor":30,"key":"Happy Flower"}],"event_choices":[{"damage_healed":0,"gold_gain":100,"player_choice":"Pray","damage_taken":0,"max_hp_gain":0,"max_hp_loss":0,"event_name":"Golden Shrine","floor":2,"gold_loss":0},{"damage_healed":0,"gold_gain":0,"player_choice":"Lose Max HP","damage_taken":0,"relics_obtained":["Golden Idol"],"max_hp_gain":0,"max_hp_loss":5,"event_name":"Golden Idol","floor":11,"gold_loss":0},{"damage_healed":0,"gold_gain":99,"player_choice":"Stole From Cult","damage_taken":0,"max_hp_gain":0,"max_hp_loss":0,"event_name":"Nest","floor":19,"gold_loss":0}],"is_beta":false,"boss_relics":[{"not_picked":["Ectoplasm","SacredBark"],"picked":"Fusion Hammer"}],"items_purged_floors":[14],"is_endless":false,"potions_floor_spawned":[3,4,5,16,18,24,29,30,31],"killed_by":"Automaton","ascension_level":0}}