{"host":"v4pe0ixo3k7iwzp0","time":1614069642,"event":{"mods":["BaseMod","Bestiary","Highlight Path","Minty Spire (QoL Compilation)","Railgun Mod","StSLib","The Senshi"],"gold_per_floor":[117,117,42,56,75,103,103,103,127,143,108,88,105,120,120,221,271,282,298,316,71,86,86,105,105,158,158,158],"floor_reached":27,"language":"ENG","playtime":1499,"items_purged":["Strike_P"],"score":242,"play_id":"03062985-9efa-4918-8a26-e22ca71c6e71","local_time":"20210223004042","is_ascension_mode":false,"campfire_choices":[{"floor":7.0,"key":"REST"},{"floor":15,"key":"REST"},{"floor":23,"key":"REST"},{"floor":25,"key":"REST"}],"circlet_count":0,"master_deck":["Strike_P","Strike_P","Strike_P","Defend_P","Defend_P","Defend_P","Defend_P","Eruption","Vigilance+1","Evaluate","Protect","MasterReality","Study","Apotheosis"],"relics":["PureWater","Bag of Preparation","Happy Flower","Tiny House","CeramicFish"],"acts_visited":["Exordium","TheCity"],"potions_floor_usage":[13,16,19,19,20,24],"damage_taken":[{"damage":10.0,"enemies":"2 Louse","floor":1.0,"turns":2.0},{"damage":5.0,"enemies":"Small Slimes","floor":4.0,"turns":4.0},{"damage":0.0,"enemies":"Cultist","floor":5.0,"turns":3.0},{"damage":62.0,"enemies":"Gremlin Nob","floor":6.0,"turns":6.0},{"damage":4.0,"enemies":"Exordium Wildlife","floor":10.0,"turns":6.0},{"damage":0,"enemies":"Exordium Thugs","floor":13,"turns":3},{"damage":0,"enemies":"3 Louse","floor":14,"turns":5},{"damage":103,"enemies":"Slime Boss","floor":16,"turns":16},{"damage":9,"enemies":"Chosen","floor":18,"turns":8},{"damage":12,"enemies":"Shell Parasite","floor":19,"turns":9},{"damage":33,"enemies":"Centurion and Healer","floor":20,"turns":5},{"damage":26,"enemies":"Snake Plant","floor":22,"turns":6},{"damage":28,"enemies":"Snecko","floor":24,"turns":7},{"damage":0,"enemies":"Centurion and Healer","floor":27,"turns":1}],"seed_played":"-5889272350934267781","potions_obtained":[{"floor":4.0,"key":"Fruit Juice"},{"floor":6.0,"key":"FearPotion"},{"floor":10.0,"key":"FairyPotion"},{"floor":12.0,"key":"Weak Potion"},{"floor":16,"key":"SkillPotion"},{"floor":17,"key":"PowerPotion"},{"floor":18,"key":"BlessingOfTheForge"},{"floor":22,"key":"Explosive Potion"},{"floor":24,"key":"ColorlessPotion"}],"is_trial":false,"path_per_floor":["M","?","$","M","M","E","R","?","T","M","?","?","M","M","R","B",null,"M","M","M","$","M","R","M","R","T","M"],"character_chosen":"WATCHER","items_purchased":["Study","Apotheosis"],"campfire_rested":4,"item_purchase_floors":[21,21],"current_hp_per_floor":[69,69,69,64,69,7,32,32,32,28,49,49,49,49,74,2,89,80,68,35,35,9,35,7,33,33,33,33],"gold":158,"neow_bonus":"TEN_PERCENT_HP_BONUS","is_daily":false,"chose_seed":false,"campfire_upgraded":0,"win_rate":0.0,"timestamp":1614069642,"path_taken":["M","?","$","M","M","E","R","?","T","M","?","?","M","M","R","BOSS","M","M","M","$","M","R","?","R","T","M"],"items_purchased_type":["Card","Card"],"build_version":"2020-12-22","purchased_purges":1,"victory":false,"max_hp_per_floor":[79,79,79,79,84,84,84,84,84,84,84,84,84,84,84,84,89,89,89,89,89,89,89,89,89,89,89,89],"card_choices":[{"not_picked":["EmptyBody","ReachHeaven","WaveOfTheHand"],"picked":"SKIP","floor":1.0},{"not_picked":["MentalFortress","Nirvana"],"picked":"Evaluate","floor":4.0},{"not_picked":["FlyingSleeves","InnerPeace","BowlingBash"],"picked":"SKIP","floor":5.0},{"not_picked":["SashWhip","WreathOfFlame","LikeWater"],"picked":"SKIP","floor":6.0},{"not_picked":["InnerPeace","Wireheading","Weave"],"picked":"SKIP","floor":10.0},{"not_picked":["Fasting2","ClearTheMind","Crescendo"],"picked":"SKIP","floor":13},{"not_picked":["PathToVictory","Evaluate"],"picked":"Protect","floor":14},{"not_picked":["Brilliance","DeusExMachina"],"picked":"MasterReality","floor":16},{"not_picked":["Crescendo","EmptyBody+1","Prostrate"],"picked":"SKIP","floor":18},{"not_picked":["JustLucky","Vengeance","Weave"],"picked":"SKIP","floor":19},{"not_picked":["Protect","JustLucky","TalkToTheHand"],"picked":"SKIP","floor":20},{"not_picked":["Crescendo","FollowUp","Evaluate"],"picked":"SKIP","floor":22},{"not_picked":["CutThroughFate","Consecrate","Worship+1"],"picked":"SKIP","floor":24}],"player_experience":194818,"relics_obtained":[{"floor":6.0,"key":"Bag of Preparation"},{"floor":9.0,"key":"Happy Flower"},{"floor":26,"key":"CeramicFish"}],"event_choices":[{"damage_healed":0.0,"max_hp_gain":0.0,"max_hp_loss":0.0,"gold_gain":0.0,"event_name":"Scrap Ooze","player_choice":"Fled","floor":2.0,"gold_loss":0.0,"damage_taken":0.0},{"damage_healed":0.0,"max_hp_gain":0.0,"max_hp_loss":0.0,"gold_gain":0.0,"event_name":"Shining Light","player_choice":"Ignored","floor":8.0,"gold_loss":0.0,"damage_taken":0.0},{"damage_healed":21.0,"max_hp_gain":0.0,"max_hp_loss":0.0,"gold_gain":0.0,"event_name":"The Cleric","player_choice":"Healed","floor":11.0,"gold_loss":35.0,"damage_taken":0.0},{"damage_healed":0.0,"max_hp_gain":0.0,"max_hp_loss":0.0,"gold_gain":0.0,"event_name":"The Woman in Blue","player_choice":"Bought 1 Potion","floor":12.0,"gold_loss":0.0,"damage_taken":0.0}],"is_beta":false,"boss_relics":[{"not_picked":["Ectoplasm","Busted Crown"],"picked":"Tiny House"}],"items_purged_floors":[3],"is_endless":false,"potions_floor_spawned":[4,6,10,16,18,22,24],"killed_by":"Centurion and Healer","ascension_level":0}}