{"host":"kw3n9x3mpxk65n60","time":1614040418,"event":{"mods":["BaseMod","Colored Map","Colored Powertips","DeckTracker","Defuse TimeMaze Blight","Downfall","GifTheSpireLib","Hubris","Infinite Spire","Jorbs\u0027s Wanderer Trilogy","Minty Spire (QoL Compilation)","Replay The Spire","Slay the Streamer","StSLib","The Jungle"],"gold_per_floor":[0,17,17,17,17,2,2,2,121,121,121,147,158,289,308,318,416,416,116,116,116,116],"floor_reached":20,"language":"ENG","playtime":1227,"items_purged":[],"score":255,"play_id":"d0f6c363-a7d8-4198-bb0f-8fbe0ef89ad7","local_time":"20210222163338","is_ascension_mode":false,"campfire_choices":[{"floor":1.0,"key":"DIG"},{"floor":11,"key":"RECALL"},{"data":"champ:UltimateStance","floor":19,"key":"SMITH"}],"circlet_count":0,"master_deck":["champ:Strike","champ:Strike","champ:Defend","champ:Defend","champ:Defend","champ:Backstep","Vigilance","Eruption","champ:GutPunch","champ:IronFortress","champ:StanceDance","champ:FanOfKnives","champ:RecklessLeap","champ:PreciseThrust","champ:BringItOn","champ:UltimateStance+1"],"relics":["champ:ChampionCrown","Replay:Multitool","hubris:Icosahedron","hubris:CuriousFeather","Strawberry","Iron Hammer","hubris:VirtuousBlindfold","downfall:HeartBlessingBlue","downfall:HeartBlessingGreen","downfall:HeartBlessingRed"],"acts_visited":["Exordium","TheCity"],"potions_floor_usage":[17],"damage_taken":[{"damage":25.0,"enemies":"Jaw Worm","floor":2.0,"turns":4.0},{"damage":0.0,"enemies":"downfall:FleeingMerchant","floor":6.0,"turns":4.0},{"damage":5,"enemies":"2 Louse","floor":9,"turns":3},{"damage":38,"enemies":"Gremlin Nob","floor":12,"turns":4},{"damage":0,"enemies":"Cultist","floor":13,"turns":3},{"damage":42,"enemies":"Lagavulin","floor":14,"turns":6},{"damage":0,"enemies":"Lots of Slimes","floor":15,"turns":1},{"damage":6,"enemies":"Exordium Thugs","floor":16,"turns":4},{"damage":6,"enemies":"SI_SHIV_ARCHETYPE","floor":17,"turns":8},{"damage":0,"enemies":"3 Byrds","floor":20,"turns":1}],"seed_played":"-2404112548422368120","potions_obtained":[{"floor":9,"key":"ColorlessPotion"},{"floor":15,"key":"Elixir"},{"floor":16,"key":"ColorlessPotion"}],"is_trial":false,"path_per_floor":["R_BF","M","?","?","?","$","T","T","M","T","R","E","M","E","M","M","B",null,"R","M"],"character_chosen":"THE_CHAMP","items_purchased":[],"campfire_rested":0,"item_purchase_floors":[],"current_hp_per_floor":[90,85,85,85,85,85,85,85,80,80,80,49,49,7,7,7,7,97,107,107,107,107],"gold":116,"neow_bonus":"REMOVE_TWO","is_daily":false,"chose_seed":false,"campfire_upgraded":1,"win_rate":0.0,"timestamp":1614040418,"path_taken":["R_BF","M","?","?","?","$","T","M","?","R","E","?","E","?","M","BOSS","R","M"],"items_purchased_type":[],"build_version":"2020-12-22","purchased_purges":0,"victory":false,"max_hp_per_floor":[90,90,90,90,90,90,90,90,90,90,90,97,97,97,97,97,97,97,107,107,107,107],"card_choices":[{"not_picked":["champ:AdrenalArmor","champ:TornadoPunch"],"picked":"champ:Backstep","floor":2.0},{"not_picked":["champ:CalledShot","champ:PreciseThrust"],"picked":"champ:GutPunch","floor":6.0},{"not_picked":["champ:BringItOn","champ:FocusedDefense"],"picked":"champ:IronFortress","floor":9},{"not_picked":["champ:PreciseThrust","champ:Haymaker"],"picked":"champ:StanceDance","floor":12},{"not_picked":["champ:Endure","champ:DeathBlow"],"picked":"champ:FanOfKnives","floor":13},{"not_picked":["champ:GutPunch","champ:IronFortress"],"picked":"champ:RecklessLeap","floor":14},{"not_picked":["champ:FocusedBerserking","champ:AdrenalArmor"],"picked":"champ:PreciseThrust","floor":15},{"not_picked":["champ:FocusedDefense","champ:StanceDance"],"picked":"champ:BringItOn","floor":16},{"not_picked":["champ:VampiricStrike","champ:HoldFirm"],"picked":"champ:UltimateStance","floor":17}],"player_experience":339188,"relics_obtained":[{"floor":1.0,"key":"Replay:Multitool"},{"floor":10,"key":"hubris:CuriousFeather"},{"floor":12,"key":"Strawberry"},{"floor":14,"key":"Iron Hammer"}],"event_choices":[],"is_beta":false,"boss_relics":[{"not_picked":["Replay:Drink Me","Replay:Ancient Bell"],"picked":"hubris:VirtuousBlindfold"}],"items_purged_floors":[],"is_endless":false,"potions_floor_spawned":[9,15,16],"killed_by":"3 Byrds","ascension_level":0}}