{"host":"2se5dq1do2gp0x9k","time":1614052969,"event":{"mods":["AchievementEnabler","BaseMod","Block Reminder","Colored Map","Colored Powertips","Minty Spire (QoL Compilation)","Relic Stats","StSLib","SuperFastMode"],"gold_per_floor":[110,126,126,126,126,126,151,164,187,61,136,136,165,182,182,261,261,274,274,107,107,123,123,152,152,234,247,278,278,278],"floor_reached":29,"language":"ENG","playtime":780,"items_purged":[],"score":588,"play_id":"05e1ffb5-fd32-420b-9abf-d5afd78daf90","local_time":"20210222200249","is_ascension_mode":true,"campfire_choices":[{"data":"Zap","floor":6,"key":"SMITH"},{"data":"Defragment","floor":12,"key":"SMITH"},{"data":"Hologram","floor":15,"key":"SMITH"},{"floor":23,"key":"REST"},{"floor":25,"key":"REST"}],"circlet_count":0,"master_deck":["AscendersBane","Zap+1","Dualcast","Ball Lightning","Defragment+1","Cold Snap","Hologram+1","Defragment+1","Skim","Coolheaded","Genetic Algorithm","Electrodynamics","Steam","Conserve Battery","Amplify","Core Surge","Buffer","Go for the Eyes","Consume","Conserve Battery","Evaluate"],"relics":["Cracked Core","NeowsBlessing","Bag of Preparation","Kunai","Pandora\u0027s Box","PrismaticShard","Nloth\u0027s Gift","Gremlin Horn","Shuriken","Ancient Tea Set"],"acts_visited":["Exordium","TheCity"],"potions_floor_usage":[24,28],"damage_taken":[{"damage":0,"enemies":"Jaw Worm","floor":1,"turns":1},{"damage":0,"enemies":"Small Slimes","floor":2,"turns":1},{"damage":0,"enemies":"3 Sentries","floor":7,"turns":1},{"damage":0,"enemies":"2 Louse","floor":8,"turns":3},{"damage":11,"enemies":"Gremlin Nob","floor":13,"turns":3},{"damage":4,"enemies":"Looter","floor":14,"turns":3},{"damage":19,"enemies":"The Guardian","floor":16,"turns":11},{"damage":13,"enemies":"Spheric Guardian","floor":18,"turns":4},{"damage":19,"enemies":"2 Thieves","floor":22,"turns":3},{"damage":36,"enemies":"Slavers","floor":24,"turns":3},{"damage":2,"enemies":"Snecko","floor":27,"turns":5},{"damage":3,"enemies":"Gremlin Leader","floor":28,"turns":4},{"damage":27,"enemies":"Cultist and Chosen","floor":29,"turns":5}],"seed_played":"-4009604573640929553","potions_obtained":[{"floor":1,"key":"FocusPotion"},{"floor":2,"key":"PowerPotion"},{"floor":8,"key":"DuplicationPotion"}],"is_trial":false,"path_per_floor":["M","M","?","$","?","R","E","M","T","$","?","R","E","M","R","B",null,"M","?","$","?","M","R","E","R","T","M","E","M"],"character_chosen":"DEFECT","items_purchased":["Defragment","Skim","PrismaticShard"],"campfire_rested":2,"item_purchase_floors":[10,10,20],"current_hp_per_floor":[64,64,64,64,57,57,57,57,57,57,46,46,35,31,31,12,56,43,43,43,43,24,45,9,30,30,28,25,0,0],"gold":278,"neow_bonus":"THREE_ENEMY_KILL","is_daily":false,"chose_seed":false,"campfire_upgraded":3,"win_rate":0.0,"timestamp":1614052969,"path_taken":["M","M","?","$","?","R","E","?","T","$","?","R","E","M","R","BOSS","M","?","$","?","?","R","E","R","T","M","E","M"],"items_purchased_type":["Card","Card","Relic"],"build_version":"2020-12-22","purchased_purges":0,"victory":false,"max_hp_per_floor":[71,71,71,71,71,71,71,71,71,71,71,71,71,71,71,71,71,71,71,71,71,71,71,71,71,71,71,71,71,71],"relic_stats":{"Gremlin Horn":[5,5],"counters":[13,47],"Shuriken":[0],"Pandora\u0027s Box":["Steam","Conserve Battery","Amplify","Core Surge","Buffer","Go for the Eyes","Consume"],"Bag of Preparation":[18],"Nloth\u0027s Gift":1,"Kunai":[0],"obtain_stats":[{"Centennial Puzzle":7,"NeowsBlessing":0,"Gremlin Horn":24,"Shuriken":26,"Pandora\u0027s Box":17,"Bag of Preparation":9,"Nloth\u0027s Gift":21,"Kunai":13,"Cracked Core":0,"PrismaticShard":20,"Ancient Tea Set":28},{"Centennial Puzzle":3,"NeowsBlessing":0,"Gremlin Horn":10,"Shuriken":10,"Pandora\u0027s Box":7,"Bag of Preparation":4,"Nloth\u0027s Gift":8,"Kunai":5,"Cracked Core":0,"PrismaticShard":8,"Ancient Tea Set":12},{"Centennial Puzzle":3,"NeowsBlessing":0,"Gremlin Horn":33,"Shuriken":33,"Pandora\u0027s Box":23,"Bag of Preparation":6,"Nloth\u0027s Gift":27,"Kunai":9,"Cracked Core":0,"PrismaticShard":27,"Ancient Tea Set":42}]},"card_choices":[{"not_picked":["Auto Shields","Sunder"],"picked":"Ball Lightning","floor":1},{"not_picked":["Steam","Gash"],"picked":"Defragment","floor":2},{"not_picked":["Compile Driver","Streamline"],"picked":"Cold Snap","floor":7},{"not_picked":["Rebound","Barrage"],"picked":"Hologram","floor":8},{"not_picked":["Melter","Stack"],"picked":"Coolheaded","floor":13},{"not_picked":["Turbo","Lockon"],"picked":"Genetic Algorithm","floor":14},{"not_picked":["Seek","Rainbow"],"picked":"Electrodynamics","floor":16},{"not_picked":["Tempest","Melter+1","Stack"],"picked":"SKIP","floor":18},{"not_picked":["Expertise+1","Clothesline","Halt"],"picked":"SKIP","floor":22},{"not_picked":["Grand Finale","FlurryOfBlows","A Thousand Cuts"],"picked":"SKIP","floor":24},{"not_picked":["Prostrate","Protect"],"picked":"Conserve Battery","floor":27},{"not_picked":["Study","Trip"],"picked":"Evaluate","floor":28}],"player_experience":4124407,"relics_obtained":[{"floor":7,"key":"Centennial Puzzle"},{"floor":9,"key":"Bag of Preparation"},{"floor":13,"key":"Kunai"},{"floor":24,"key":"Gremlin Horn"},{"floor":26,"key":"Shuriken"},{"floor":28,"key":"Ancient Tea Set"}],"event_choices":[{"damage_healed":0,"gold_gain":0,"player_choice":"Grow","damage_taken":0,"max_hp_gain":0,"max_hp_loss":0,"event_name":"Living Wall","floor":3,"gold_loss":0,"cards_upgraded":["Defragment"]},{"cards_removed":["Strike_B"],"damage_healed":0,"gold_gain":0,"player_choice":"Card Removal","damage_taken":7,"max_hp_gain":0,"max_hp_loss":0,"event_name":"Golden Wing","floor":5,"gold_loss":0},{"damage_healed":0,"gold_gain":75,"player_choice":"Gather Gold","damage_taken":11,"max_hp_gain":0,"max_hp_loss":0,"event_name":"World of Goop","floor":11,"gold_loss":0},{"damage_healed":0,"gold_gain":0,"player_choice":"Ignored","damage_taken":0,"max_hp_gain":0,"max_hp_loss":0,"event_name":"Vampires","floor":19,"gold_loss":0},{"damage_healed":0,"gold_gain":0,"player_choice":"Traded Relic","damage_taken":0,"relics_obtained":["Nloth\u0027s Gift"],"max_hp_gain":0,"max_hp_loss":0,"event_name":"N\u0027loth","floor":21,"relics_lost":["Centennial Puzzle"],"gold_loss":0}],"is_beta":false,"boss_relics":[{"not_picked":["FrozenCore","Runic Dome"],"picked":"Pandora\u0027s Box"}],"items_purged_floors":[],"is_endless":false,"potions_floor_spawned":[1,2,8,13,22],"killed_by":"Cultist and Chosen","ascension_level":20}}