{"host":"mi0eibewekhugwl1","time":1614092918,"event":{"mods":["AchievementEnabler","BaseMod","Colored Map","Colored Powertips","DeckTracker","Keyboard Shortcuts","Minty Spire (QoL Compilation)","Quick Restart","Rare Cards Sparkle","Relic Stats","StSLib","SuperFastMode","everything is the same but u backflip on backflip"],"gold_per_floor":[113,126,146,162,181,197,197,247,272,290,290,307,318,336,336,336,336],"floor_reached":16,"language":"KOR","playtime":285,"items_purged":[],"score":200,"play_id":"080be15c-6fb8-4132-9387-6e6836744082","local_time":"20210224000838","is_ascension_mode":true,"campfire_choices":[{"data":"White Noise","floor":7.0,"key":"SMITH"},{"data":"Zap","floor":11,"key":"SMITH"},{"data":"Chaos","floor":15,"key":"SMITH"}],"circlet_count":0,"master_deck":["AscendersBane","Strike_B","Strike_B","Strike_B","Strike_B","Defend_B","Defend_B","Defend_B","Defend_B","Zap+1","Dualcast","Echo Form","White Noise+1","Cold Snap","BootSequence","Sweeping Beam","Melter","Turbo","Chaos+1"],"relics":["Cracked Core","Lantern"],"acts_visited":["Exordium"],"potions_floor_usage":[16,16],"damage_taken":[{"damage":1.0,"enemies":"Cultist","floor":1.0,"turns":3.0},{"damage":5.0,"enemies":"2 Louse","floor":2.0,"turns":3.0},{"damage":7.0,"enemies":"Small Slimes","floor":3.0,"turns":3.0},{"damage":14.0,"enemies":"Blue Slaver","floor":4.0,"turns":4.0},{"damage":1.0,"enemies":"3 Louse","floor":5.0,"turns":4.0},{"damage":5.0,"enemies":"Large Slime","floor":6.0,"turns":5.0},{"damage":2,"enemies":"Red Slaver","floor":10,"turns":3},{"damage":0,"enemies":"2 Fungi Beasts","floor":12,"turns":2},{"damage":4,"enemies":"3 Louse","floor":13,"turns":3},{"damage":4,"enemies":"Exordium Wildlife","floor":14,"turns":3},{"damage":38,"enemies":"Slime Boss","floor":16,"turns":5}],"seed_played":"-407297079453899256","potions_obtained":[{"floor":2.0,"key":"SpeedPotion"},{"floor":4.0,"key":"Weak Potion"},{"floor":6.0,"key":"Regen Potion"},{"floor":14,"key":"BlessingOfTheForge"}],"is_trial":false,"path_per_floor":["M","M","M","M","M","M","R","?","T","M","R","M","M","M","R","B"],"character_chosen":"DEFECT","items_purchased":[],"campfire_rested":0,"item_purchase_floors":[],"current_hp_per_floor":[63,58,51,37,36,31,31,24,24,22,22,22,18,14,14,0,0],"gold":336,"neow_bonus":"ONE_RANDOM_RARE_CARD","is_daily":false,"chose_seed":false,"campfire_upgraded":3,"win_rate":0.0,"timestamp":1614092918,"path_taken":["M","M","M","M","?","M","R","?","T","M","R","?","M","M","R","BOSS"],"items_purchased_type":[],"build_version":"2020-12-22","purchased_purges":0,"victory":false,"max_hp_per_floor":[71,71,71,71,71,71,71,71,71,71,71,71,71,71,71,71,71],"relic_stats":{"counters":[11,38],"obtain_stats":[{"Lantern":9,"Cracked Core":0},{"Lantern":6,"Cracked Core":0},{"Lantern":22,"Cracked Core":0}]},"card_choices":[{"not_picked":["Streamline","Leap"],"picked":"White Noise","floor":1.0},{"not_picked":["Reprogram","Double Energy"],"picked":"Cold Snap","floor":2.0},{"not_picked":["Auto Shields","Storm"],"picked":"BootSequence","floor":3.0},{"not_picked":["Stack","Gash","Amplify"],"picked":"SKIP","floor":4.0},{"not_picked":["Stack","Gash","Amplify"],"picked":"SKIP","floor":4.0},{"not_picked":["Rebound","Hologram"],"picked":"Sweeping Beam","floor":5.0},{"not_picked":["Redo","Steam","Stack"],"picked":"SKIP","floor":6.0},{"not_picked":["Conserve Battery","Stack"],"picked":"Melter","floor":10},{"not_picked":["Reinforced Body","Barrage"],"picked":"Turbo","floor":12},{"not_picked":["Turbo","Hologram"],"picked":"Chaos","floor":13},{"not_picked":["Go for the Eyes","Sweeping Beam","Reinforced Body"],"picked":"SKIP","floor":14},{"not_picked":["Go for the Eyes","Sweeping Beam","Reinforced Body"],"picked":"SKIP","floor":14},{"not_picked":["Go for the Eyes","Sweeping Beam","Reinforced Body"],"picked":"SKIP","floor":14}],"player_experience":1820605,"relics_obtained":[{"floor":9,"key":"Lantern"}],"event_choices":[{"damage_healed":0,"gold_gain":50,"player_choice":"Touch","damage_taken":7,"max_hp_gain":0,"max_hp_loss":0,"event_name":"FaceTrader","floor":8,"gold_loss":0}],"is_beta":false,"boss_relics":[],"items_purged_floors":[],"is_endless":false,"potions_floor_spawned":[2,4,6,10,13,14],"killed_by":"Slime Boss","ascension_level":20}}