{"host":"ev0u5pyx0moiq7pp","time":1614087630,"event":{"mods":["Act Like it!","BaseMod","CapriCore","Challenge The Spire","Colored Map","Colored Powertips","Custom Start","DeckTracker","Elementarium","Energized Spire","Hubris","Koishi","Luminous","Minty Spire (QoL Compilation)","Quick Restart","Random Character Button","Ruina","Shop Mod","StSLib","Synergy Search","The Bladedancer","The Bug Knight","The Hierophant","The Immortal","The Necromancer","The Runesmith"],"gold_per_floor":[119,294,294,294,13,53,77,77,77],"floor_reached":8,"language":"DEU","playtime":281,"items_purged":[],"score":99,"play_id":"e29ee450-dcd1-4452-b1e2-36201184ddb7","local_time":"20210223144030","is_ascension_mode":true,"campfire_choices":[],"circlet_count":0,"master_deck":["Strike_W","Strike_W","Strike_W","Strike_W","Defend_W","Defend_W","Defend_W","Defend_W","Negative_Energy_Arrows","Bone_Wall","Stop_Heart","Bone_Armory","Bones_to_Steel","Life_Drain","Siphon_Strength"],"relics":["Vampire_Amulet","NeowsBlessing","Golden Idol","hubris:HerbalPaste","Peace Pipe"],"acts_visited":["Exordium"],"potions_floor_usage":[],"damage_taken":[{"damage":0,"enemies":"Jaw Worm","floor":1,"turns":1},{"damage":0,"enemies":"Gremlin Nob","floor":6,"turns":1},{"damage":0,"enemies":"Small Slimes","floor":7,"turns":1},{"damage":73,"enemies":"3 Sentries","floor":8,"turns":9}],"seed_played":"-7292378287298302134","potions_obtained":[],"is_trial":false,"path_per_floor":["M","?","?","?","$","E","M","E"],"character_chosen":"NECROMANCER","items_purchased":["Bone_Armory","Bones_to_Steel","hubris:HerbalPaste"],"campfire_rested":0,"item_purchase_floors":[5,5,5],"current_hp_per_floor":[75,75,68,50,50,52,56,0,0],"gold":77,"neow_bonus":"THREE_ENEMY_KILL","is_daily":false,"chose_seed":false,"campfire_upgraded":0,"win_rate":0.0,"timestamp":1614087630,"path_taken":["M","?","?","?","?","E","?","E"],"items_purchased_type":["Card","Card","Relic"],"build_version":"2020-12-22","purchased_purges":0,"victory":false,"max_hp_per_floor":[75,75,75,75,75,75,75,75,75],"card_choices":[{"not_picked":["Finger_Of_Death","Death_March_Dance"],"picked":"Stop_Heart","floor":1},{"not_picked":["Acid_Javelin","Negative_Energy_Shield"],"picked":"Life_Drain","floor":6},{"not_picked":["Consume_Illness","Negative_Energy_Mist"],"picked":"Siphon_Strength","floor":7}],"player_experience":576241,"relics_obtained":[{"floor":6,"key":"Peace Pipe"}],"event_choices":[{"damage_healed":0,"gold_gain":175,"player_choice":"AGREE","damage_taken":0,"max_hp_gain":0,"max_hp_loss":0,"event_name":"Liars Game","floor":2,"gold_loss":0,"cards_obtained":["Doubt"]},{"cards_removed":["Doubt"],"damage_healed":0,"gold_gain":0,"player_choice":"Card Removal","damage_taken":7,"max_hp_gain":0,"max_hp_loss":0,"event_name":"Golden Wing","floor":3,"gold_loss":0},{"damage_healed":0,"gold_gain":0,"player_choice":"Take Damage","damage_taken":18,"relics_obtained":["Golden Idol"],"max_hp_gain":0,"max_hp_loss":0,"event_name":"Golden Idol","floor":4,"gold_loss":0}],"is_beta":false,"boss_relics":[],"items_purged_floors":[],"is_endless":false,"potions_floor_spawned":[],"killed_by":"3 Sentries","ascension_level":5}}