{"host":"2l5k2wp87eek7qja","time":1614094000,"event":{"mods":["BaseMod","Colored Map","Minty Spire (QoL Compilation)","Relic Stats"],"gold_per_floor":[214,214,229,254,279,279,300,300,350,350,350],"floor_reached":10,"language":"ENG","playtime":261,"items_purged":[],"score":120,"play_id":"3aae2daf-5bb5-437b-8146-4f3d3e66b2a1","local_time":"20210223172640","is_ascension_mode":true,"campfire_choices":[{"data":"Bane","floor":6,"key":"SMITH"},{"data":"Bane","floor":8,"key":"SMITH"}],"circlet_count":0,"master_deck":["AscendersBane","Strike_G","Strike_G","Strike_G","Strike_G","Strike_G","Defend_G","Defend_G","Defend_G","Defend_G","Defend_G","Survivor","Neutralize","Poisoned Stab","Bane+1","Crippling Poison","Bane+1","Burst"],"relics":["Ring of the Snake","Golden Idol","Pen Nib"],"acts_visited":["Exordium"],"potions_floor_usage":[7],"damage_taken":[{"damage":16,"enemies":"Jaw Worm","floor":1,"turns":7},{"damage":2,"enemies":"2 Louse","floor":3,"turns":2},{"damage":5,"enemies":"Small Slimes","floor":4,"turns":4},{"damage":10,"enemies":"Looter","floor":5,"turns":4},{"damage":0,"enemies":"Blue Slaver","floor":7,"turns":1},{"damage":31,"enemies":"Gremlin Nob","floor":10,"turns":3}],"seed_played":"8416967562393407803","potions_obtained":[{"floor":5,"key":"Explosive Potion"}],"is_trial":false,"path_per_floor":["M","?","M","M","M","R","M","R","T","E"],"character_chosen":"THE_SILENT","items_purchased":[],"campfire_rested":0,"item_purchase_floors":[],"current_hp_per_floor":[43,43,41,36,26,26,26,26,26,0,0],"gold":350,"neow_bonus":"HUNDRED_GOLD","is_daily":false,"chose_seed":false,"campfire_upgraded":2,"win_rate":0.0,"timestamp":1614094000,"path_taken":["M","?","M","M","M","R","M","R","T","E"],"items_purchased_type":[],"build_version":"2020-12-22","purchased_purges":0,"victory":false,"max_hp_per_floor":[66,60,60,60,60,60,60,60,60,60,60],"relic_stats":{"counters":[6,21],"Golden Idol":17,"Pen Nib":[0],"obtain_stats":[{"Golden Idol":2,"Pen Nib":9,"Ring of the Snake":0},{"Golden Idol":1,"Pen Nib":5,"Ring of the Snake":0},{"Golden Idol":7,"Pen Nib":18,"Ring of the Snake":0}],"Ring of the Snake":[12]},"card_choices":[{"not_picked":["Bane","Reflex"],"picked":"Poisoned Stab","floor":1},{"not_picked":["Backflip","Acrobatics"],"picked":"Bane","floor":3},{"not_picked":["Poisoned Stab","Acrobatics"],"picked":"Crippling Poison","floor":4},{"not_picked":["Slice","Dagger Throw"],"picked":"Bane","floor":5},{"not_picked":["Endless Agony","Escape Plan"],"picked":"Burst","floor":7}],"player_experience":860129,"relics_obtained":[{"floor":9,"key":"Pen Nib"}],"event_choices":[{"damage_healed":0,"gold_gain":0,"player_choice":"Lose Max HP","damage_taken":0,"relics_obtained":["Golden Idol"],"max_hp_gain":0,"max_hp_loss":6,"event_name":"Golden Idol","floor":2,"gold_loss":0}],"is_beta":false,"boss_relics":[],"items_purged_floors":[],"is_endless":false,"potions_floor_spawned":[5],"killed_by":"Gremlin Nob","ascension_level":20}}