{"host":"7nm1ow5v9mg4ehcw","time":1614081007,"event":{"mods":["BaseMod","Minty Spire (QoL Compilation)","Relic Stats","StSLib"],"gold_per_floor":[16,35,52,17,17,47,65,65,65,83,83,93,125,139,139,210,210,226,226,246,99,117,145,145,145,214,242,91,91,101,120,120,191,191,204,250,17,17,34,64,77,77,77,77,103,117,133,33,33,33],"floor_reached":51,"language":"ENG","playtime":3277,"items_purged":["Bullet Time","Strike_G+1"],"score":1572,"play_id":"cab53771-8b83-4c40-b969-67ae40c19a87","local_time":"20210223125007","is_ascension_mode":true,"campfire_choices":[{"floor":8,"key":"REST"},{"data":"Blade Dance","floor":11,"key":"SMITH"},{"data":"Well Laid Plans","floor":15,"key":"SMITH"},{"data":"After Image","floor":24,"key":"SMITH"},{"data":"Wraith Form v2","floor":29,"key":"SMITH"},{"data":"Choke","floor":32,"key":"SMITH"},{"data":"Cloak And Dagger","floor":42,"key":"SMITH"},{"floor":44,"key":"REST"},{"data":"Finisher","floor":49,"key":"SMITH"}],"circlet_count":0,"master_deck":["AscendersBane","Strike_G+1","Defend_G+1","Defend_G+1","Defend_G+1","Defend_G+1","Defend_G+1","Survivor","Neutralize","Quick Slash","Cloak And Dagger+1","Choke+1","Adrenaline","Blade Dance+1","Outmaneuver","Well Laid Plans+1","Deflect","Wraith Form v2+1","After Image+1","Masterful Stab","Predator","Escape Plan","Endless Agony","Finisher+1","PiercingWail+1","PiercingWail","Adrenaline","Accuracy+1","Leg Sweep+1","Dagger Throw","Flying Knee","Die Die Die"],"relics":["Ring of the Snake","Unceasing Top","InkBottle","Letter Opener","Ninja Scroll","Sozu","Nunchaku","Dream Catcher","HornCleat","Lantern","Philosopher\u0027s Stone","Ginger","Happy Flower","MealTicket","Regal Pillow","Strawberry"],"acts_visited":["Exordium","TheCity","TheBeyond"],"potions_floor_usage":[13,16,50],"damage_taken":[{"damage":0,"enemies":"2 Louse","floor":1,"turns":2},{"damage":0,"enemies":"Small Slimes","floor":2,"turns":3},{"damage":2,"enemies":"Jaw Worm","floor":3,"turns":5},{"damage":37,"enemies":"Gremlin Nob","floor":6,"turns":5},{"damage":0,"enemies":"Exordium Wildlife","floor":7,"turns":4},{"damage":2,"enemies":"3 Louse","floor":10,"turns":3},{"damage":2,"enemies":"Exordium Thugs","floor":12,"turns":4},{"damage":0,"enemies":"Lagavulin","floor":13,"turns":4},{"damage":0,"enemies":"2 Fungi Beasts","floor":14,"turns":1},{"damage":21,"enemies":"Hexaghost","floor":16,"turns":11},{"damage":0,"enemies":"3 Byrds","floor":18,"turns":4},{"damage":0,"enemies":"Chosen","floor":20,"turns":2},{"damage":0,"enemies":"Centurion and Healer","floor":22,"turns":4},{"damage":0,"enemies":"Gremlin Leader","floor":23,"turns":7},{"damage":0,"enemies":"Book of Stabbing","floor":27,"turns":5},{"damage":0,"enemies":"Snecko","floor":30,"turns":2},{"damage":0,"enemies":"Snake Plant","floor":31,"turns":3},{"damage":0,"enemies":"Automaton","floor":33,"turns":9},{"damage":0,"enemies":"Orb Walker","floor":35,"turns":4},{"damage":0,"enemies":"2 Orb Walkers","floor":36,"turns":4},{"damage":0,"enemies":"3 Shapes","floor":39,"turns":2},{"damage":18,"enemies":"Reptomancer","floor":40,"turns":5},{"damage":0,"enemies":"Sphere and 2 Shapes","floor":41,"turns":3},{"damage":0,"enemies":"Giant Head","floor":45,"turns":6},{"damage":0,"enemies":"Jaw Worm Horde","floor":46,"turns":4},{"damage":0,"enemies":"Spire Growth","floor":47,"turns":2},{"damage":18,"enemies":"Donu and Deca","floor":50,"turns":9}],"seed_played":"-2310427916521783917","potions_obtained":[{"floor":7,"key":"LiquidBronze"},{"floor":10,"key":"Dexterity Potion"},{"floor":12,"key":"Strength Potion"},{"floor":13,"key":"LiquidMemories"}],"is_trial":false,"path_per_floor":["M","M","M","?","?","E","M","R","T","M","R","M","E","M","R","B",null,"M","?","M","$","M","E","R","?","T","E","$","R","M","M","R","B",null,"M","?","$","?","M","E","M","R","T","R","E","M","M","$","R","B",null],"character_chosen":"THE_SILENT","items_purchased":["Nunchaku","Finisher","Accuracy","Happy Flower"],"campfire_rested":2,"item_purchase_floors":[21,28,37,37],"current_hp_per_floor":[59,59,57,66,59,22,22,41,41,39,39,37,37,37,37,16,54,54,54,54,54,54,54,54,54,54,54,54,54,54,54,54,54,63,63,63,63,63,63,45,45,45,45,66,73,73,73,73,73,55],"gold":33,"neow_bonus":"ONE_RARE_RELIC","is_daily":false,"chose_seed":false,"campfire_upgraded":7,"win_rate":0.0,"timestamp":1614081007,"path_taken":["M","M","M","?","?","E","M","R","T","M","R","M","E","M","R","BOSS","M","?","M","$","M","E","R","?","T","E","?","R","M","M","R","BOSS","M","?","?","?","M","E","M","R","T","R","E","M","M","$","R","BOSS"],"items_purchased_type":["Relic","Card","Card","Relic"],"build_version":"2020-12-22","purchased_purges":2,"victory":true,"max_hp_per_floor":[66,66,66,66,66,66,66,66,66,66,66,66,66,66,66,66,66,66,66,66,66,66,66,66,66,66,66,66,66,66,66,66,66,66,66,66,66,66,66,66,66,66,66,66,73,73,73,73,73,73],"relic_stats":{"Regal Pillow":2,"Happy Flower":[10],"counters":[27,117],"Letter Opener":[385],"Ginger":[3],"Sozu":6,"Nunchaku":[31],"Dream Catcher":1,"MealTicket":0,"obtain_stats":[{"Lantern":27,"Regal Pillow":43,"Happy Flower":37,"Letter Opener":9,"Ginger":36,"Sozu":17,"Nunchaku":21,"Dream Catcher":23,"HornCleat":26,"Ninja Scroll":13,"Strawberry":45,"Philosopher\u0027s Stone":34,"MealTicket":40,"Unceasing Top":0,"InkBottle":6,"Ring of the Snake":0},{"Lantern":15,"Regal Pillow":23,"Happy Flower":20,"Letter Opener":5,"Ginger":20,"Sozu":10,"Nunchaku":12,"Dream Catcher":14,"HornCleat":14,"Ninja Scroll":8,"Strawberry":24,"Philosopher\u0027s Stone":18,"MealTicket":22,"Unceasing Top":0,"InkBottle":4,"Ring of the Snake":0},{"Lantern":64,"Regal Pillow":96,"Happy Flower":86,"Letter Opener":19,"Ginger":86,"Sozu":42,"Nunchaku":48,"Dream Catcher":59,"HornCleat":59,"Ninja Scroll":30,"Strawberry":102,"Philosopher\u0027s Stone":78,"MealTicket":93,"Unceasing Top":0,"InkBottle":15,"Ring of the Snake":0}],"Unceasing Top":[13],"InkBottle":[72],"Ring of the Snake":[52]},"card_choices":[{"not_picked":["Underhanded Strike","Dodge and Roll"],"picked":"Quick Slash","floor":1},{"not_picked":["Expertise","Predator"],"picked":"Cloak And Dagger","floor":2},{"not_picked":["Skewer","Dodge and Roll"],"picked":"Choke","floor":3},{"not_picked":["Sucker Punch","Bane"],"picked":"Adrenaline","floor":6},{"not_picked":["Prepared","Deflect"],"picked":"Blade Dance","floor":7},{"not_picked":["Endless Agony","Expertise"],"picked":"Outmaneuver","floor":10},{"not_picked":["Acrobatics","Cloak And Dagger"],"picked":"Well Laid Plans","floor":12},{"not_picked":["Predator","Underhanded Strike"],"picked":"Deflect","floor":13},{"not_picked":["PiercingWail","Backflip"],"picked":"Wraith Form v2","floor":14},{"not_picked":["Phantasmal Killer","Tools of the Trade"],"picked":"After Image","floor":16},{"not_picked":["Skewer","Bane"],"picked":"Masterful Stab","floor":18},{"not_picked":["Predator","Sucker Punch"],"picked":"Escape Plan","floor":20},{"not_picked":["Poisoned Stab","Riddle With Holes+1","Skewer"],"picked":"SKIP","floor":22},{"not_picked":["Backstab","Prepared"],"picked":"Endless Agony","floor":23},{"not_picked":["Quick Slash","Masterful Stab","Deadly Poison"],"picked":"SKIP","floor":27},{"not_picked":["Prepared","Escape Plan"],"picked":"PiercingWail+1","floor":30},{"not_picked":["Deflect","Cloak And Dagger"],"picked":"PiercingWail","floor":31},{"not_picked":["Doppelganger","Die Die Die"],"picked":"Adrenaline","floor":33},{"not_picked":["Crippling Poison","Deflect","PiercingWail"],"picked":"SKIP","floor":35},{"not_picked":["Infinite Blades","Dagger Throw+1"],"picked":"Leg Sweep+1","floor":39},{"not_picked":["Backflip","Setup"],"picked":"Dagger Throw","floor":40},{"not_picked":["Sucker Punch","Dagger Spray","Dagger Throw"],"picked":"SKIP","floor":41},{"not_picked":["Bane","Dagger Spray"],"picked":"Flying Knee","floor":45},{"not_picked":["Die Die Die","Sucker Punch","Dagger Spray+1"],"picked":"SKIP","floor":46},{"not_picked":["Sucker Punch","Dagger Spray+1"],"picked":"Die Die Die","floor":46},{"not_picked":["Deflect","Slice","Setup+1"],"picked":"SKIP","floor":47}],"player_experience":401682,"relics_obtained":[{"floor":6,"key":"InkBottle"},{"floor":9,"key":"Letter Opener"},{"floor":13,"key":"Ninja Scroll"},{"floor":23,"key":"Dream Catcher"},{"floor":26,"key":"HornCleat"},{"floor":27,"key":"Lantern"},{"floor":36,"key":"Ginger"},{"floor":40,"key":"MealTicket"},{"floor":43,"key":"Regal Pillow"},{"floor":45,"key":"Strawberry"}],"event_choices":[{"damage_healed":16,"gold_gain":0,"player_choice":"Healed","damage_taken":0,"max_hp_gain":0,"max_hp_loss":0,"event_name":"The Cleric","floor":4,"gold_loss":35},{"cards_removed":["Strike_G"],"damage_healed":0,"gold_gain":0,"player_choice":"Card Removal","damage_taken":7,"max_hp_gain":0,"max_hp_loss":0,"event_name":"Golden Wing","floor":5,"gold_loss":0},{"damage_healed":0,"gold_gain":0,"cards_transformed":["Strike_G","Strike_G"],"player_choice":"Became Test Subject","damage_taken":0,"max_hp_gain":0,"max_hp_loss":0,"event_name":"Drug Dealer","floor":19,"gold_loss":0,"cards_obtained":["Predator","Bullet Time"]},{"damage_healed":0,"gold_gain":0,"player_choice":"Simplicity","damage_taken":0,"max_hp_gain":0,"max_hp_loss":0,"event_name":"Back to Basics","floor":25,"gold_loss":0,"cards_upgraded":["Strike_G","Strike_G","Defend_G","Defend_G","Defend_G","Defend_G","Defend_G"]},{"damage_healed":0,"gold_gain":0,"player_choice":"Fight","damage_taken":0,"max_hp_gain":0,"max_hp_loss":0,"event_name":"Mysterious Sphere","floor":36,"gold_loss":0},{"damage_healed":0,"gold_gain":0,"player_choice":"Upgraded","damage_taken":0,"max_hp_gain":0,"max_hp_loss":0,"event_name":"Upgrade Shrine","floor":38,"gold_loss":0,"cards_upgraded":["Accuracy"]}],"is_beta":false,"boss_relics":[{"not_picked":["Runic Pyramid","Empty Cage"],"picked":"Sozu"},{"not_picked":["Astrolabe","Pandora\u0027s Box"],"picked":"Philosopher\u0027s Stone"}],"items_purged_floors":[28,48],"is_endless":false,"potions_floor_spawned":[7,10,12,13,14,20,31,33,39,40,47],"ascension_level":15}}