{"host":"sav7uxregyirlf69","time":1614043106,"event":{"mods":["AchievementEnabler","BaseMod","Colored Map","DeckTracker","Keyboard Shortcuts","Minty Spire (QoL Compilation)","READ ME - Guardian Mod","StSLib","SuperFastMode"],"gold_per_floor":[118,168,188,198,41,68,68,68,68,401,163,180,195,195,195,195,195],"floor_reached":16,"language":"KOR","playtime":277,"items_purged":["Pain"],"score":220,"play_id":"61b50902-a3aa-4af0-8b0b-190bb18c2baf","local_time":"20210223101826","is_ascension_mode":true,"campfire_choices":[{"floor":7.0,"key":"REST"},{"data":"Flame Barrier","floor":15,"key":"SMITH"}],"circlet_count":0,"master_deck":["AscendersBane","Strike_R","Strike_R","Strike_R","Strike_R","Strike_R","Defend_R","Defend_R","Defend_R","Defend_R","Bash","Pommel Strike","Clothesline","Immolate","Flame Barrier+1","Shrug It Off"],"relics":["Burning Blood","Incense Burner","Lantern","The Courier","WarpedTongs","Happy Flower","Old Coin","Vajra"],"acts_visited":["Exordium"],"potions_floor_usage":[10,13],"damage_taken":[{"damage":6.0,"enemies":"Cultist","floor":1.0,"turns":3.0},{"damage":15.0,"enemies":"Small Slimes","floor":3.0,"turns":3.0},{"damage":9.0,"enemies":"2 Louse","floor":4.0,"turns":2.0},{"damage":51.0,"enemies":"3 Sentries","floor":6.0,"turns":11.0},{"damage":19,"enemies":"Lagavulin","floor":10,"turns":6},{"damage":4,"enemies":"Exordium Wildlife","floor":12,"turns":3},{"damage":0,"enemies":"Lots of Slimes","floor":13,"turns":1},{"damage":44,"enemies":"Hexaghost","floor":16,"turns":9}],"seed_played":"8967848238148096231","potions_obtained":[{"floor":1.0,"key":"FearPotion"},{"floor":4.0,"key":"Regen Potion"},{"floor":12,"key":"Ancient Potion"}],"is_trial":false,"path_per_floor":["M","?","M","M","$","E","R","?","T","E","$","M","M","?","R","B"],"character_chosen":"IRONCLAD","items_purchased":["Lantern","Vajra","AttackPotion"],"campfire_rested":1,"item_purchase_floors":[5,11,11],"current_hp_per_floor":[68,68,59,56,56,26,48,48,48,35,35,37,43,43,43,0,0],"gold":195,"neow_bonus":"ONE_RARE_RELIC","is_daily":false,"chose_seed":false,"campfire_upgraded":1,"win_rate":0.0,"timestamp":1614043106,"path_taken":["M","?","M","?","?","E","R","?","T","E","$","M","?","?","R","BOSS"],"items_purchased_type":["Relic","Relic","Potion"],"build_version":"2020-12-22","purchased_purges":1,"victory":false,"max_hp_per_floor":[75,75,75,75,75,75,75,75,75,75,75,75,75,75,75,75,75],"card_choices":[{"not_picked":["Power Through","Body Slam"],"picked":"Pommel Strike","floor":1.0},{"not_picked":["Headbutt","Havoc","Seeing Red"],"picked":"SKIP","floor":3.0},{"not_picked":["Bloodletting","Warcry"],"picked":"Clothesline","floor":4.0},{"not_picked":["Wild Strike","Entrench"],"picked":"Immolate","floor":6.0},{"not_picked":["Reaper","Pommel Strike"],"picked":"Flame Barrier","floor":10},{"not_picked":["Flex","Wild Strike","Sword Boomerang"],"picked":"SKIP","floor":12},{"not_picked":["Searing Blow","Heavy Blade"],"picked":"Shrug It Off","floor":13}],"player_experience":1662111,"relics_obtained":[{"floor":6.0,"key":"The Courier"},{"floor":9.0,"key":"Happy Flower"},{"floor":10,"key":"Old Coin"}],"event_choices":[{"damage_healed":0.0,"max_hp_gain":0.0,"max_hp_loss":0.0,"gold_gain":50.0,"event_name":"Golden Shrine","player_choice":"Pray","floor":2.0,"gold_loss":0.0,"damage_taken":0.0},{"damage_healed":0.0,"max_hp_gain":0.0,"max_hp_loss":0.0,"gold_gain":0.0,"event_name":"Accursed Blacksmith","player_choice":"Rummage","floor":8.0,"gold_loss":0.0,"damage_taken":0.0,"relics_obtained":["WarpedTongs"],"cards_obtained":["Pain"]},{"cards_removed":["Injury"],"damage_healed":0,"gold_gain":0,"player_choice":"Forget","damage_taken":0,"max_hp_gain":0,"max_hp_loss":0,"event_name":"Living Wall","floor":14,"gold_loss":0}],"is_beta":false,"boss_relics":[],"items_purged_floors":[11],"is_endless":false,"potions_floor_spawned":[1,4,12],"killed_by":"Hexaghost","ascension_level":20}}