{"host":"c64dsqyrqv0ei9yn","time":1614085854,"event":{"mods":["Act Like it!","Arknights","BaseMod","Bestiary","CapriCore","Chen","Colored Map","Colored Powertips","Curses Come First","Hermit","Koishi","LagranYue(ùfäiòNÅEåé)","MarisaÅiñ∂âJÅ@ñÇóùçπÅj","Minty Spire (QoL Compilation)","Prisma Mod","Random Character Button","ReimuÅiîé??öÎÅj","RemiliaÅiÂQïƒ‰ª?Åj","StSLib","The Administrix","The Alterego","The Immortal","The Marked","The Saiyan","The Senshi","The Servant 0.9.4","The Wild Card","TheSwordswoman","Waifu the Spire","WarShipGirlsR/??è≠èóR mod","slay the spire mod where everything is the same but ironclad has a cowboy hat"],"gold_per_floor":[217,217,217,229,150,180,180,213,290,47,47,47,47,63,63,166,166,184,234,245,7,25,25,52,52,79,79,79,79,96,110,110,206,206,247,259,119,157,198,198,227,227,227,227,72,84,84,84,84,84],"floor_reached":51,"language":"ENG","playtime":4903,"items_purged":["AdministrixMod:Strike_Administrix","AdministrixMod:Strike_Administrix"],"score":653,"play_id":"47d71c4f-a138-4b84-8175-44893c429fce","local_time":"20210223131054","is_ascension_mode":false,"campfire_choices":[{"floor":7,"key":"REST"},{"data":"AdministrixMod:FaithfulFlames","floor":11,"key":"SMITH"},{"data":"AdministrixMod:JustRewards","floor":13,"key":"SMITH"},{"floor":15,"key":"REST"},{"floor":23,"key":"REST"},{"data":"AdministrixMod:LuminaryPath","floor":25,"key":"SMITH"},{"data":"AdministrixMod:DreamsMausoleum","floor":27,"key":"SMITH"},{"data":"HandOfGreed","floor":29,"key":"SMITH"},{"floor":32,"key":"REST"},{"floor":40,"key":"REST"},{"data":"AdministrixMod:BegetEternity","floor":44,"key":"SMITH"},{"floor":47,"key":"REST"},{"data":"AdministrixMod:NewWardrobe","floor":49,"key":"SMITH"}],"circlet_count":0,"master_deck":["AdministrixMod:Strike_Administrix","AdministrixMod:RedCloak","AdministrixMod:Defend_Administrix","AdministrixMod:Defend_Administrix","AdministrixMod:Defend_Administrix","AdministrixMod:BlueCloak","AdministrixMod:NoblePath+1","AdministrixMod:RebukeDesires","AdministrixMod:JustRewards+1","AdministrixMod:DreamsMausoleum+1","AdministrixMod:FaithfulFlames+1","AdministrixMod:LuminaryPath+1","AdministrixMod:SipOfSparks+1","HandOfGreed+1","AdministrixMod:Untouchable+1","AdministrixMod:BegetEternity+1","AdministrixMod:JustRewards+1","AdministrixMod:GirlsDoItBetter","AdministrixMod:RisingSunPrince","AdministrixMod:NewWardrobe+1"],"relics":["AdministrixMod:ConductorRitualBaton","ScarletDevilRocket","Mummified Hand","White Beast Statue","Shuriken","Black Star","StoneCalendar","LagranYue:MagicReflectiveArmorRelic","Anchor","LagranYue:SoulBurningRelic","Eternal Feather","Nunchaku","Dream Catcher","AdministrixMod:DragonsEyeCharm"],"acts_visited":["Exordium","TheCity","TheBeyond"],"potions_floor_usage":[33,48,50,50],"damage_taken":[{"damage":0,"enemies":"Small Slimes","floor":1,"turns":4},{"damage":0,"enemies":"Cultist","floor":4,"turns":3},{"damage":19,"enemies":"Lagavulin","floor":6,"turns":6},{"damage":15,"enemies":"3 Sentries","floor":8,"turns":6},{"damage":0,"enemies":"2 Louse","floor":14,"turns":1},{"damage":33,"enemies":"Hexaghost","floor":16,"turns":6},{"damage":10,"enemies":"Spheric Guardian","floor":18,"turns":5},{"damage":6,"enemies":"Shell Parasite","floor":20,"turns":4},{"damage":7,"enemies":"Snecko","floor":22,"turns":4},{"damage":13,"enemies":"Gremlin Leader","floor":24,"turns":6},{"damage":0,"enemies":"Centurion and Healer","floor":30,"turns":6},{"damage":0,"enemies":"Chosen and Byrds","floor":31,"turns":6},{"damage":29,"enemies":"Collector","floor":33,"turns":8},{"damage":24,"enemies":"3 Darklings","floor":35,"turns":4},{"damage":10,"enemies":"Orb Walker","floor":36,"turns":3},{"damage":3,"enemies":"4 Shapes","floor":38,"turns":3},{"damage":0,"enemies":"Sphere and 2 Shapes","floor":39,"turns":3},{"damage":1,"enemies":"Giant Head","floor":41,"turns":8},{"damage":15,"enemies":"Writhing Mass","floor":46,"turns":5},{"damage":0,"enemies":"Maw","floor":48,"turns":2},{"damage":11,"enemies":"Time Eater","floor":50,"turns":13}],"seed_played":"257653062352226339","potions_obtained":[{"floor":4,"key":"SneckoOil"},{"floor":14,"key":"BlessingOfTheForge"},{"floor":16,"key":"SteroidPotion"},{"floor":33,"key":"Fruit Juice"},{"floor":35,"key":"SteroidPotion"},{"floor":39,"key":"AdministrixMod:AttunementTonic"},{"floor":46,"key":"SmokeBomb"}],"is_trial":false,"path_per_floor":["M","?","?","M","$","E","R","E","T","$","R","$","R","M","R","B",null,"M","?","M","$","M","R","E","R","T","R","?","R","M","M","R","B",null,"M","M","$","M","M","R","E","?","T","R","$","M","R","M","R","B",null],"character_chosen":"TheAdministrix","items_purchased":["AdministrixMod:JustRewards","Shuriken","HandOfGreed","AdministrixMod:RisingSunPrince","AdministrixMod:DragonsEyeCharm"],"campfire_rested":6,"item_purchase_floors":[5,10,21,37,45],"current_hp_per_floor":[65,59,59,59,59,40,59,44,44,44,44,44,44,44,63,30,65,55,55,49,49,42,61,48,48,48,48,48,48,48,48,65,41,70,46,36,36,33,33,53,52,52,52,60,60,45,70,70,70,59],"gold":84,"neow_bonus":"HUNDRED_GOLD","is_daily":false,"chose_seed":false,"campfire_upgraded":7,"win_rate":0.0,"timestamp":1614085854,"path_taken":["M","?","?","?","$","E","R","E","T","$","R","?","R","M","R","BOSS","M","?","?","$","M","R","E","R","T","R","?","R","M","M","R","BOSS","M","M","$","M","M","R","E","?","T","R","?","M","R","M","R","BOSS"],"items_purchased_type":["Card","Relic","Card","Card","Relic"],"build_version":"2020-12-22","purchased_purges":2,"victory":true,"max_hp_per_floor":[65,65,65,65,65,65,65,65,65,65,65,65,65,65,65,65,65,65,65,65,65,65,65,65,65,65,65,65,65,65,65,65,70,70,70,70,70,70,70,70,70,70,70,70,70,70,70,70,70,70],"card_choices":[{"not_picked":["AdministrixMod:CenturiesAscent","AdministrixMod:FuneraryRites"],"picked":"AdministrixMod:NoblePath","floor":1},{"not_picked":["AdministrixMod:TrickOfTheLight","AdministrixMod:PlateOfAntiquity"],"picked":"AdministrixMod:RebukeDesires","floor":4},{"not_picked":["AdministrixMod:SipOfSparks","AdministrixMod:ImmortalGrace"],"picked":"AdministrixMod:DreamsMausoleum","floor":6},{"not_picked":["AdministrixMod:ImmortalGrace","AdministrixMod:CastOffRegrets"],"picked":"AdministrixMod:FaithfulFlames","floor":8},{"not_picked":["AdministrixMod:UnstableVigor","AdministrixMod:BloodBargain","AdministrixMod:SyncreticPlunge"],"picked":"SKIP","floor":14},{"not_picked":["AdministrixMod:Schism","AdministrixMod:LifeforceNet"],"picked":"AdministrixMod:LuminaryPath","floor":16},{"not_picked":["AdministrixMod:QuietConspiracy","AdministrixMod:SipOfSparks","AdministrixMod:SealAway"],"picked":"SKIP","floor":18},{"not_picked":["AdministrixMod:ShadowPlay","AdministrixMod:PassageOfAges"],"picked":"AdministrixMod:SipOfSparks+1","floor":20},{"not_picked":["AdministrixMod:ShadowPlay","AdministrixMod:FuneraryRites+1","AdministrixMod:FiendishCrimson"],"picked":"SKIP","floor":22},{"not_picked":["AdministrixMod:CrackingPangu","AdministrixMod:BloodlessSapphire+1"],"picked":"AdministrixMod:Untouchable+1","floor":24},{"not_picked":["AdministrixMod:PassageOfAges","AdministrixMod:FiendishCrimson+1"],"picked":"AdministrixMod:BegetEternity","floor":30},{"not_picked":["AdministrixMod:Overdrive","AdministrixMod:PlateOfAntiquity"],"picked":"AdministrixMod:JustRewards+1","floor":31},{"not_picked":["AdministrixMod:WifeLightning","AdministrixMod:BrewingCloister"],"picked":"AdministrixMod:GirlsDoItBetter","floor":33},{"not_picked":["AdministrixMod:LightOfYourLife+1","AdministrixMod:CenturiesAscent","AdministrixMod:Transition+1"],"picked":"SKIP","floor":35},{"not_picked":["AdministrixMod:DiversionaryTactic+1","AdministrixMod:SipOfSparks+1","AdministrixMod:TouchOfCinnabar"],"picked":"SKIP","floor":36},{"not_picked":["AdministrixMod:DiversionaryTactic+1","AdministrixMod:LightOfYourLife+1","AdministrixMod:SipOfSparks+1"],"picked":"SKIP","floor":38},{"not_picked":["AdministrixMod:SipOfSparks","AdministrixMod:RisingSunPrince+1","AdministrixMod:CrackingPangu+1"],"picked":"SKIP","floor":39},{"not_picked":["AdministrixMod:RebukeDesires","AdministrixMod:LightOfYourLife","AdministrixMod:SyncreticSurge+1"],"picked":"SKIP","floor":41},{"not_picked":["AdministrixMod:CenturiesAscent+1","AdministrixMod:RegentEdict+1"],"picked":"AdministrixMod:NewWardrobe","floor":46}],"player_experience":156380,"relics_obtained":[{"floor":6,"key":"ScarletDevilRocket"},{"floor":8,"key":"Mummified Hand"},{"floor":9,"key":"White Beast Statue"},{"floor":24,"key":"StoneCalendar"},{"floor":24,"key":"LagranYue:MagicReflectiveArmorRelic"},{"floor":26,"key":"Anchor"},{"floor":41,"key":"Eternal Feather"},{"floor":41,"key":"Nunchaku"},{"floor":43,"key":"Dream Catcher"}],"event_choices":[{"damage_healed":0,"gold_gain":0,"player_choice":"Ignored","damage_taken":0,"max_hp_gain":0,"max_hp_loss":0,"event_name":"NoteForYourself","floor":3,"gold_loss":0},{"damage_healed":0,"gold_gain":100,"player_choice":"Bet on Murderer","damage_taken":0,"max_hp_gain":0,"max_hp_loss":0,"event_name":"The Joust","floor":19,"gold_loss":50},{"damage_healed":0,"gold_gain":0,"player_choice":"Ignored","damage_taken":0,"max_hp_gain":0,"max_hp_loss":0,"event_name":"Ghosts","floor":28,"gold_loss":0},{"cards_removed":["AdministrixMod:Defend_Administrix"],"damage_healed":0,"gold_gain":0,"player_choice":"Offered Basic","damage_taken":0,"max_hp_gain":0,"max_hp_loss":0,"event_name":"Bonfire Elementals","floor":42,"gold_loss":0}],"is_beta":false,"boss_relics":[{"not_picked":["Tiny House","Empty Cage"],"picked":"Black Star"},{"not_picked":["Coffee Dripper","Busted Crown"],"picked":"LagranYue:SoulBurningRelic"}],"items_purged_floors":[21,37],"is_endless":false,"potions_floor_spawned":[4,14,16,18,20,22,24,30,31,33,35,36,38,39,41,46,48],"ascension_level":0}}