{"host":"Pascal","time":1614115189,"event":{"mods":["BaseMod","Googly Eyes","Minty Spire (QoL Compilation)","Permanent Neow","Relic Stats","StSLib"],"gold_per_floor":[110,130,130,55,74,105,105,122,122,122,142,74,107,170,170,170,170],"floor_reached":16,"language":"ENG","playtime":1348,"items_purged":["Writhe"],"score":149,"play_id":"8be7f136-f605-4619-b482-e170ede45adb","local_time":"20210223221949","is_ascension_mode":true,"campfire_choices":[{"floor":7,"key":"REST"},{"floor":15,"key":"REST"}],"circlet_count":0,"master_deck":["Strike_R","Strike_R","Strike_R","Strike_R+1","Strike_R","Defend_R","Defend_R","Defend_R","Defend_R+1","Bash","Corruption","Uppercut","Flame Barrier","Parasite","Warcry","Feel No Pain","Seeing Red"],"relics":["Burning Blood","Blue Candle","Self Forming Clay","Bottled Tornado","Orichalcum"],"acts_visited":["Exordium"],"potions_floor_usage":[8,11,14,16],"damage_taken":[{"damage":13,"enemies":"Jaw Worm","floor":1,"turns":6},{"damage":9,"enemies":"2 Louse","floor":2,"turns":3},{"damage":0,"enemies":"Cultist","floor":5,"turns":3},{"damage":27,"enemies":"Gremlin Nob","floor":6,"turns":4},{"damage":21,"enemies":"Blue Slaver","floor":8,"turns":5},{"damage":1,"enemies":"Looter","floor":11,"turns":3},{"damage":21,"enemies":"3 Sentries","floor":13,"turns":12},{"damage":37,"enemies":"Gremlin Nob","floor":14,"turns":6},{"damage":49,"enemies":"Hexaghost","floor":16,"turns":11}],"seed_played":"1481198672969684754","potions_obtained":[{"floor":2,"key":"SneckoOil"},{"floor":6,"key":"ColorlessPotion"},{"floor":11,"key":"SpeedPotion"},{"floor":14,"key":"BlessingOfTheForge"}],"is_trial":false,"path_per_floor":["M","M","?","$","M","E","R","M","T","?","M","$","E","?","R","B"],"character_chosen":"IRONCLAD","items_purchased":["Feel No Pain"],"campfire_rested":2,"item_purchase_floors":[12],"current_hp_per_floor":[65,62,46,46,52,31,55,40,40,60,65,65,50,19,43,0,0],"gold":170,"neow_bonus":"THREE_RARE_CARDS","is_daily":false,"chose_seed":false,"campfire_upgraded":0,"win_rate":0.0,"timestamp":1614115189,"path_taken":["M","M","?","$","M","E","R","M","T","?","M","$","E","?","R","BOSS"],"items_purchased_type":["Card"],"build_version":"2020-12-18","purchased_purges":1,"victory":false,"max_hp_per_floor":[80,80,80,80,80,80,80,80,80,80,80,80,80,80,80,80,80],"relic_stats":{"counters":[9,53],"Self Forming Clay":[60],"Blue Candle":[4],"Orichalcum":[6],"obtain_stats":[{"Self Forming Clay":9,"Blue Candle":6,"Bottled Tornado":13,"Orichalcum":14,"Burning Blood":0},{"Self Forming Clay":5,"Blue Candle":4,"Bottled Tornado":7,"Orichalcum":8,"Burning Blood":0},{"Self Forming Clay":21,"Blue Candle":16,"Bottled Tornado":36,"Orichalcum":42,"Burning Blood":0}],"Burning Blood":48},"card_choices":[{"not_picked":["Limit Break","Demon Form"],"picked":"Corruption","floor":0},{"not_picked":["Searing Blow","Anger","Twin Strike"],"picked":"SKIP","floor":1},{"not_picked":["Infernal Blade","Flex"],"picked":"Uppercut","floor":2},{"not_picked":["Anger","Clash","Whirlwind"],"picked":"SKIP","floor":5},{"not_picked":["Anger","Clash","Whirlwind"],"picked":"SKIP","floor":5},{"not_picked":["Twin Strike","True Grit","Hemokinesis"],"picked":"SKIP","floor":6},{"not_picked":["Pommel Strike","Power Through"],"picked":"Flame Barrier","floor":8},{"not_picked":["Inflame","Twin Strike"],"picked":"Warcry","floor":11},{"not_picked":["Sever Soul","Iron Wave"],"picked":"Seeing Red","floor":13}],"player_experience":195312,"relics_obtained":[{"floor":6,"key":"Blue Candle"},{"floor":9,"key":"Self Forming Clay"},{"floor":13,"key":"Bottled Tornado"},{"floor":14,"key":"Orichalcum"}],"event_choices":[{"damage_healed":0,"gold_gain":0,"player_choice":"Entered Light","damage_taken":16,"max_hp_gain":0,"max_hp_loss":0,"event_name":"Shining Light","floor":3,"gold_loss":0,"cards_upgraded":["Defend_R","Strike_R"]},{"damage_healed":20,"gold_gain":0,"player_choice":"Healed and dodged fight","damage_taken":0,"max_hp_gain":0,"max_hp_loss":0,"event_name":"Mushrooms","floor":10,"gold_loss":0,"cards_obtained":["Parasite"]},{"damage_healed":0,"gold_gain":0,"player_choice":"Searched \u00271\u0027 times","damage_taken":0,"max_hp_gain":0,"max_hp_loss":0,"event_name":"Dead Adventurer","floor":14,"gold_loss":0}],"is_beta":true,"boss_relics":[],"items_purged_floors":[4],"is_endless":false,"potions_floor_spawned":[2,6,11,14],"killed_by":"Hexaghost","ascension_level":7}}