{"host":"bx54wbx1b8s5cm4v","time":1614042561,"event":{"mods":["BaseMod","GifTheSpireLib","Hubris","Minty Spire (QoL Compilation)","StSLib"],"gold_per_floor":[116,129,142,154,154,154,166,12,92,103,122,139,154,154,154,252,252,266,278,46,46,63,98,112,139,139,139,158,158,173,191,191,291,291,311,331,18,18,18,18,18,18,18,50,72,96,127,152,152,152,152],"floor_reached":50,"language":"ENG","playtime":1775,"items_purged":["Infinite Blades"],"score":567,"play_id":"3ab09795-2913-4ebc-99d0-560e2a1b44ed","local_time":"20210222220921","is_ascension_mode":false,"campfire_choices":[{"data":"Deadly Poison","floor":6,"key":"SMITH"},{"data":"Deadly Poison","floor":15,"key":"SMITH"},{"data":"Neutralize","floor":32,"key":"SMITH"},{"floor":40,"key":"RECALL"},{"floor":49,"key":"REST"}],"circlet_count":0,"master_deck":["Strike_G+1","Strike_G+1","Strike_G+1","Strike_G+1","Strike_G+1","Defend_G+1","Defend_G+1","Defend_G+1","Defend_G+1","Defend_G+1","Survivor","Corpse Explosion+1","Deadly Poison+1","PiercingWail","Bane","Backstab","Poisoned Stab","Poisoned Stab","Dagger Spray","Deadly Poison+1","Envenom+1","Escape Plan","Caltrops+1","Flying Knee","Dagger Spray","Acrobatics+1","hubris:Greed","Sucker Punch+1","Terror+1","Backstab","Adrenaline","hubris:Gluttony","Noxious Fumes","hubris:NaturalOne","Bane+1","Crippling Poison"],"relics":["Ring of the Snake","TwistedFunnel","hubris:PeanutButter","GremlinMask","Cursed Key","Snake Skull","hubris:TenFootPole","Paper Crane","hubris:Metronome","Fusion Hammer","Ginger","hubris:Icosahedron","hubris:Towel","Bag of Marbles","Bag of Preparation"],"acts_visited":["Exordium","TheCity","TheBeyond"],"potions_floor_usage":[23,33,50,50,50],"damage_taken":[{"damage":8,"enemies":"Jaw Worm","floor":1,"turns":4},{"damage":0,"enemies":"Small Slimes","floor":2,"turns":3},{"damage":1,"enemies":"Cultist","floor":3,"turns":4},{"damage":7,"enemies":"Large Slime","floor":4,"turns":6},{"damage":0,"enemies":"Lots of Slimes","floor":7,"turns":1},{"damage":0,"enemies":"2 Fungi Beasts","floor":10,"turns":2},{"damage":0,"enemies":"3 Louse","floor":11,"turns":2},{"damage":0,"enemies":"Looter","floor":12,"turns":3},{"damage":0,"enemies":"Exordium Wildlife","floor":13,"turns":2},{"damage":11,"enemies":"The Guardian","floor":16,"turns":7},{"damage":2,"enemies":"Shell Parasite","floor":18,"turns":4},{"damage":0,"enemies":"3 Byrds","floor":19,"turns":2},{"damage":0,"enemies":"3 Cultists","floor":22,"turns":4},{"damage":11,"enemies":"Slavers","floor":23,"turns":2},{"damage":0,"enemies":"Centurion and Healer","floor":24,"turns":4},{"damage":10,"enemies":"Gremlin Leader","floor":25,"turns":4},{"damage":0,"enemies":"Snake Plant","floor":28,"turns":3},{"damage":4,"enemies":"3 Cultists","floor":30,"turns":3},{"damage":0,"enemies":"Centurion and Healer","floor":31,"turns":2},{"damage":28,"enemies":"Collector","floor":33,"turns":6},{"damage":0,"enemies":"Orb Walker","floor":35,"turns":2},{"damage":4,"enemies":"3 Shapes","floor":36,"turns":3},{"damage":10,"enemies":"Reptomancer","floor":44,"turns":4},{"damage":1,"enemies":"Transient","floor":45,"turns":5},{"damage":8,"enemies":"Maw","floor":46,"turns":5},{"damage":22,"enemies":"Giant Head","floor":47,"turns":6},{"damage":0,"enemies":"Sphere and 2 Shapes","floor":48,"turns":3},{"damage":45,"enemies":"Awakened One","floor":50,"turns":9}],"seed_played":"-3234257956448943060","potions_obtained":[{"floor":2,"key":"Explosive Potion"},{"floor":3,"key":"Swift Potion"},{"floor":7,"key":"GhostInAJar"},{"floor":18,"key":"Poison Potion"},{"floor":25,"key":"PowerPotion"},{"floor":44,"key":"LiquidMemories"},{"floor":48,"key":"Energy Potion"}],"is_trial":false,"path_per_floor":["M","M","M","M","?","R","M","$","T","M","M","M","M","?","R","B",null,"M","M","$","?","M","E","M","E","T","?","M","?","M","M","R","B",null,"M","M","$","?","?","R","?","?","T","E","M","M","E","M","R","B"],"character_chosen":"THE_SILENT","items_purchased":["TwistedFunnel","Snake Skull","Ginger"],"campfire_rested":1,"item_purchase_floors":[8,20,37],"current_hp_per_floor":[41,41,40,33,33,33,33,33,33,33,33,33,33,33,33,22,70,68,68,68,68,68,57,57,47,47,47,47,47,43,43,43,15,70,70,66,66,66,66,66,66,66,66,56,55,47,25,25,44,0,0],"gold":152,"neow_bonus":"THREE_RARE_CARDS","is_daily":false,"chose_seed":false,"campfire_upgraded":3,"win_rate":0.0,"timestamp":1614042561,"path_taken":["M","M","M","M","?","R","M","$","T","M","M","M","M","?","R","BOSS","M","M","$","?","M","E","M","E","T","?","?","?","M","M","R","BOSS","M","M","$","?","?","R","?","?","T","E","M","?","E","M","R","BOSS"],"items_purchased_type":["Relic","Relic","Relic"],"build_version":"2020-12-22","purchased_purges":1,"victory":false,"max_hp_per_floor":[70,70,70,70,70,70,70,70,70,70,70,70,70,70,70,70,70,70,70,70,70,70,70,70,70,70,70,70,70,70,70,70,70,70,70,70,70,66,66,66,66,66,66,66,66,66,66,66,66,66,66],"card_choices":[{"not_picked":["After Image","Wraith Form v2"],"picked":"Corpse Explosion","floor":0},{"not_picked":["Prepared","Finisher"],"picked":"Infinite Blades","floor":1},{"not_picked":["Reflex","Terror"],"picked":"Deadly Poison","floor":2},{"not_picked":["Acrobatics","Sucker Punch"],"picked":"PiercingWail","floor":3},{"not_picked":["Finisher","Expertise"],"picked":"Bane","floor":4},{"not_picked":["Acrobatics","Dagger Throw"],"picked":"Backstab","floor":7},{"not_picked":["Deadly Poison","Blade Dance"],"picked":"Poisoned Stab","floor":10},{"not_picked":["Burst","hubris:SlightOfHand"],"picked":"Poisoned Stab","floor":11},{"not_picked":["Deadly Poison","Blur"],"picked":"Dagger Spray","floor":12},{"not_picked":["Cloak And Dagger","Poisoned Stab"],"picked":"Deadly Poison","floor":13},{"not_picked":["Burst","Die Die Die"],"picked":"Envenom","floor":16},{"not_picked":["Dodge and Roll","Quick Slash"],"picked":"Escape Plan","floor":18},{"not_picked":["Deadly Poison","hubris:SlightOfHand"],"picked":"Caltrops+1","floor":19},{"not_picked":["Sucker Punch","Poisoned Stab"],"picked":"Flying Knee","floor":22},{"not_picked":["Endless Agony","Predator","Footwork"],"picked":"SKIP","floor":23},{"not_picked":["Sucker Punch+1","Prepared"],"picked":"Dagger Spray","floor":24},{"not_picked":["Malaise","Endless Agony"],"picked":"Acrobatics+1","floor":25},{"not_picked":["Cloak And Dagger","Underhanded Strike"],"picked":"Sucker Punch+1","floor":28},{"not_picked":["Backflip","Outmaneuver"],"picked":"Terror+1","floor":30},{"not_picked":["Terror+1","Backflip"],"picked":"Backstab","floor":31},{"not_picked":["Night Terror","Bullet Time"],"picked":"Adrenaline","floor":33},{"not_picked":["Sucker Punch","Flying Knee+1","Deflect"],"picked":"SKIP","floor":35},{"not_picked":["Dagger Spray+1","Expertise","Leg Sweep"],"picked":"SKIP","floor":36},{"not_picked":["Flying Knee+1","Footwork+1"],"picked":"Noxious Fumes","floor":44},{"not_picked":["Caltrops","Blade Dance","Prepared+1"],"picked":"SKIP","floor":45},{"not_picked":["Accuracy+1","hubris:Sniper+1"],"picked":"Bane+1","floor":46},{"not_picked":["Glass Knife","hubris:SlightOfHand","Deflect"],"picked":"SKIP","floor":47},{"not_picked":["Deadly Poison","Outmaneuver"],"picked":"Crippling Poison","floor":48}],"player_experience":57193,"relics_obtained":[{"floor":9,"key":"hubris:PeanutButter"},{"floor":23,"key":"hubris:TenFootPole"},{"floor":25,"key":"Paper Crane"},{"floor":26,"key":"hubris:Metronome"},{"floor":44,"key":"Bag of Marbles"},{"floor":47,"key":"Bag of Preparation"}],"event_choices":[{"damage_healed":0,"gold_gain":0,"player_choice":"Trade","damage_taken":0,"relics_obtained":["GremlinMask"],"max_hp_gain":0,"max_hp_loss":0,"event_name":"FaceTrader","floor":14,"gold_loss":0},{"damage_healed":0,"gold_gain":0,"player_choice":"Simplicity","damage_taken":0,"max_hp_gain":0,"max_hp_loss":0,"event_name":"Back to Basics","floor":21,"gold_loss":0,"cards_upgraded":["Strike_G","Strike_G","Strike_G","Strike_G","Strike_G","Defend_G","Defend_G","Defend_G","Defend_G","Defend_G"]},{"damage_healed":0,"gold_gain":0,"player_choice":"Forge","damage_taken":0,"max_hp_gain":0,"max_hp_loss":0,"event_name":"Accursed Blacksmith","floor":27,"gold_loss":0,"cards_upgraded":["Envenom"]},{"damage_healed":0,"gold_gain":0,"player_choice":"Ignored","damage_taken":0,"max_hp_gain":0,"max_hp_loss":0,"event_name":"Vampires","floor":29,"gold_loss":0},{"damage_healed":0,"gold_gain":0,"player_choice":"Max HP","damage_taken":0,"max_hp_gain":0,"max_hp_loss":4,"event_name":"Winding Halls","floor":38,"gold_loss":0},{"cards_removed":["Neutralize"],"damage_healed":0,"gold_gain":0,"player_choice":"Removed Attack","damage_taken":0,"max_hp_gain":0,"max_hp_loss":0,"event_name":"Falling","floor":42,"gold_loss":0}],"is_beta":false,"boss_relics":[{"not_picked":["hubris:Backtick","Tiny House"],"picked":"Cursed Key"},{"not_picked":["SlaversCollar","Pandora\u0027s Box"],"picked":"Fusion Hammer"}],"items_purged_floors":[20],"is_endless":false,"potions_floor_spawned":[2,3,7,11,13,18,25,28,31,44,47,48],"killed_by":"Awakened One","ascension_level":0}}