{"host":"snggrqcauaf0m8fe","time":1614108783,"event":{"mods":["BaseMod","Minty Spire (QoL Compilation)","Quick Restart"],"gold_per_floor":[109,63,43,62,78,111,111,111,111],"floor_reached":8,"language":"ENG","playtime":309,"items_purged":[],"score":84,"play_id":"f203f859-9809-4321-bb31-ca4af72b3a37","local_time":"20210223203303","is_ascension_mode":true,"campfire_choices":[{"floor":7,"key":"REST"}],"circlet_count":0,"master_deck":["AscendersBane","Strike_G","Strike_G","Strike_G","Strike_G","Strike_G","Defend_G","Defend_G","Defend_G","Defend_G","Defend_G","Survivor","Neutralize","Burst","Outmaneuver","Cloak And Dagger","Masterful Stab"],"relics":["Ring of the Snake","Sundial"],"acts_visited":["Exordium"],"potions_floor_usage":[4,6,6],"damage_taken":[{"damage":0,"enemies":"2 Louse","floor":1,"turns":5},{"damage":1,"enemies":"Cultist","floor":4,"turns":4},{"damage":1,"enemies":"Small Slimes","floor":5,"turns":3},{"damage":52,"enemies":"Lagavulin","floor":6,"turns":12},{"damage":0,"enemies":"3 Sentries","floor":8,"turns":1}],"seed_played":"-2146543387068978324","potions_obtained":[{"floor":1,"key":"SpeedPotion"},{"floor":3,"key":"Regen Potion"},{"floor":5,"key":"Weak Potion"}],"is_trial":false,"path_per_floor":["M","$","?","M","M","E","R","E"],"character_chosen":"THE_SILENT","items_purchased":["Cloak And Dagger"],"campfire_rested":1,"item_purchase_floors":[2],"current_hp_per_floor":[45,45,45,56,55,3,24,24,24],"gold":111,"neow_bonus":"THREE_RARE_CARDS","is_daily":false,"chose_seed":false,"campfire_upgraded":0,"win_rate":0.0,"timestamp":1614108783,"path_taken":["M","$","?","M","?","E","R","E"],"items_purchased_type":["Card"],"build_version":"2020-12-22","purchased_purges":0,"victory":false,"max_hp_per_floor":[70,70,70,70,70,70,70,70,70],"card_choices":[{"not_picked":["Wraith Form v2","Corpse Explosion"],"picked":"Burst","floor":0},{"not_picked":["Bane","Underhanded Strike"],"picked":"Outmaneuver","floor":1},{"not_picked":["Deadly Poison","Prepared"],"picked":"Masterful Stab","floor":4},{"not_picked":["Bane","Quick Slash","Prepared"],"picked":"SKIP","floor":5},{"not_picked":["Envenom","Predator","Tactician"],"picked":"SKIP","floor":6}],"player_experience":808375,"relics_obtained":[{"floor":6,"key":"Sundial"}],"event_choices":[{"damage_healed":0,"gold_gain":0,"player_choice":"Bought 1 Potion","damage_taken":0,"max_hp_gain":0,"max_hp_loss":0,"event_name":"The Woman in Blue","floor":3,"gold_loss":0}],"is_beta":false,"boss_relics":[],"items_purged_floors":[],"is_endless":false,"potions_floor_spawned":[1,5],"killed_by":"3 Sentries","ascension_level":10}}