{"host":"kaame4qwxxqnygv7","time":1614063815,"event":{"mods":["AchievementEnabler","BaseMod","Better Match","Better Skull","Better Third Choice","BetterRewards","Block Reminder","Bossed Relics","DeckTracker","Energized Spire","GungeonMod","Minty Spire (QoL Compilation)","Quick Restart","Red Circlet Mod","StSLib","SuperFastMode","The Blue Laboratory"],"gold_per_floor":[119,119,194,194,208,208,243,255,255,272,91,102,114,143,143,247,247,266,181,181,181,196,221,121,121,121,121,139,156,175,186,198,198,198,295,295,306,306,359,378,82,82,93,127,127,52,52,103,103,134,134,134,134,134,9,34,34],"floor_reached":58,"language":"KOR","playtime":3288,"items_purged":["Strike_G","Strike_G","Strike_G"],"score":1734,"play_id":"3f6c0fcf-4343-4fc3-99a1-6d5528b7d12b","local_time":"20210223160335","is_ascension_mode":true,"campfire_choices":[{"floor":6.0,"key":"REST"},{"floor":15.0,"key":"DIG"},{"floor":25.0,"key":"REST"},{"data":"Envenom","floor":27.0,"key":"SMITH"},{"floor":33,"key":"DIG"},{"data":"1","floor":42,"key":"LIFT"},{"data":"2","floor":47,"key":"LIFT"},{"data":"3","floor":49,"key":"LIFT"},{"floor":51,"key":"RECALL"},{"floor":54,"key":"DIG"}],"circlet_count":0,"master_deck":["Strike_G","Strike_G","Defend_G","Defend_G","Defend_G","Defend_G","Defend_G","Survivor","Neutralize+1","Dodge and Roll+1","Blade Dance+1","Cloak And Dagger+1","Blur+1","Infinite Blades","Cloak And Dagger+1","Distraction+1","Blade Dance+1","Escape Plan+1","Envenom+1","Cloak And Dagger+1","Prepared+1","Blur+1","Adrenaline+1","Finisher+1","Bullet Time+1","Panache"],"relics":["Ring of the Snake","DemoMod:NanoMachines","Toxic Egg 2","DemoMod:SuperHotWatch","Dead Branch","DemoMod:MemoryAlloy","DemoMod:Bottle","Shovel","DemoMod:ResourcefulSack","Pandora\u0027s Box","HornCleat","Nilry\u0027s Codex","White Beast Statue","Girya","DemoMod:RatBoots","DemoMod:JetPack","DemoMod:PartiallyEatenCheese","SlaversCollar","Torii","Lizard Tail","DemoMod:GlassGuonStoneRelic","Prayer Wheel","Boot","DemoMod:MeltedRock","Pear","DemoMod:Relodestone"],"acts_visited":["Exordium","TheCity","DemoMod:Maze","TheBeyond","TheEnding"],"potions_floor_usage":[],"damage_taken":[{"damage":0.0,"enemies":"Cultist","floor":1.0,"turns":4.0},{"damage":0.0,"enemies":"Small Slimes","floor":5.0,"turns":5.0},{"damage":5.0,"enemies":"3 Sentries","floor":7.0,"turns":14.0},{"damage":1.0,"enemies":"2 Louse","floor":8.0,"turns":2.0},{"damage":0.0,"enemies":"Gremlin Gang","floor":10.0,"turns":5.0},{"damage":0.0,"enemies":"Exordium Thugs","floor":12.0,"turns":4.0},{"damage":0.0,"enemies":"Blue Slaver","floor":13.0,"turns":4.0},{"damage":0.0,"enemies":"Lagavulin","floor":14.0,"turns":5.0},{"damage":0.0,"enemies":"The Guardian","floor":16.0,"turns":13.0},{"damage":0.0,"enemies":"3 Byrds","floor":18.0,"turns":4.0},{"damage":0.0,"enemies":"Spheric Guardian","floor":22.0,"turns":3.0},{"damage":18.0,"enemies":"Book of Stabbing","floor":23.0,"turns":5.0},{"damage":0.0,"enemies":"DemoMod:Veteran_shot_gun_kin_and_bullet_kin","floor":28.0,"turns":3.0},{"damage":0,"enemies":"DemoMod:2_Veteran_bullet_kins_and_red_shotgun_kin","floor":29,"turns":2},{"damage":0,"enemies":"DemoMod:Veteran_shot_gun_kin_and_blue_shotgun_kin","floor":30,"turns":4},{"damage":3,"enemies":"DemoMod:Red_and_blue_shotgun_kin_with_gunsinger","floor":31,"turns":2},{"damage":0,"enemies":"DemoMod:2_Mousers","floor":32,"turns":4},{"damage":8,"enemies":"DemoMod:ResourcefulRat","floor":34,"turns":13},{"damage":3,"enemies":"DemoMod:ResourcefulRat","floor":35,"turns":8},{"damage":4,"enemies":"3 Shapes","floor":37,"turns":6},{"damage":8,"enemies":"2 Orb Walkers","floor":39,"turns":4},{"damage":0,"enemies":"3 Darklings","floor":40,"turns":2},{"damage":0,"enemies":"Sphere and 2 Shapes","floor":43,"turns":3},{"damage":0,"enemies":"Reptomancer","floor":44,"turns":3},{"damage":0,"enemies":"Nemesis","floor":50,"turns":3},{"damage":0,"enemies":"Awakened One","floor":52,"turns":5},{"damage":0,"enemies":"Shield and Spear","floor":56,"turns":1},{"damage":2,"enemies":"The Heart","floor":57,"turns":5}],"seed_played":"4334026691723380724","potions_obtained":[{"floor":8.0,"key":"blueLaboratory:LouseDecoction"},{"floor":10.0,"key":"blueLaboratory:ArtistsPotion"},{"floor":12.0,"key":"blueLaboratory:BubblePotion"},{"floor":14.0,"key":"FearPotion"},{"floor":22.0,"key":"blueLaboratory:CorrosionFlask"},{"floor":28.0,"key":"blueLaboratory:FrostheartPotion"},{"floor":29,"key":"DemoMod:LeadSkinPotion"},{"floor":30,"key":"DuplicationPotion"},{"floor":35,"key":"blueLaboratory:FruitPunch"},{"floor":40,"key":"blueLaboratory:EnvenomedCoating"},{"floor":43,"key":"blueLaboratory:ForbiddenFruitJuice"},{"floor":56,"key":"blueLaboratory:RecallPotion"}],"is_trial":false,"path_per_floor":["M","?","?","?","M","R","E","M","T","M","$","M","M","E","R","B",null,"M","?","?","?","M","E","$","R","T","R","M","M","M","M","M","R","B","B",null,"M","?","?","M","$","R","M","E","T","?","R","T","R","E","R","B",null,"R","$","E","B",null],"character_chosen":"THE_SILENT","items_purchased":["DemoMod:NanoMachines","Toxic Egg 2","DemoMod:GnawedKey","Infinite Blades","Cloak And Dagger+1","Lizard Tail"],"campfire_rested":2,"item_purchase_floors":[0,0,0,11,11,41],"current_hp_per_floor":[31,31,20,20,20,41,36,35,35,35,35,41,56,62,62,62,68,70,70,54,41,52,34,34,56,70,70,70,70,70,67,67,67,59,56,70,66,66,58,58,58,58,58,58,58,58,58,58,58,58,58,58,68,78,78,78,76],"gold":34,"neow_bonus":"","is_daily":false,"chose_seed":false,"campfire_upgraded":1,"win_rate":0.0,"timestamp":1614063815,"path_taken":["M","?","?","?","M","R","E","?","T","M","$","M","M","E","R","BOSS","M","?","?","?","M","E","?","R","T","R","M","M","M","M","M","R","BOSS","BOSS","M","?","?","M","$","R","M","E","T","?","R","?","R","E","R","BOSS","R","$","E","BOSS"],"items_purchased_type":["Relic","Relic","Relic","Card","Card","Relic"],"build_version":"2020-12-22","purchased_purges":3,"victory":true,"max_hp_per_floor":[70,70,70,70,70,70,70,70,70,70,70,70,70,70,70,70,70,70,70,70,75,75,75,75,75,75,75,75,75,75,75,75,75,75,75,75,75,71,71,71,71,71,71,71,71,71,71,71,71,71,71,71,71,81,81,81,81],"card_choices":[{"not_picked":["Slice","Quick Slash"],"picked":"Dodge and Roll+1","floor":1.0},{"not_picked":["Infinite Blades","PiercingWail+1"],"picked":"Blade Dance+1","floor":5.0},{"not_picked":["Dash","Terror+1"],"picked":"Cloak And Dagger+1","floor":7.0},{"not_picked":["Concentrate+1","Quick Slash","Flechettes"],"picked":"SKIP","floor":8.0},{"not_picked":["Riddle With Holes","Masterful Stab"],"picked":"Blur+1","floor":10.0},{"not_picked":["Reflex+1","Backflip+1"],"picked":"Distraction+1","floor":12.0},{"not_picked":["Reflex+1","Prepared+1"],"picked":"Blade Dance+1","floor":13.0},{"not_picked":["Dagger Spray","Dash"],"picked":"Escape Plan+1","floor":14.0},{"not_picked":["After Image","Bullet Time+1"],"picked":"Envenom","floor":16.0},{"not_picked":["Quick Slash+1","Noxious Fumes"],"picked":"Cloak And Dagger+1","floor":18.0},{"not_picked":["Flying Knee","Underhanded Strike+1","Blade Dance+1"],"picked":"SKIP","floor":22.0},{"not_picked":["Flechettes+1","Expertise+1"],"picked":"Prepared+1","floor":23.0},{"not_picked":["Expertise+1","Blade Dance+1","Well Laid Plans"],"picked":"SKIP","floor":28.0},{"not_picked":["Slice","Well Laid Plans","Blade Dance+1"],"picked":"SKIP","floor":29},{"not_picked":["All Out Attack","Deadly Poison+1"],"picked":"Blur+1","floor":30},{"not_picked":["Acrobatics+1","Bullet Time+1","Leg Sweep+1"],"picked":"SKIP","floor":31},{"not_picked":["Deflect+1","Flying Knee","Quick Slash+1"],"picked":"SKIP","floor":32},{"not_picked":["Wraith Form v2","Envenom"],"picked":"Adrenaline+1","floor":35},{"not_picked":["Setup+1","Sucker Punch","Poisoned Stab"],"picked":"SKIP","floor":37},{"not_picked":["Deflect+1","Dodge and Roll+1","Quick Slash"],"picked":"SKIP","floor":40},{"not_picked":["Cloak And Dagger+1","Underhanded Strike","Sucker Punch"],"picked":"SKIP","floor":43},{"not_picked":["Night Terror+1","Dagger Spray"],"picked":"Finisher+1","floor":44},{"not_picked":["Burst","Doppelganger"],"picked":"Bullet Time","floor":46},{"not_picked":["DemoMod:Deposit","Sadistic Nature"],"picked":"Panache","floor":46},{"not_picked":["Venomology+1","Poisoned Stab+1","Outmaneuver+1"],"picked":"SKIP","floor":50},{"not_picked":["Flying Knee+1","Wraith Form v2","Masterful Stab+1"],"picked":"SKIP","floor":56}],"player_experience":321192,"relics_obtained":[{"floor":7.0,"key":"DemoMod:MemoryAlloy"},{"floor":9.0,"key":"DemoMod:Bottle"},{"floor":14.0,"key":"Shovel"},{"floor":15.0,"key":"DemoMod:ResourcefulSack"},{"floor":20.0,"key":"Nilry\u0027s Codex"},{"floor":23.0,"key":"White Beast Statue"},{"floor":33,"key":"Girya"},{"floor":36,"key":"DemoMod:RatBoots"},{"floor":36,"key":"DemoMod:JetPack"},{"floor":36,"key":"DemoMod:PartiallyEatenCheese"},{"floor":36,"key":"SlaversCollar"},{"floor":39,"key":"Torii"},{"floor":44,"key":"Prayer Wheel"},{"floor":48,"key":"Boot"},{"floor":50,"key":"DemoMod:MeltedRock"},{"floor":54,"key":"Pear"},{"floor":56,"key":"DemoMod:Relodestone"}],"event_choices":[{"damage_healed":0.0,"max_hp_gain":0.0,"max_hp_loss":0.0,"gold_gain":0.0,"event_name":"betterThird:BetterScrap","player_choice":"Relic ","floor":2.0,"gold_loss":0.0,"damage_taken":7.0,"cards_obtained":["Whirlwind"]},{"damage_healed":0.0,"max_hp_gain":0.0,"max_hp_loss":0.0,"gold_gain":75.0,"event_name":"betterThird:BetterGoop","player_choice":"Gold","floor":3.0,"gold_loss":0.0,"damage_taken":11.0},{"damage_healed":0.0,"max_hp_gain":0.0,"max_hp_loss":0.0,"gold_gain":0.0,"event_name":"Upgrade Shrine","player_choice":"Upgraded","floor":4.0,"gold_loss":0.0,"damage_taken":0.0,"cards_upgraded":["Neutralize"]},{"damage_healed":0.0,"max_hp_gain":0.0,"max_hp_loss":0.0,"gold_gain":0.0,"event_name":"Addict","player_choice":"Obtained Relic","floor":19.0,"gold_loss":85.0,"damage_taken":0.0,"relics_obtained":["HornCleat"]},{"damage_healed":0.0,"max_hp_gain":0.0,"max_hp_loss":0.0,"gold_gain":0.0,"event_name":"Cursed Tome","player_choice":"Obtained Book","floor":20.0,"gold_loss":0.0,"damage_taken":16.0},{"damage_healed":0.0,"max_hp_gain":5.0,"max_hp_loss":0.0,"gold_gain":0.0,"event_name":"Forgotten Altar","player_choice":"Shed Blood","floor":21.0,"gold_loss":0.0,"damage_taken":18.0},{"damage_healed":0,"gold_gain":0,"player_choice":"Max HP","damage_taken":0,"max_hp_gain":0,"max_hp_loss":4,"event_name":"Winding Halls","floor":38,"gold_loss":0},{"damage_healed":0,"gold_gain":0,"player_choice":"Fight","damage_taken":0,"max_hp_gain":0,"max_hp_loss":0,"event_name":"Mysterious Sphere","floor":39,"gold_loss":0},{"damage_healed":0,"gold_gain":0,"player_choice":"1","damage_taken":0,"max_hp_gain":0,"max_hp_loss":0,"event_name":"betterMatch:BetterMatch","floor":46,"gold_loss":0,"cards_obtained":["betterMatch:UncommonCard","betterMatch:RareCard","betterMatch:ColorlessRareCard"]}],"is_beta":false,"boss_relics":[{"not_picked":["Philosopher\u0027s Stone","Snecko Eye"],"picked":"Pandora\u0027s Box"},{"not_picked":[]}],"items_purged_floors":[11,24,55],"is_endless":false,"potions_floor_spawned":[8,10,12,14,22,28,29,30,31,32,34,35,37,39,40,43,44,50,56],"ascension_level":9}}