{"host":"g907ck67u7c3hrs6","time":1614048992,"event":{"mods":["BaseMod","Colored Map","DeckTracker","Force Act Four","Highlight Path","Keyboard Shortcuts","Minty Spire (QoL Compilation)","Permanent Neow","Say the Spire","SuperFastMode"],"gold_per_floor":[144,189,234,159,204,294,351,453,465,567,381,426,426,471,471,771,771,816,861,413,413,458,548,593,683,683,728,428,518,518,608,608,908,908,953,998,998,998,759,849,1239,1239,1264,1264,1309,1309,1399,1489,1489,1489,1489,1489,764,854,854],"floor_reached":56,"language":"KOR","playtime":2267,"items_purged":["Anger","Iron Wave","Thunderclap","True Grit","Headbutt"],"score":1815,"play_id":"ad317175-f1c1-40d0-9c56-3c67790ee880","local_time":"20210223115632","daily_mods":["Draft","Flight","Midas"],"is_ascension_mode":false,"campfire_choices":[{"floor":15.0,"key":"RECALL"},{"floor":32,"key":"REST"},{"floor":49,"key":"REST"},{"floor":52,"key":"REST"}],"circlet_count":0,"master_deck":["Entrench","Evolve","Armaments","Flame Barrier","Shockwave","Wild Strike","Body Slam","Headbutt","Body Slam","Battle Trance+1","Entrench","Shrug It Off","Flame Barrier","Metallicize","Burning Pact","Shrug It Off","Power Through","Armaments+1","Seeing Red","Brutality","Power Through","Entrench","Shrug It Off","Power Through+1","Impervious+1","Headbutt+1","Corruption","Headbutt+1","Shrug It Off+1","Body Slam+1","Impervious+1","Power Through+1","Armaments+1","Offering+1","Master of Strategy+1","Barricade","Shrug It Off+1","Secret Technique+1","Disarm+1","Warcry+1"],"relics":["Burning Blood","MawBank","InkBottle","Centennial Puzzle","Molten Egg 2","Sozu","Pantograph","Calipers","Akabeko","Toxic Egg 2","Orrery","Bird Faced Urn","Dream Catcher","Black Star","Singing Bowl","War Paint","Red Skull","Old Coin","Gremlin Horn","Orichalcum","Eternal Feather","HornCleat","Art of War","Self Forming Clay","Nunchaku","Lee\u0027s Waffle","Blood Vial","Bottled Tornado"],"acts_visited":["Exordium","TheCity","TheBeyond","TheEnding"],"potions_floor_usage":[],"damage_taken":[{"damage":0.0,"enemies":"Jaw Worm","floor":1.0,"turns":3.0},{"damage":0.0,"enemies":"Cultist","floor":2.0,"turns":2.0},{"damage":0.0,"enemies":"2 Louse","floor":3.0,"turns":3.0},{"damage":5.0,"enemies":"Looter","floor":5.0,"turns":2.0},{"damage":11.0,"enemies":"Gremlin Nob","floor":6.0,"turns":4.0},{"damage":4.0,"enemies":"Large Slime","floor":7.0,"turns":8.0},{"damage":8.0,"enemies":"3 Sentries","floor":8.0,"turns":8.0},{"damage":7.0,"enemies":"Lagavulin","floor":10.0,"turns":8.0},{"damage":5.0,"enemies":"Exordium Thugs","floor":12.0,"turns":10.0},{"damage":2.0,"enemies":"3 Louse","floor":14.0,"turns":3.0},{"damage":25.0,"enemies":"Hexaghost","floor":16.0,"turns":10.0},{"damage":4.0,"enemies":"Chosen","floor":18.0,"turns":5.0},{"damage":4.0,"enemies":"Shell Parasite","floor":19.0,"turns":5.0},{"damage":9,"enemies":"Centurion and Healer","floor":22,"turns":9},{"damage":3,"enemies":"Gremlin Leader","floor":23,"turns":7},{"damage":10,"enemies":"Shelled Parasite and Fungi","floor":24,"turns":4},{"damage":4,"enemies":"Slavers","floor":25,"turns":4},{"damage":2,"enemies":"Snake Plant","floor":27,"turns":6},{"damage":0,"enemies":"Book of Stabbing","floor":29,"turns":4},{"damage":0,"enemies":"Slavers","floor":31,"turns":4},{"damage":3,"enemies":"Collector","floor":33,"turns":4},{"damage":1,"enemies":"Orb Walker","floor":35,"turns":2},{"damage":2,"enemies":"3 Darklings","floor":36,"turns":7},{"damage":21,"enemies":"Reptomancer","floor":40,"turns":4},{"damage":11,"enemies":"Nemesis","floor":41,"turns":5},{"damage":6,"enemies":"Writhing Mass","floor":45,"turns":1},{"damage":9,"enemies":"Giant Head","floor":47,"turns":5},{"damage":9,"enemies":"Nemesis","floor":48,"turns":5},{"damage":7,"enemies":"Awakened One","floor":50,"turns":3},{"damage":7,"enemies":"Shield and Spear","floor":54,"turns":3},{"damage":11,"enemies":"The Heart","floor":55,"turns":3}],"seed_played":"-7386017133472573341","potions_obtained":[{"floor":1.0,"key":"DistilledChaos"},{"floor":2.0,"key":"Dexterity Potion"},{"floor":7.0,"key":"Fruit Juice"},{"floor":10.0,"key":"Fruit Juice"},{"floor":14.0,"key":"DuplicationPotion"}],"is_trial":false,"path_per_floor":["M","M","M","$","M","E","M","E","T","E","$","M","?","M","R","B",null,"M","M","$","$","M","E","M","E","T","M","$","E","?","E","R","B",null,"M","M","?","?","$","E","E","?","T","?","M","T","E","E","R","B",null,"R","$","E","B",null],"character_chosen":"IRONCLAD","items_purchased":["Shrug It Off","Power Through","Power Through","Pantograph","Orrery","Offering+1","Master of Strategy+1","Self Forming Clay","Nunchaku","Lee\u0027s Waffle"],"campfire_rested":3,"item_purchase_floors":[11,11,20,20,28,39,39,53,53,53],"current_hp_per_floor":[80,80,80,80,80,75,82,80,80,84,84,85,85,89,89,70,90,90,90,90,90,87,90,86,88,88,90,90,90,90,90,90,90,90,90,90,90,85,85,74,77,71,71,71,79,79,82,85,93,93,93,95,102,104,104],"gold":854,"neow_bonus":"","is_daily":true,"chose_seed":false,"campfire_upgraded":0,"win_rate":0.0,"timestamp":1614048992,"path_taken":["M","M","M","$","M","E","M","E","T","E","$","M","?","M","R","BOSS","M","M","$","$","M","E","M","E","T","?","$","E","?","E","R","BOSS","M","M","?","?","$","E","E","?","T","?","M","?","E","E","R","BOSS","R","$","E","BOSS"],"items_purchased_type":["Card","Card","Card","Relic","Relic","Card","Card","Relic","Relic","Relic"],"build_version":"2020-12-22","purchased_purges":5,"victory":true,"max_hp_per_floor":[80,80,80,80,80,80,85,85,85,90,90,90,90,90,90,90,90,90,90,90,90,90,90,90,90,90,90,90,90,90,90,90,90,90,90,90,90,85,85,85,85,89,89,89,91,91,91,93,93,93,93,95,102,104,104],"card_choices":[{"not_picked":["Thunderclap","Spot Weakness"],"picked":"Entrench","floor":0.0},{"not_picked":["True Grit","Battle Trance"],"picked":"Evolve","floor":0.0},{"not_picked":["Body Slam","Iron Wave"],"picked":"Armaments","floor":0.0},{"not_picked":["Searing Blow","Shrug It Off"],"picked":"Flame Barrier","floor":0.0},{"not_picked":["Flex","Heavy Blade"],"picked":"Shockwave","floor":0.0},{"not_picked":["Clash","Heavy Blade"],"picked":"Wild Strike","floor":0.0},{"not_picked":["Flex","Infernal Blade"],"picked":"Thunderclap","floor":0.0},{"not_picked":["Heavy Blade","Iron Wave"],"picked":"Body Slam","floor":0.0},{"not_picked":["Pommel Strike","Rampage"],"picked":"True Grit","floor":0.0},{"not_picked":["Pummel","Reckless Charge"],"picked":"Headbutt","floor":0.0},{"not_picked":["Flex","Cleave"],"picked":"Body Slam","floor":0.0},{"not_picked":["Perfected Strike","Heavy Blade"],"picked":"Anger","floor":0.0},{"not_picked":["Heavy Blade","Warcry"],"picked":"Iron Wave","floor":0.0},{"not_picked":["Uppercut","Pommel Strike"],"picked":"Battle Trance","floor":0.0},{"not_picked":["True Grit","Perfected Strike"],"picked":"Headbutt","floor":0.0},{"not_picked":["Heavy Blade","Anger","Sword Boomerang"],"picked":"SKIP","floor":1.0},{"not_picked":["Armaments","Shrug It Off"],"picked":"Entrench","floor":2.0},{"not_picked":["Rage","Reckless Charge","Flex"],"picked":"SKIP","floor":3.0},{"not_picked":["Rage","Reckless Charge","Flex"],"picked":"SKIP","floor":3.0},{"not_picked":["Spot Weakness","Perfected Strike"],"picked":"Shrug It Off","floor":5.0},{"not_picked":["Intimidate","Evolve"],"picked":"Flame Barrier","floor":6.0},{"not_picked":["Fire Breathing","Feel No Pain","Headbutt"],"picked":"SKIP","floor":7.0},{"not_picked":["Thunderclap","Rage"],"picked":"Metallicize","floor":8.0},{"not_picked":["Whirlwind+1","Battle Trance"],"picked":"Burning Pact","floor":10.0},{"not_picked":["Inflame","Demon Form"],"picked":"Armaments","floor":12.0},{"not_picked":["Sever Soul+1","Warcry"],"picked":"Seeing Red","floor":14.0},{"not_picked":["Immolate+1","Fiend Fire+1"],"picked":"Brutality","floor":16.0},{"not_picked":["Thunderclap+1","Heavy Blade+1","Dropkick+1"],"picked":"SKIP","floor":18.0},{"not_picked":["Evolve+1","Sword Boomerang+1","Havoc"],"picked":"SKIP","floor":19.0},{"not_picked":["Armaments","Shockwave","Twin Strike+1"],"picked":"SKIP","floor":22},{"not_picked":["Clash+1","Flame Barrier+1"],"picked":"Entrench","floor":23},{"not_picked":["Thunderclap+1","Seeing Red"],"picked":"Shrug It Off","floor":24},{"not_picked":["Intimidate","Whirlwind+1"],"picked":"Power Through+1","floor":25},{"not_picked":["Clothesline+1","Spot Weakness+1","Heavy Blade+1"],"picked":"SKIP","floor":27},{"not_picked":["Clothesline+1","Shrug It Off+1"],"picked":"Impervious+1","floor":28},{"not_picked":["Iron Wave+1","Demon Form"],"picked":"Headbutt+1","floor":28},{"not_picked":["Sword Boomerang+1","Juggernaut"],"picked":"Corruption","floor":28},{"not_picked":["Havoc+1","Clash+1"],"picked":"Headbutt+1","floor":28},{"not_picked":["Bludgeon+1","Perfected Strike+1"],"picked":"Shrug It Off+1","floor":29},{"not_picked":["Pommel Strike+1","Clash+1","Anger+1"],"picked":"SKIP","floor":31},{"not_picked":["Clash+1","Anger+1"],"picked":"Pommel Strike+1","floor":31},{"not_picked":["Havoc+1","True Grit+1"],"picked":"Body Slam+1","floor":32},{"not_picked":["Immolate+1","Exhume+1"],"picked":"Impervious+1","floor":33},{"not_picked":["Thunderclap+1","True Grit+1"],"picked":"Power Through+1","floor":35},{"not_picked":["Pommel Strike+1","Havoc+1"],"picked":"Armaments+1","floor":36},{"not_picked":["Flame Barrier+1","Anger+1"],"picked":"Barricade","floor":40},{"not_picked":["Thunderclap+1","Blood for Blood+1"],"picked":"Shrug It Off+1","floor":41},{"not_picked":["Mayhem","Transmutation+1","Blind+1"],"picked":"Singing Bowl","floor":42},{"not_picked":["Trip+1","Swift Strike+1"],"picked":"Secret Technique+1","floor":42},{"not_picked":["Mind Blast+1","Jack Of All Trades+1","Purity+1"],"picked":"Singing Bowl","floor":42},{"not_picked":["Sword Boomerang+1","Body Slam+1","Wild Strike+1"],"picked":"Singing Bowl","floor":45},{"not_picked":["Body Slam+1","Hemokinesis+1"],"picked":"Disarm+1","floor":47},{"not_picked":["Twin Strike+1","Pommel Strike+1","Flame Barrier+1"],"picked":"Singing Bowl","floor":48},{"not_picked":["Body Slam+1","Clothesline+1"],"picked":"Warcry+1","floor":49},{"not_picked":["Barricade","Rupture+1","Rage+1"],"picked":"Singing Bowl","floor":52},{"not_picked":["Reckless Charge+1","Headbutt+1","Iron Wave+1"],"picked":"Singing Bowl","floor":54}],"player_experience":344059,"relics_obtained":[{"floor":6.0,"key":"MawBank"},{"floor":8.0,"key":"InkBottle"},{"floor":9.0,"key":"Centennial Puzzle"},{"floor":10.0,"key":"Molten Egg 2"},{"floor":23,"key":"Calipers"},{"floor":25,"key":"Akabeko"},{"floor":26,"key":"Toxic Egg 2"},{"floor":29,"key":"Bird Faced Urn"},{"floor":31,"key":"Dream Catcher"},{"floor":40,"key":"Singing Bowl"},{"floor":40,"key":"War Paint"},{"floor":41,"key":"Red Skull"},{"floor":41,"key":"Old Coin"},{"floor":46,"key":"Gremlin Horn"},{"floor":47,"key":"Orichalcum"},{"floor":47,"key":"Eternal Feather"},{"floor":48,"key":"HornCleat"},{"floor":48,"key":"Art of War"},{"floor":54,"key":"Blood Vial"},{"floor":54,"key":"Bottled Tornado"}],"event_choices":[{"damage_healed":0.0,"max_hp_gain":0.0,"max_hp_loss":0.0,"gold_gain":0.0,"event_name":"The Woman in Blue","player_choice":"Bought 0 Potions","floor":13.0,"gold_loss":0.0,"damage_taken":0.0},{"damage_healed":0,"gold_gain":0,"player_choice":"Ignored","damage_taken":0,"max_hp_gain":0,"max_hp_loss":0,"event_name":"Vampires","floor":30,"gold_loss":0},{"cards_removed":["Pommel Strike"],"damage_healed":0,"gold_gain":0,"player_choice":"Removed Attack","damage_taken":0,"max_hp_gain":0,"max_hp_loss":0,"event_name":"Falling","floor":37,"gold_loss":0},{"damage_healed":0,"gold_gain":0,"player_choice":"Max HP","damage_taken":0,"max_hp_gain":0,"max_hp_loss":5,"event_name":"Winding Halls","floor":38,"gold_loss":0},{"damage_healed":0,"gold_gain":0,"player_choice":"Memory 3","damage_taken":10,"max_hp_gain":0,"max_hp_loss":0,"event_name":"SensoryStone","floor":42,"gold_loss":0},{"damage_healed":0,"gold_gain":0,"player_choice":"Ignored","damage_taken":0,"max_hp_gain":0,"max_hp_loss":0,"event_name":"Tomb of Lord Red Mask","floor":44,"gold_loss":0}],"is_beta":false,"boss_relics":[{"not_picked":["Snecko Eye","Astrolabe"],"picked":"Sozu"},{"not_picked":["SlaversCollar","Tiny House"],"picked":"Black Star"}],"items_purged_floors":[4,11,20,28,53],"is_endless":false,"potions_floor_spawned":[1,2,7,10,14,18,19,23,27,31,33,35,36,47,48],"ascension_level":0}}