{"host":"gkr15ngkoxye0yue","time":1614065468,"event":{"mods":["2.2 Compatiblity","Act Like it!","BaseMod","Downfall","Minty Spire (QoL Compilation)","Rare Cards Sparkle","Replay The Spire","StSLib"],"gold_per_floor":[99,99,99,274,274,274,274,274,374,41,41,54,71,127,145,242,242,242,262,28,43,43,43,43,43,59,73,90,90,90,65,119,264,264,264,386,439,16,72,126,126,126,126,126,226,280,57,57,57,77,87,87],"floor_reached":53,"language":"ENG","playtime":14003,"items_purged":["champ:Strike","champ:Defend","champ:Strike","champ:Defend"],"score":645,"play_id":"4364cafa-3185-40bd-9b56-3d2fff5362a2","local_time":"20210222233108","is_ascension_mode":false,"campfire_choices":[{"data":"champ:Execute","floor":1.0,"key":"SMITH"},{"data":"champ:Taunt","floor":11.0,"key":"SMITH"},{"floor":18,"key":"DIG"},{"data":"champ:UltimateStance","floor":30,"key":"SMITH"},{"floor":35,"key":"DIG"},{"data":"champ:BerserkersShout","floor":44,"key":"SMITH"},{"data":"champ:Taunt","floor":49,"key":"SMITH"}],"circlet_count":0,"master_deck":["champ:Strike","champ:Strike","champ:Defend","champ:Defend","champ:Execute+1","champ:Taunt+1","champ:AdrenalArmor","champ:BringItOn","champ:Execute+1","champ:BerserkersShout+1","champ:FanOfKnives","champ:UltimateStance+1","champ:Encircle","champ:ShieldSlam","champ:FanOfKnives","champ:VampiricStrike","champ:IronFortress+1","champ:HoldFirm","champ:Backstep+1","champ:HoldFirm","champ:Taunt+1","champ:RapidStrikes","champ:ShieldWall+1","champ:Endure+1","champ:StanceDance+1","champ:MurderStrike","champ:IronFortress+1","Delirium","Hallucinations","Doubt","champ:Duel"],"relics":["champ:ChampionCrown","downfall:HeartsMalice","Mercury Hourglass","Snack Pack","HornCleat","Sozu","champ:FightingForDummies","Membership Card","Guardian:PocketSentry","Nilry\u0027s Codex","Frozen Egg 2","downfall:KnowingSkull","sneckomod:SneckoTalon","Pantograph","Vajra","Question Card","HandDrill","Garlic","Lizard Tail","Kunai","downfall:ExtraCursedKey","champ:GladiatorsBookOfMartialProwess","champ:BerserkersGuideToSlaughter","ReplayTheSpireMod:Ninjato"],"acts_visited":["Exordium","TheCity","TheBeyond"],"potions_floor_usage":[33],"damage_taken":[{"damage":0.0,"enemies":"Jaw Worm","floor":2.0,"turns":1.0},{"damage":0.0,"enemies":"Cultist","floor":3.0,"turns":1.0},{"damage":0.0,"enemies":"Small Slimes","floor":6.0,"turns":1.0},{"damage":35.0,"enemies":"downfall:FleeingMerchant","floor":10.0,"turns":4.0},{"damage":16.0,"enemies":"3 Louse","floor":12.0,"turns":3.0},{"damage":25.0,"enemies":"Gremlin Gang","floor":13.0,"turns":3.0},{"damage":14.0,"enemies":"3 Sentries","floor":14.0,"turns":5.0},{"damage":35.0,"enemies":"Large Slime","floor":15.0,"turns":4.0},{"damage":111.0,"enemies":"WA_ARCHETYPE_RETAIN","floor":16.0,"turns":8.0},{"damage":43,"enemies":"Spheric Guardian","floor":19,"turns":4},{"damage":30,"enemies":"downfall:FleeingMerchant","floor":20,"turns":4},{"damage":30,"enemies":"Chosen","floor":21,"turns":4},{"damage":20,"enemies":"Snake Plant","floor":26,"turns":4},{"damage":25,"enemies":"3 Cultists","floor":27,"turns":4},{"damage":15,"enemies":"Shelled Parasite and Fungi","floor":28,"turns":6},{"damage":33,"enemies":"downfall:FleeingMerchant","floor":31,"turns":4},{"damage":68,"enemies":"Centurion and Healer","floor":32,"turns":6},{"damage":131,"enemies":"SI_MIRROR_ARCHETYPE","floor":33,"turns":12},{"damage":28,"enemies":"downfall:FleeingMerchant","floor":36,"turns":6},{"damage":23,"enemies":"3 Shapes","floor":37,"turns":4},{"damage":23,"enemies":"Orb Walker","floor":39,"turns":3},{"damage":38,"enemies":"Spire Growth","floor":40,"turns":4},{"damage":23,"enemies":"4 Shapes","floor":46,"turns":5},{"damage":15,"enemies":"Writhing Mass","floor":50,"turns":5},{"damage":20,"enemies":"3 Darklings","floor":51,"turns":4},{"damage":43,"enemies":"IC_BLOCK_ARCHETYPE","floor":52,"turns":11}],"seed_played":"3194827649673238582","potions_obtained":[{"floor":12.0,"key":"Guardian:BlockOnCardUsePotion"},{"floor":13.0,"key":"champ:TechniquePotion"},{"floor":16.0,"key":"Languid Potion"}],"is_trial":false,"path_per_floor":["R","M","M","?","?","M","T","?","?","$","R","M","M","?","M","B",null,"R","M","$","M","?","?","T","?","M","M","M","?","R","$","M","B",null,"R","$","M","$","M","M","PTL","PTL","T","R","?","M","$","?","R","M","M","B",null],"character_chosen":"THE_CHAMP","items_purchased":["Snack Pack","Membership Card","Guardian:PocketSentry","Vajra","Question Card","HandDrill","Garlic","Lizard Tail","champ:GladiatorsBookOfMartialProwess","champ:BerserkersGuideToSlaughter"],"campfire_rested":0,"item_purchase_floors":[10,20,20,36,36,38,38,38,47,47],"current_hp_per_floor":[90,90,90,90,90,90,90,90,90,90,90,89,89,85,85,21,90,90,82,86,88,72,72,72,72,72,74,76,67,67,66,63,50,90,90,90,87,87,86,85,85,85,85,85,85,82,82,82,82,90,90,85],"gold":87,"neow_bonus":"THREE_ENEMY_KILL","is_daily":false,"chose_seed":false,"campfire_upgraded":5,"win_rate":0.0,"timestamp":1614065468,"path_taken":["R","M","M","?","?","?","T","?","?","$","R","M","?","?","M","BOSS","R","M","$","M","?","?","T","?","M","M","?","?","R","$","M","BOSS","R","?","M","$","M","M","PTL","PTL","T","R","?","M","$","?","R","M","M","BOSS"],"items_purchased_type":["Relic","Relic","Relic","Relic","Relic","Relic","Relic","Relic","Relic","Relic"],"build_version":"2020-12-22","purchased_purges":4,"victory":true,"max_hp_per_floor":[90,90,90,90,90,90,90,90,90,90,90,90,90,90,90,90,90,90,90,90,90,90,90,90,90,90,90,90,90,90,90,90,90,90,90,90,90,90,90,90,90,90,90,90,90,90,90,90,90,90,90,90],"card_choices":[{"not_picked":["champ:Circumvent","champ:EnragedBash"],"picked":"champ:AdrenalArmor","floor":2.0},{"not_picked":["champ:FlashCut","champ:CrookedStrike"],"picked":"champ:BringItOn","floor":3.0},{"not_picked":["champ:PreciseThrust","champ:Endure"],"picked":"champ:BerserkersShout","floor":6.0},{"not_picked":["champ:SkillfulDodge","champ:BringItOn"],"picked":"champ:FanOfKnives","floor":10.0},{"not_picked":["champ:BladeFlurry","champ:Backstep"],"picked":"champ:UltimateStance","floor":12.0},{"not_picked":["champ:CrownThrow","champ:SetATrap"],"picked":"champ:Encircle","floor":13.0},{"not_picked":["champ:SetATrap","champ:PerfectedStrike"],"picked":"champ:ShieldSlam","floor":14.0},{"not_picked":["champ:PreemptiveStrike","champ:Parry"],"picked":"champ:FanOfKnives","floor":15.0},{"not_picked":["champ:Devastate","champ:SteelEdge"],"picked":"champ:VampiricStrike","floor":16.0},{"not_picked":["champ:Circumvent","champ:BladeFlurry"],"picked":"champ:IronFortress+1","floor":19},{"not_picked":["champ:BringItOn+1","champ:IronFortress"],"picked":"champ:HoldFirm","floor":20},{"not_picked":["champ:Shatter","champ:FancyFootwork"],"picked":"champ:Backstep+1","floor":21},{"not_picked":["champ:Backstep","champ:PerfectedStrike","champ:Shatter+1"],"picked":"SKIP","floor":26},{"not_picked":["champ:FlashCut","champ:FocusedDefense+1"],"picked":"champ:RapidStrikes","floor":27},{"not_picked":["champ:Haymaker","champ:FlashCut"],"picked":"champ:ShieldWall+1","floor":28},{"not_picked":["champ:RecklessLeap","champ:AdrenalArmor"],"picked":"champ:Endure+1","floor":31},{"not_picked":["champ:PreciseThrust","champ:FalseCounter"],"picked":"champ:StanceDance+1","floor":32},{"not_picked":["champ:UltimateStance","champ:ShieldThrow"],"picked":"champ:MurderStrike","floor":33},{"not_picked":["champ:FanOfKnives","champ:RecklessLeap","champ:EnGarde+1"],"picked":"SKIP","floor":36},{"not_picked":["champ:Circumvent+1","champ:TornadoPunch","champ:CrookedStrike","champ:Haymaker"],"picked":"SKIP","floor":37},{"not_picked":["champ:Circumvent+1","champ:PerfectedStrike","champ:Lariat+1","champ:RapidStrikes"],"picked":"SKIP","floor":39},{"not_picked":["champ:EnGarde+1","champ:CrownThrow+1","champ:Circumvent"],"picked":"champ:IronFortress+1","floor":40},{"not_picked":["champ:FalseCounter+1","champ:PreciseThrust","champ:GutPunch+1","champ:Backstep+1"],"picked":"SKIP","floor":46},{"not_picked":["champ:Backstep","champ:BladeFlurry+1","champ:Endure","champ:Devastate"],"picked":"SKIP","floor":50},{"not_picked":["champ:RisingSlash+1","champ:AdrenalArmor","champ:ShieldSlam+1"],"picked":"champ:Duel","floor":51}],"player_experience":1393570,"relics_obtained":[{"floor":7.0,"key":"Mercury Hourglass"},{"floor":18,"key":"champ:FightingForDummies"},{"floor":22,"key":"Nilry\u0027s Codex"},{"floor":24,"key":"Frozen Egg 2"},{"floor":35,"key":"Pantograph"},{"floor":43,"key":"Kunai"},{"floor":48,"key":"ReplayTheSpireMod:Ninjato"}],"event_choices":[{"cards_removed":["Doubt"],"damage_healed":0.0,"max_hp_gain":0.0,"max_hp_loss":0.0,"gold_gain":0.0,"event_name":"The Cleric","player_choice":"Card Removal","floor":8.0,"gold_loss":0.0,"damage_taken":0.0},{"damage_healed":0.0,"max_hp_gain":0.0,"max_hp_loss":0.0,"gold_gain":100.0,"event_name":"Wheel of Change","player_choice":"Gold","floor":9.0,"gold_loss":0.0,"damage_taken":0.0}],"is_beta":false,"boss_relics":[{"not_picked":["Replay:Bronze Core","Philosopher\u0027s Stone"],"picked":"Sozu"},{"not_picked":["Painkiller Herb","Velvet Choker"],"picked":"sneckomod:SneckoTalon"}],"items_purged_floors":[10,31,36,38],"is_endless":false,"potions_floor_spawned":[12,13,16,19,21,28,33,46],"ascension_level":0}}