{"host":"og6lam4kt3nibbw0","time":1614098685,"event":{"mods":["AchievementEnabler","BaseMod","Colored Map","DeckTracker","Highlight Path","Keyboard Shortcuts","Minty Spire (QoL Compilation)","Permanent Neow","Quick Restart","StSLib","SuperFastMode"],"gold_per_floor":[18,28,28,42,58,58,78,88,388,224,244,258,258,272,272,347,347,367,417,111,111,124,124,47,66,90,33,33,44,44,44],"floor_reached":30,"language":"KOR","playtime":963,"items_purged":["Strike_G","Defend_G"],"score":452,"play_id":"b75a5d5d-0542-4ca1-9e42-bd2c83129038","local_time":"20210224014445","is_ascension_mode":true,"campfire_choices":[{"data":"All Out Attack","floor":6.0,"key":"SMITH"},{"data":"After Image","floor":13.0,"key":"SMITH"},{"data":"Neutralize","floor":15.0,"key":"SMITH"},{"floor":23.0,"key":"REST"},{"data":"Writhe","floor":28,"key":"PURGE"}],"circlet_count":0,"master_deck":["AscendersBane","Strike_G","Strike_G","Strike_G","Strike_G","Defend_G","Defend_G","Defend_G","Defend_G","Survivor","Neutralize+1","Dagger Spray","All Out Attack+1","Backflip","Escape Plan","After Image+1","Venomology","Corpse Explosion","CurseOfTheBell","Bouncing Flask","Catalyst","Footwork","Deadly Poison","Tactician"],"relics":["Ring of the Snake","Ice Cream","Old Coin","Calling Bell","Anchor","Singing Bowl","Peace Pipe","Medical Kit","Snake Skull"],"acts_visited":["Exordium","TheCity"],"potions_floor_usage":[25,25,29,29,29,29],"damage_taken":[{"damage":4.0,"enemies":"Cultist","floor":1.0,"turns":5.0},{"damage":2.0,"enemies":"2 Louse","floor":2.0,"turns":3.0},{"damage":7.0,"enemies":"Jaw Worm","floor":4.0,"turns":4.0},{"damage":1.0,"enemies":"2 Fungi Beasts","floor":5.0,"turns":2.0},{"damage":3.0,"enemies":"Looter","floor":7.0,"turns":3.0},{"damage":15.0,"enemies":"Exordium Wildlife","floor":8.0,"turns":5.0},{"damage":0.0,"enemies":"Lots of Slimes","floor":11.0,"turns":1.0},{"damage":1.0,"enemies":"3 Louse","floor":12.0,"turns":3.0},{"damage":0.0,"enemies":"2 Fungi Beasts","floor":14.0,"turns":2.0},{"damage":26.0,"enemies":"The Guardian","floor":16.0,"turns":15.0},{"damage":22.0,"enemies":"Shell Parasite","floor":18.0,"turns":8.0},{"damage":26.0,"enemies":"Chosen","floor":22.0,"turns":5.0},{"damage":0,"enemies":"3 Cultists","floor":25,"turns":3},{"damage":23,"enemies":"Shelled Parasite and Fungi","floor":29,"turns":4},{"damage":12,"enemies":"Snake Plant","floor":30,"turns":2}],"seed_played":"-4846017310326198655","potions_obtained":[{"floor":2.0,"key":"LiquidBronze"},{"floor":4.0,"key":"DuplicationPotion"},{"floor":16.0,"key":"LiquidBronze"},{"floor":22.0,"key":"Explosive Potion"},{"floor":25,"key":"Dexterity Potion"}],"is_trial":false,"path_per_floor":["M","M","?","M","M","R","M","M","T","$","M","M","R","M","R","B",null,"M","?","$","?","M","R","$","M","T","$","R","M","M"],"character_chosen":"THE_SILENT","items_purchased":["Venomology","Bouncing Flask","Medical Kit","Footwork","Deadly Poison"],"campfire_rested":1,"item_purchase_floors":[10,20,20,24,27],"current_hp_per_floor":[55,53,58,51,50,50,47,32,32,32,32,31,31,31,31,5,55,35,35,35,35,9,30,30,32,32,32,32,9,0,0],"gold":44,"neow_bonus":"ONE_RARE_RELIC","is_daily":false,"chose_seed":false,"campfire_upgraded":3,"win_rate":0.0,"timestamp":1614098685,"path_taken":["M","?","?","M","M","R","M","M","T","?","M","M","R","M","R","BOSS","M","?","$","?","M","R","$","M","T","?","R","?","M"],"items_purchased_type":["Card","Card","Relic","Card","Card"],"build_version":"2020-12-22","purchased_purges":2,"victory":false,"max_hp_per_floor":[66,66,71,71,71,71,71,71,71,71,71,71,71,71,71,71,71,73,73,73,73,73,73,73,75,75,75,75,75,75,75],"card_choices":[{"not_picked":["Dodge and Roll","PiercingWail"],"picked":"Dagger Spray","floor":1.0},{"not_picked":["Deflect","PiercingWail"],"picked":"All Out Attack","floor":2.0},{"not_picked":["Blade Dance","Bane"],"picked":"Backflip","floor":4.0},{"not_picked":["Infinite Blades","Sucker Punch"],"picked":"Escape Plan","floor":5.0},{"not_picked":["Dagger Spray","Backflip"],"picked":"After Image","floor":7.0},{"not_picked":["Quick Slash","PiercingWail","Deadly Poison"],"picked":"SKIP","floor":8.0},{"not_picked":["Well Laid Plans","Bane","Quick Slash"],"picked":"SKIP","floor":11.0},{"not_picked":["Predator","All Out Attack","Dagger Throw"],"picked":"SKIP","floor":12.0},{"not_picked":["Deadly Poison","Outmaneuver","Cloak And Dagger"],"picked":"SKIP","floor":14.0},{"not_picked":["Malaise","Envenom"],"picked":"Corpse Explosion","floor":16.0},{"not_picked":["Terror","Dodge and Roll","All Out Attack"],"picked":"Singing Bowl","floor":18.0},{"not_picked":["Backflip","Underhanded Strike+1"],"picked":"Catalyst","floor":22.0},{"not_picked":["Dagger Spray","Distraction+1","Sucker Punch"],"picked":"Singing Bowl","floor":25},{"not_picked":["Deflect","Deadly Poison"],"picked":"Tactician","floor":29}],"player_experience":997758,"relics_obtained":[{"floor":9.0,"key":"Old Coin"},{"floor":17.0,"key":"Anchor"},{"floor":17.0,"key":"Singing Bowl"},{"floor":17.0,"key":"Peace Pipe"}],"event_choices":[{"damage_healed":0.0,"max_hp_gain":5.0,"max_hp_loss":0.0,"gold_gain":0.0,"event_name":"Big Fish","player_choice":"Donut","floor":3.0,"gold_loss":0.0,"damage_taken":0.0},{"damage_healed":0.0,"max_hp_gain":0.0,"max_hp_loss":0.0,"gold_gain":50.0,"event_name":"Nest","player_choice":"Stole From Cult","floor":19.0,"gold_loss":0.0,"damage_taken":0.0},{"damage_healed":0.0,"max_hp_gain":0.0,"max_hp_loss":0.0,"gold_gain":0.0,"event_name":"The Mausoleum","player_choice":"Opened","floor":21.0,"gold_loss":0.0,"damage_taken":0.0,"relics_obtained":["Snake Skull"],"cards_obtained":["Writhe"]}],"is_beta":false,"boss_relics":[{"not_picked":["Runic Pyramid","Empty Cage"],"picked":"Calling Bell"}],"items_purged_floors":[10,20],"is_endless":false,"potions_floor_spawned":[2,4,8,16,22,25],"killed_by":"Snake Plant","ascension_level":20}}