{"host":"3498uni0c31c9bdm","time":1614084988,"event":{"mods":["BaseMod","Better Match","Better Note","Better Sensory Stone","Better Skull","Better Third Choice","Colored Map","Minty Spire (QoL Compilation)","Quick Restart","RNG Fix","Random Character Button","Replay The Spire","Shop Mod","Smile Girya","StSLib","Unceasing Turn Reminder"],"gold_per_floor":[109,121,121,135,154,187,237,237,313,323,323,336,336,361,361,466,466,454,454,472,472,472,472,501,520,543,543,557,568,568,583,583,583,583],"floor_reached":33,"language":"ENG","playtime":1651,"items_purged":[],"score":546,"play_id":"818a393e-440c-4291-abf1-5be149ac605a","local_time":"20210223235628","is_ascension_mode":true,"campfire_choices":[{"floor":8,"key":"RECALL"},{"floor":11,"key":"REST"},{"data":"ReplayTheSpireMod:Muscle Training","floor":15,"key":"SMITH"},{"floor":27,"key":"REST"},{"floor":30,"key":"REST"},{"floor":32,"key":"DIG"}],"circlet_count":0,"master_deck":["AscendersBane","Strike_R","Strike_R","Strike_R","Strike_R","Strike_R+1","Defend_R+1","Defend_R","Defend_R","Defend_R","Bash","ReplayTheSpireMod:Muscle Training+1","Rampage","Shockwave","ReplayTheSpireMod:Stacked","Replay:Many Hands","Amnesia","Iron Wave","Perfected Strike","Clumsy","Sword Boomerang","Limit Break","Pommel Strike","Spreading Infection","Feel No Pain","J.A.X.","Hallucinations","True Grit+1","Demon Form+1","Seeing Red","Rage","ReplayTheSpireMod:Strike From Hell"],"relics":["Burning Blood","Simple Rune","Garlic","ReplayTheSpireMod:Ring of Collecting","Ring of Greed","The Courier","Smiling Mask","ReplayTheSpireMod:Ring of Addiction","White Beast Statue","Chameleon Ring","Pear","Ring of Peace","Champion Belt","Art of War","SacredBark","Ring of Fury","Golden Egg","Shovel","Ancient Tea Set","Ring of Panic","Bag of Marbles","Replay:PocketPolymizer"],"acts_visited":["Exordium","TheCity"],"potions_floor_usage":[6,6,12,14,16,20,24,25,28,33,33],"damage_taken":[{"damage":1,"enemies":"Cultist","floor":1,"turns":3},{"damage":9,"enemies":"2 Louse","floor":2,"turns":3},{"damage":2,"enemies":"Small Slimes","floor":4,"turns":4},{"damage":9,"enemies":"3 Louse","floor":5,"turns":3},{"damage":32,"enemies":"Lagavulin","floor":6,"turns":7},{"damage":5,"enemies":"Blue Slaver","floor":10,"turns":4},{"damage":6,"enemies":"Large Slime","floor":12,"turns":5},{"damage":16,"enemies":"Gremlin Nob","floor":14,"turns":4},{"damage":56,"enemies":"The Guardian","floor":16,"turns":12},{"damage":8,"enemies":"2 Thieves","floor":18,"turns":4},{"damage":0,"enemies":"3 Byrds","floor":20,"turns":5},{"damage":43,"enemies":"Gremlin Leader","floor":24,"turns":5},{"damage":16,"enemies":"Shelled Parasite and Fungi","floor":25,"turns":5},{"damage":15,"enemies":"Sentry and Sphere","floor":28,"turns":4},{"damage":27,"enemies":"Chosen and Byrds","floor":29,"turns":8},{"damage":28,"enemies":"Cultist and Chosen","floor":31,"turns":7},{"damage":31,"enemies":"Pondfish","floor":33,"turns":6}],"seed_played":"-6602697399194297689","potions_obtained":[{"floor":2,"key":"AttackPotion"},{"floor":4,"key":"Milkshake"},{"floor":6,"key":"SneckoOil"},{"floor":9,"key":"Languid Potion"},{"floor":9,"key":"Adrenaline Potion"},{"floor":12,"key":"Ancient Potion"},{"floor":14,"key":"Toxic Potion"},{"floor":16,"key":"Strength Potion"},{"floor":20,"key":"Toxic Potion"},{"floor":24,"key":"Swift Potion"},{"floor":25,"key":"FearPotion"},{"floor":28,"key":"Flashbang"}],"is_trial":false,"path_per_floor":["M","M","$","M","M","E","?","R","T","M","R","M","T","E","R","B",null,"M","?","M","T","?","?","E","M","T","R","M","M","R","M","R_BF","B"],"character_chosen":"IRONCLAD","items_purchased":[],"campfire_rested":3,"item_purchase_floors":[],"current_hp_per_floor":[77,74,74,78,75,49,49,49,59,60,87,87,87,77,77,27,74,72,72,78,78,78,78,41,31,31,56,47,26,51,29,29,0,0],"gold":583,"neow_bonus":"RANDOM_COMMON_RELIC","is_daily":false,"chose_seed":false,"campfire_upgraded":1,"win_rate":0.0,"timestamp":1614084988,"path_taken":["M","M","$","?","M","E","?","R","T","M","R","M","?","E","R","BOSS","M","?","M","?","?","?","E","?","T","R","M","M","R","M","R_BF","BOSS"],"items_purchased_type":[],"build_version":"2020-12-22","purchased_purges":0,"victory":false,"max_hp_per_floor":[80,80,80,80,80,80,80,80,90,90,90,90,90,90,90,90,90,90,90,88,88,88,88,86,86,86,86,86,86,86,86,84,84,84],"card_choices":[{"not_picked":["Clothesline","Headbutt"],"picked":"ReplayTheSpireMod:Muscle Training","floor":1},{"not_picked":["Seeing Red","Shrug It Off"],"picked":"Rampage","floor":2},{"not_picked":["Sword Boomerang","Twin Strike"],"picked":"Shockwave","floor":4},{"not_picked":["ReplayTheSpireMod:Muscle Training","Shrug It Off"],"picked":"ReplayTheSpireMod:Stacked","floor":5},{"not_picked":["Thunderclap","Clash"],"picked":"Replay:Many Hands","floor":6},{"not_picked":["Body Slam","Replay:Undeath\u0027s Touch"],"picked":"Iron Wave","floor":10},{"not_picked":["Wild Strike","Pommel Strike"],"picked":"Perfected Strike","floor":12},{"not_picked":["Shrug It Off","True Grit"],"picked":"Sword Boomerang","floor":14},{"not_picked":["Juggernaut","Impervious"],"picked":"Limit Break","floor":16},{"not_picked":["Clothesline","Anger"],"picked":"Pommel Strike","floor":18},{"not_picked":["Clash","Havoc"],"picked":"Feel No Pain","floor":20},{"not_picked":["Cleave","Sentinel"],"picked":"True Grit+1","floor":24},{"not_picked":["Flex","Combust"],"picked":"Demon Form","floor":25},{"not_picked":["Headbutt","Flex"],"picked":"Seeing Red","floor":28},{"not_picked":["Body Slam","Clothesline"],"picked":"Rage","floor":29},{"not_picked":["Pommel Strike","Headbutt"],"picked":"ReplayTheSpireMod:Strike From Hell","floor":31}],"player_experience":934096,"relics_obtained":[{"floor":6,"key":"Garlic"},{"floor":7,"key":"ReplayTheSpireMod:Ring of Collecting"},{"floor":7,"key":"Ring of Greed"},{"floor":7,"key":"The Courier"},{"floor":7,"key":"Smiling Mask"},{"floor":9,"key":"ReplayTheSpireMod:Ring of Addiction"},{"floor":9,"key":"White Beast Statue"},{"floor":9,"key":"Chameleon Ring"},{"floor":9,"key":"Pear"},{"floor":13,"key":"Ring of Peace"},{"floor":13,"key":"Champion Belt"},{"floor":14,"key":"Art of War"},{"floor":21,"key":"Ring of Fury"},{"floor":21,"key":"Golden Egg"},{"floor":24,"key":"Ancient Tea Set"},{"floor":26,"key":"Ring of Panic"},{"floor":26,"key":"Bag of Marbles"},{"floor":32,"key":"Replay:PocketPolymizer"}],"event_choices":[{"damage_healed":0,"gold_gain":0,"player_choice":"Ignored","damage_taken":0,"max_hp_gain":0,"max_hp_loss":0,"event_name":"Ghosts","floor":19,"gold_loss":0},{"damage_healed":0,"gold_gain":0,"player_choice":"Obtain J.A.X.","damage_taken":0,"max_hp_gain":0,"max_hp_loss":0,"event_name":"Drug Dealer","floor":22,"gold_loss":0,"cards_obtained":["J.A.X."]}],"is_beta":false,"boss_relics":[{"not_picked":["Runic Dome","Cursed Key"],"picked":"SacredBark"}],"items_purged_floors":[],"is_endless":false,"potions_floor_spawned":[2,4,6,10,12,14,16,18,20,24,25,28,29,31],"killed_by":"Pondfish","ascension_level":12}}