{"host":"c6u7e77myxvw4d0m","time":1614095233,"event":{"mods":["AchievementEnabler","BaseMod","Bestiary","Colored Map","Colored Powertips","Minty Spire (QoL Compilation)","Rare Cards Sparkle","Relic Stats","everything is the same but u backflip on backflip"],"gold_per_floor":[361,374,7,23,23,23,23,36,63,96,96,96,96],"floor_reached":12,"language":"ENG","playtime":1066,"items_purged":["Strike_G"],"score":156,"play_id":"e9adc30a-b3a1-4c05-bbf5-b294cf5f043a","local_time":"20210223174713","is_ascension_mode":true,"campfire_choices":[{"floor":6,"key":"REST"},{"data":"Scrape","floor":11,"key":"SMITH"}],"circlet_count":0,"master_deck":["AscendersBane","Strike_G","Strike_G","Strike_G","Strike_G","Defend_G+1","Defend_G","Defend_G","Defend_G","Defend_G+1","Survivor","Neutralize","Dash","Dagger Throw","Eviscerate","Reflex","Scrape+1","Leap"],"relics":["Ring of the Snake","PrismaticShard","Lantern","Centennial Puzzle"],"acts_visited":["Exordium"],"potions_floor_usage":[10,12],"damage_taken":[{"damage":5,"enemies":"Small Slimes","floor":1,"turns":5},{"damage":0,"enemies":"Jaw Worm","floor":2,"turns":7},{"damage":4,"enemies":"2 Louse","floor":4,"turns":3},{"damage":0,"enemies":"2 Fungi Beasts","floor":8,"turns":3},{"damage":12,"enemies":"3 Sentries","floor":10,"turns":10},{"damage":23,"enemies":"Gremlin Nob","floor":12,"turns":3}],"seed_played":"-3614402132419617932","potions_obtained":[{"floor":1,"key":"GamblersBrew"},{"floor":2,"key":"ColorlessPotion"},{"floor":8,"key":"Explosive Potion"}],"is_trial":false,"path_per_floor":["M","M","$","M","?","R","?","M","T","E","R","E"],"character_chosen":"THE_SILENT","items_purchased":["Eviscerate","Reflex","PrismaticShard"],"campfire_rested":1,"item_purchase_floors":[3,3,3],"current_hp_per_floor":[39,39,39,35,15,34,34,34,34,22,22,0,0],"gold":96,"neow_bonus":"TWO_FIFTY_GOLD","is_daily":false,"chose_seed":false,"campfire_upgraded":1,"win_rate":0.0,"timestamp":1614095233,"path_taken":["M","M","$","M","?","R","?","M","T","E","R","E"],"items_purchased_type":["Card","Card","Relic"],"build_version":"2020-12-22","purchased_purges":1,"victory":false,"max_hp_per_floor":[66,66,66,66,66,66,66,66,66,66,66,66,66],"relic_stats":{"Centennial Puzzle":[0],"counters":[6,31],"obtain_stats":[{"Lantern":9,"Centennial Puzzle":10,"PrismaticShard":3,"Ring of the Snake":0},{"Lantern":4,"Centennial Puzzle":5,"PrismaticShard":2,"Ring of the Snake":0},{"Lantern":18,"Centennial Puzzle":28,"PrismaticShard":12,"Ring of the Snake":0}],"Ring of the Snake":[12]},"card_choices":[{"not_picked":["Finisher","Sucker Punch"],"picked":"Dash","floor":1},{"not_picked":["Cloak And Dagger","Crippling Poison"],"picked":"Dagger Throw","floor":2},{"not_picked":["Dark Embrace","Second Wind"],"picked":"Scrape","floor":4},{"not_picked":["Prostrate","Gash"],"picked":"Leap","floor":8},{"not_picked":["Backstab","Evaluate","Underhanded Strike"],"picked":"SKIP","floor":10}],"player_experience":878254,"relics_obtained":[{"floor":9,"key":"Lantern"},{"floor":10,"key":"Centennial Puzzle"}],"event_choices":[{"damage_healed":0,"gold_gain":0,"player_choice":"Entered Light","damage_taken":20,"max_hp_gain":0,"max_hp_loss":0,"event_name":"Shining Light","floor":5,"gold_loss":0,"cards_upgraded":["Defend_G","Defend_G"]},{"damage_healed":0,"gold_gain":0,"player_choice":"Fled","damage_taken":0,"max_hp_gain":0,"max_hp_loss":0,"event_name":"Scrap Ooze","floor":7,"gold_loss":0}],"is_beta":false,"boss_relics":[],"items_purged_floors":[3],"is_endless":false,"potions_floor_spawned":[1,2,8],"killed_by":"Gremlin Nob","ascension_level":20}}