{"host":"i0kvgscy22nkofud","time":1614054011,"event":{"mods":["AchievementEnabler","BaseMod","BetterRewards","Colored Map","Colored Powertips","Highlight Path","Hubris","Infinite Spire","Minty Spire (QoL Compilation)","Quick Restart","Replay The Spire","StSLib"],"gold_per_floor":[114,114,189,203,203,203,58,76,76,92,115,115,115,151,151,280,280,300,300,265,315,330,370,43,93,171,171,146,165,215,265,265,393,393,412,38,88,13,126,160,173,173,224,224,248,321,716,743,755,767],"floor_reached":51,"language":"ENG","playtime":8434,"items_purged":["Strike_R"],"score":764,"play_id":"4abc590c-f0f7-42c3-99d5-2e69551f56aa","local_time":"20210222212011","is_ascension_mode":false,"campfire_choices":[{"data":"Flex","floor":6,"key":"SMITH"},{"data":"hubris:CleavingFinish","floor":13,"key":"SMITH"},{"floor":15,"key":"REST"},{"floor":27,"key":"REST"},{"floor":32,"key":"REST"},{"data":"Double Tap","floor":42,"key":"SMITH"},{"data":"Limit Break","floor":44,"key":"SMITH"},{"data":"Sword Boomerang","floor":49,"key":"SMITH"}],"circlet_count":0,"master_deck":["Strike_R","Strike_R","Strike_R","Defend_R+1","Defend_R","Defend_R","Defend_R","Flex+1","Life Link","Inflame","hubris:CleavingFinish+1","Spot Weakness","Sword Boomerang","Headbutt","Limit Break+1","Sword Boomerang+1","Inflame","hubris:SharpeningStone","Double Tap+1","Flex+1","Poisoned Strike","Heavy Blade+1"],"relics":["infinitespire:DarkRift","Matryoshka","Juzu Bracelet","Brimstone","Strawberry","Anchor","infinitespire:Cubic Diamond","Bag of Marbles","SlaversCollar","SsserpentHead","infinitespire:BottledMercury","Durian","Onion Ring","Vajra","hubris:Metronome","Boot","hubris:TinFlute","Philosopher\u0027s Stone","Toolbox","infinitespire:Golems Mask","Charon\u0027s Ashes","Potion Belt","MawBank"],"acts_visited":["Exordium","TheCity","TheBeyond"],"potions_floor_usage":[23,33,33,39,50,50,50],"damage_taken":[{"damage":0.0,"enemies":"Small Slimes","floor":1.0,"turns":3.0},{"damage":1,"enemies":"2 Louse","floor":4,"turns":2},{"damage":7,"enemies":"Jaw Worm","floor":8,"turns":3},{"damage":1,"enemies":"Blue Slaver","floor":10,"turns":3},{"damage":0,"enemies":"Exordium Wildlife","floor":11,"turns":3},{"damage":8,"enemies":"Lagavulin","floor":14,"turns":4},{"damage":36,"enemies":"Fading Forest","floor":16,"turns":11},{"damage":12,"enemies":"2 Thieves","floor":18,"turns":2},{"damage":0,"enemies":"Chosen","floor":22,"turns":3},{"damage":45,"enemies":"Slavers","floor":23,"turns":4},{"damage":0,"enemies":"Snake Plant","floor":29,"turns":2},{"damage":0,"enemies":"Champ","floor":33,"turns":5},{"damage":0,"enemies":"Orb Walker","floor":35,"turns":2},{"damage":2,"enemies":"Mind Bloom Boss Battle","floor":39,"turns":3},{"damage":0,"enemies":"Nemesis","floor":40,"turns":1},{"damage":0,"enemies":"3 Shapes","floor":41,"turns":1},{"damage":9,"enemies":"3 Darklings","floor":45,"turns":3},{"damage":0,"enemies":"Spire Growth","floor":48,"turns":2},{"damage":25,"enemies":"infinitespire:MassOfShapes","floor":50,"turns":4}],"seed_played":"8320504255621909591","potions_obtained":[{"floor":4,"key":"Toxic Potion"},{"floor":8,"key":"Swift Potion"},{"floor":16,"key":"LifebloodPotion"},{"floor":22,"key":"Strength Potion"},{"floor":33,"key":"Fire Potion"},{"floor":35,"key":"infinitespire:BlackPotion"},{"floor":39,"key":"AttackPotion"},{"floor":45,"key":"Adrenaline Potion"}],"is_trial":false,"path_per_floor":["M","?","?","M","?","R","$","M","T","M","M","?","R","E","R","B",null,"M","?","?","?","M","E","$","?","T","R","?","M","T","?","R","B",null,"M","$","?","$","?","E","M","R","T","R","M","T","?","M","R","B",null],"character_chosen":"IRONCLAD","items_purchased":["Matryoshka","Juzu Bracelet","Brimstone","Inflame","hubris:CleavingFinish","Onion Ring","Sword Boomerang","Inflame","Flex+1","Poisoned Strike","Toolbox"],"campfire_rested":3,"item_purchase_floors":[0,0,0,7,7,24,24,24,36,36,36],"current_hp_per_floor":[80,60,49,54,54,54,54,53,60,65,71,71,71,63,87,73,87,75,75,75,75,75,35,35,35,35,62,62,62,62,62,89,89,92,92,92,92,92,90,90,90,90,90,90,81,81,81,81,81,56],"gold":779,"neow_bonus":"","is_daily":false,"chose_seed":false,"campfire_upgraded":5,"win_rate":0.0,"timestamp":1614054011,"path_taken":["M","?","?","M","?","R","?","M","T","M","M","?","R","E","R","BOSS","M","?","?","?","M","E","$","?","T","R","?","M","?","?","R","BOSS","M","$","?","$","?","E","M","R","T","R","M","?","?","M","R","BOSS"],"items_purchased_type":["Relic","Relic","Relic","Card","Card","Relic","Card","Card","Card","Card","Relic"],"build_version":"2020-12-22","purchased_purges":1,"victory":true,"max_hp_per_floor":[80,80,80,80,80,80,80,80,87,87,87,87,87,87,87,87,87,87,87,87,87,87,92,92,92,92,92,92,92,92,92,92,92,92,92,92,92,92,92,92,92,92,92,92,92,92,92,92,92,92],"card_choices":[{"not_picked":["Iron Wave","ReplayTheSpireMod:LeadingStrike"],"picked":"Flex","floor":1.0},{"not_picked":["Pommel Strike","Body Slam"],"picked":"Life Link","floor":4},{"not_picked":["Ghostly Armor","Bloodletting"],"picked":"Spot Weakness","floor":8},{"not_picked":["Thunderclap","Power Through"],"picked":"Sword Boomerang","floor":10},{"not_picked":["Dual Wield","Massacre"],"picked":"Flex","floor":11},{"not_picked":["Life Link","Bloodletting"],"picked":"Headbutt","floor":14},{"not_picked":["Demon Form","Impervious"],"picked":"Limit Break","floor":16},{"not_picked":["Thunderclap","True Grit","ReplayTheSpireMod:Muscle Training"],"picked":"SKIP","floor":18},{"not_picked":["Armaments","Thunderclap","ReplayTheSpireMod:Corrosion Curse"],"picked":"SKIP","floor":22},{"not_picked":["Clash+1","Armaments","Battle Trance"],"picked":"SKIP","floor":23},{"not_picked":["Body Slam","Flame Barrier"],"picked":"hubris:SharpeningStone","floor":29},{"not_picked":["Juggernaut","Fiend Fire"],"picked":"Double Tap","floor":33},{"not_picked":["Dual Wield+1","Combust","ReplayTheSpireMod:Strike From Hell+1"],"picked":"SKIP","floor":35},{"not_picked":["Dual Wield+1","Combust","ReplayTheSpireMod:Strike From Hell+1"],"picked":"SKIP","floor":35},{"not_picked":["Rampage+1","Clothesline","Burning Pact"],"picked":"SKIP","floor":40},{"not_picked":["Twin Strike","Iron Wave+1","Entrench"],"picked":"SKIP","floor":41},{"not_picked":["Intimidate","Shrug It Off","ReplayTheSpireMod:LeadingStrike"],"picked":"SKIP","floor":45},{"not_picked":["Carnage","Blood for Blood"],"picked":"Heavy Blade+1","floor":48}],"player_experience":18091,"relics_obtained":[{"floor":9,"key":"Strawberry"},{"floor":9,"key":"Anchor"},{"floor":14,"key":"Bag of Marbles"},{"floor":23,"key":"Durian"},{"floor":26,"key":"Vajra"},{"floor":26,"key":"hubris:Metronome"},{"floor":30,"key":"Boot"},{"floor":39,"key":"infinitespire:Golems Mask"},{"floor":40,"key":"Charon\u0027s Ashes"},{"floor":43,"key":"Potion Belt"},{"floor":46,"key":"MawBank"}],"event_choices":[{"damage_healed":0.0,"max_hp_gain":0.0,"max_hp_loss":0.0,"gold_gain":0.0,"event_name":"Golden Idol","player_choice":"Take Damage","floor":2.0,"gold_loss":0.0,"damage_taken":20.0,"relics_obtained":["Golden Idol"]},{"damage_healed":0.0,"max_hp_gain":0.0,"max_hp_loss":0.0,"gold_gain":75.0,"event_name":"World of Goop","player_choice":"Gather Gold","floor":3.0,"gold_loss":0.0,"damage_taken":11.0},{"damage_healed":0,"gold_gain":0,"player_choice":"Trade","damage_taken":0,"relics_obtained":["SsserpentHead"],"max_hp_gain":0,"max_hp_loss":0,"event_name":"FaceTrader","floor":19,"gold_loss":0},{"damage_healed":0,"gold_gain":0,"player_choice":"Obtained Relic","damage_taken":0,"relics_obtained":["infinitespire:BottledMercury"],"max_hp_gain":0,"max_hp_loss":0,"event_name":"Addict","floor":20,"gold_loss":85},{"cards_removed":["Bash"],"damage_healed":0,"gold_gain":0,"player_choice":"Elegance","damage_taken":0,"max_hp_gain":0,"max_hp_loss":0,"event_name":"Back to Basics","floor":21,"gold_loss":0},{"cards_removed":["Strike_R"],"damage_healed":0,"gold_gain":0,"player_choice":"Gave Gold","damage_taken":0,"max_hp_gain":0,"max_hp_loss":0,"event_name":"Beggar","floor":28,"gold_loss":75},{"cards_removed":["Flex"],"damage_healed":0,"gold_gain":0,"player_choice":"Removed Skill","damage_taken":0,"max_hp_gain":0,"max_hp_loss":0,"event_name":"Falling","floor":37,"gold_loss":0},{"damage_healed":0,"gold_gain":0,"player_choice":"Fight","damage_taken":0,"max_hp_gain":0,"max_hp_loss":0,"event_name":"MindBloom","floor":39,"gold_loss":0},{"damage_healed":0,"gold_gain":333,"player_choice":"Gave Idol","damage_taken":0,"max_hp_gain":0,"max_hp_loss":0,"event_name":"The Moai Head","floor":47,"relics_lost":["Golden Idol"],"gold_loss":0}],"is_beta":false,"boss_relics":[{"not_picked":["Fusion Hammer","Velvet Choker"],"picked":"SlaversCollar"},{"not_picked":["Astrolabe","hubris:ScarierMask"],"picked":"Philosopher\u0027s Stone"}],"items_purged_floors":[38],"is_endless":false,"potions_floor_spawned":[4,8,16,22,33,35,39,45],"ascension_level":0}}