{"host":"skr63qsdfgeey3it","time":1614057363,"event":{"mods":["BaseMod","Colored Map","Hubris","Minty Spire (QoL Compilation)","Monster B Gone","Reliquary","Replay The Spire","Spicy Shops","StSLib"],"gold_per_floor":[113,113,113,113,127,127,157,175,175,189,205,236,236,269,269,269,269],"floor_reached":16,"language":"ENG","playtime":518,"items_purged":[],"score":254,"play_id":"6d65e006-64c5-46f1-929f-5efc103b6540","local_time":"20210222231603","is_ascension_mode":true,"campfire_choices":[{"data":"Redo","floor":6,"key":"SMITH"},{"floor":15,"key":"REST"}],"circlet_count":0,"master_deck":["AscendersBane","Strike_B","Strike_B","Strike_B","Strike_B","Defend_B","Defend_B","Defend_B","Defend_B","Zap","Dualcast","Self Repair","Pain","Redo+1","Static Discharge","Sweeping Beam","Redo","BasicCrystalCard","FIFO Queue","Hologram"],"relics":["Cracked Core","NeowsBlessing","hubris:AstralHammer","WarpedTongs","reliquary:TatteredRug","hubris:TinFlute","reliquary:PorcupineQuills","reliquary:OuijaBoard","Darkstone Periapt"],"acts_visited":["Exordium"],"potions_floor_usage":[10,11,12],"damage_taken":[{"damage":0,"enemies":"Cultist","floor":1,"turns":1},{"damage":0,"enemies":"Small Slimes","floor":5,"turns":1},{"damage":0,"enemies":"Lagavulin","floor":7,"turns":1},{"damage":7,"enemies":"2 Louse","floor":8,"turns":3},{"damage":4,"enemies":"Red Slaver","floor":10,"turns":3},{"damage":7,"enemies":"Exordium Wildlife","floor":11,"turns":3},{"damage":21,"enemies":"Gremlin Nob","floor":12,"turns":4},{"damage":15,"enemies":"Lagavulin","floor":14,"turns":9},{"damage":0,"enemies":"Fading Forest","floor":16,"turns":3}],"seed_played":"7470927093733735450","potions_obtained":[{"floor":7,"key":"DistilledChaos"},{"floor":8,"key":"Fire Potion"},{"floor":11,"key":"Regen Potion"}],"is_trial":false,"path_per_floor":["M","?","?","?","M","R","E","M","T","M","M","E","?","E","R","B"],"character_chosen":"DEFECT","items_purchased":[],"campfire_rested":1,"item_purchase_floors":[],"current_hp_per_floor":[64,64,57,57,57,57,57,60,60,66,59,50,32,24,45,45,45],"gold":269,"neow_bonus":"THREE_ENEMY_KILL","is_daily":false,"chose_seed":false,"campfire_upgraded":1,"win_rate":0.0,"timestamp":1614057363,"path_taken":["M","?","?","?","M","R","E","M","T","M","?","E","?","E","R","BOSS"],"items_purchased_type":[],"build_version":"2020-12-22","purchased_purges":0,"victory":false,"max_hp_per_floor":[71,71,71,71,71,71,71,71,71,71,71,71,71,71,71,71,71],"card_choices":[{"not_picked":["Go for the Eyes","Reprogram"],"picked":"Self Repair","floor":1},{"not_picked":["Rebound","Auto Shields"],"picked":"Redo","floor":5},{"not_picked":["Stack","Hologram"],"picked":"Static Discharge","floor":7},{"not_picked":["Turbo","ReplayGash"],"picked":"Sweeping Beam","floor":8},{"not_picked":["Turbo","Steam"],"picked":"Redo","floor":10},{"not_picked":["Conserve Battery","Skim"],"picked":"BasicCrystalCard","floor":11},{"not_picked":["Melter","Barrage"],"picked":"FIFO Queue","floor":12},{"not_picked":["Reprogram","Double Energy"],"picked":"Hologram","floor":14}],"player_experience":994250,"relics_obtained":[{"floor":7,"key":"reliquary:TatteredRug"},{"floor":9,"key":"hubris:TinFlute"},{"floor":12,"key":"reliquary:PorcupineQuills"},{"floor":14,"key":"Darkstone Periapt"}],"event_choices":[{"damage_healed":0,"gold_gain":0,"player_choice":"Box","damage_taken":0,"relics_obtained":["hubris:AstralHammer"],"max_hp_gain":0,"max_hp_loss":0,"event_name":"Big Fish","floor":2,"gold_loss":0,"cards_obtained":["Regret"]},{"cards_removed":["Regret"],"damage_healed":0,"gold_gain":0,"player_choice":"Card Removal","damage_taken":7,"max_hp_gain":0,"max_hp_loss":0,"event_name":"Golden Wing","floor":3,"gold_loss":0},{"damage_healed":0,"gold_gain":0,"player_choice":"Rummage","damage_taken":0,"relics_obtained":["WarpedTongs"],"max_hp_gain":0,"max_hp_loss":0,"event_name":"Accursed Blacksmith","floor":4,"gold_loss":0,"cards_obtained":["Pain"]},{"damage_healed":0,"gold_gain":0,"player_choice":"Success","damage_taken":18,"relics_obtained":["reliquary:OuijaBoard"],"max_hp_gain":0,"max_hp_loss":0,"event_name":"Scrap Ooze","floor":13,"gold_loss":0}],"is_beta":false,"boss_relics":[],"items_purged_floors":[],"is_endless":false,"potions_floor_spawned":[7,8,11],"killed_by":"Fading Forest","ascension_level":15}}