{"host":"8vqkh0x3c7vpgzzm","time":1614109236,"event":{"mods":["AchievementEnabler","BaseMod","Colored Map","Colored Powertips","Curses Come First","DeckTracker","Highlight Path","Minty Spire (QoL Compilation)","Permanent Neow","Quick Restart","Random Character Mod","Rare Cards Sparkle","Relic Sorter","Relic Stats","StSLib","SuperFastMode","Unceasing Turn Reminder","egg","everything is the same but u backflip on backflip"],"gold_per_floor":[109,124,124,124,138,138,153,153,153,153,153,153,56,79,79,199,199,222,222,222,222,237,275,275,62,89,89,110,148,33,57,57,178,178,197,217,276,276,3,34,34,77,77,111,132,132,153,171,171,171],"floor_reached":51,"language":"ENG","playtime":2935,"items_purged":["Strike_B","Capacitor"],"score":1286,"play_id":"485bccb4-dafe-47c7-a4fa-4c9df9192eee","local_time":"20210223204036","is_ascension_mode":true,"campfire_choices":[{"data":"Zap","floor":6,"key":"SMITH"},{"data":"Dualcast","floor":8,"key":"SMITH"},{"data":"Lockon","floor":10,"key":"SMITH"},{"data":"Sweeping Beam","floor":12,"key":"SMITH"},{"data":"FTL","floor":15,"key":"SMITH"},{"data":"Turbo","floor":24,"key":"SMITH"},{"floor":27,"key":"REST"},{"floor":32,"key":"REST"},{"data":"Rainbow","floor":41,"key":"SMITH"},{"floor":46,"key":"REST"},{"floor":49,"key":"REST"}],"circlet_count":0,"master_deck":["AscendersBane","Zap+1","Dualcast+1","Turbo+1","Lockon+1","Sweeping Beam+1","Steam","Steam","All For One","Creative AI","Streamline","Echo Form","BootSequence+1","Sunder","Biased Cognition","Skim+1","RitualDagger+1","Scrape+1","Skim+1","Beam Cell","Flash of Steel+1","Recycle+1","Reboot","Flash of Steel","Gash","Coolheaded","Rainbow+1","Steam","BootSequence+1","Defragment","Creative AI","Coolheaded+1"],"relics":["Runic Pyramid","Shuriken","Matryoshka","Golden Idol","Pandora\u0027s Box","Blood Vial","Nunchaku","Bag of Preparation","Letter Opener","War Paint","Potion Belt","Whetstone","SlaversCollar","Ice Cream","Frozen Eye","MealTicket","Bottled Flame","HornCleat","Girya"],"acts_visited":["Exordium","TheCity","TheBeyond"],"potions_floor_usage":[16,16,23,36,45,50,50],"damage_taken":[{"damage":1,"enemies":"Cultist","floor":1,"turns":4},{"damage":7,"enemies":"Small Slimes","floor":2,"turns":4},{"damage":2,"enemies":"Jaw Worm","floor":5,"turns":3},{"damage":7,"enemies":"Exordium Wildlife","floor":7,"turns":3},{"damage":13,"enemies":"Large Slime","floor":14,"turns":5},{"damage":4,"enemies":"The Guardian","floor":16,"turns":8},{"damage":0,"enemies":"3 Byrds","floor":18,"turns":4},{"damage":12,"enemies":"Shell Parasite","floor":22,"turns":3},{"damage":14,"enemies":"Slavers","floor":23,"turns":3},{"damage":4,"enemies":"Centurion and Healer","floor":28,"turns":2},{"damage":6,"enemies":"Gremlin Leader","floor":29,"turns":3},{"damage":11,"enemies":"Snake Plant","floor":31,"turns":2},{"damage":11,"enemies":"Champ","floor":33,"turns":4},{"damage":4,"enemies":"Orb Walker","floor":35,"turns":3},{"damage":2,"enemies":"3 Darklings","floor":36,"turns":3},{"damage":0,"enemies":"2 Orb Walkers","floor":37,"turns":3},{"damage":3,"enemies":"Reptomancer","floor":40,"turns":3},{"damage":1,"enemies":"Giant Head","floor":42,"turns":4},{"damage":0,"enemies":"Nemesis","floor":44,"turns":1},{"damage":31,"enemies":"Sphere and 2 Shapes","floor":45,"turns":5},{"damage":0,"enemies":"Transient","floor":47,"turns":5},{"damage":6,"enemies":"Jaw Worm Horde","floor":48,"turns":2},{"damage":2,"enemies":"Time Eater","floor":50,"turns":7}],"seed_played":"-6206627430646006994","potions_obtained":[{"floor":2,"key":"LiquidMemories"},{"floor":5,"key":"Strength Potion"},{"floor":7,"key":"Strength Potion"},{"floor":22,"key":"Dexterity Potion"},{"floor":28,"key":"AttackPotion"},{"floor":31,"key":"Regen Potion"},{"floor":33,"key":"ColorlessPotion"},{"floor":36,"key":"SpeedPotion"},{"floor":45,"key":"Ancient Potion"}],"is_trial":false,"path_per_floor":["M","M","T","?","M","R","M","R","T","R","?","R","$","M","R","B",null,"M","?","?","T","M","E","R","$","T","R","M","E","$","M","R","B",null,"M","M","?","?","$","E","R","E","T","E","M","R","M","M","R","B",null],"character_chosen":"DEFECT","items_purchased":["Steam","Beam Cell","Flash of Steel","Flash of Steel","Gash","Frozen Eye","Dexterity Potion","Defragment"],"campfire_rested":4,"item_purchase_floors":[13,25,25,30,30,39,39,39],"current_hp_per_floor":[67,60,60,53,51,51,44,44,44,44,44,44,44,31,31,27,59,59,59,53,53,43,31,31,31,31,51,49,45,45,36,56,47,64,62,62,64,64,64,63,63,64,64,66,37,57,59,55,69,67],"gold":171,"neow_bonus":"BOSS_RELIC","is_daily":false,"chose_seed":false,"campfire_upgraded":7,"win_rate":0.0,"timestamp":1614109236,"path_taken":["M","?","?","?","?","R","M","R","T","R","?","R","$","M","R","BOSS","M","?","?","?","M","E","R","$","T","R","M","E","?","M","R","BOSS","M","M","?","?","$","E","R","E","T","E","M","R","M","M","R","BOSS"],"items_purchased_type":["Card","Card","Card","Card","Card","Relic","Potion","Card"],"build_version":"2020-12-22","purchased_purges":2,"victory":true,"max_hp_per_floor":[75,75,75,75,75,75,75,75,75,75,69,69,69,69,69,69,69,69,69,69,69,69,69,69,69,69,69,69,69,69,69,69,69,69,69,69,69,69,69,69,69,69,69,69,69,69,69,69,69,69],"relic_stats":{"Blood Vial":30,"Nunchaku":[23],"counters":[23,84],"Shuriken":[74],"Golden Idol":164,"Pandora\u0027s Box":["Creative AI","Streamline","Echo Form","BootSequence","Capacitor","Sunder","Biased Cognition"],"MealTicket":0,"Bag of Preparation":[32],"Letter Opener":[328],"Whetstone":["RitualDagger","Flash of Steel"],"War Paint":["BootSequence","Skim"],"obtain_stats":[{"Potion Belt":26,"Ice Cream":37,"Girya":44,"Golden Idol":11,"Bag of Preparation":21,"Letter Opener":23,"Whetstone":29,"War Paint":26,"Blood Vial":19,"SlaversCollar":34,"Frozen Eye":39,"Nunchaku":21,"Bottled Flame":42,"Matryoshka":9,"HornCleat":43,"Shuriken":3,"Pandora\u0027s Box":17,"MealTicket":40,"Cracked Core":0,"Runic Pyramid":0},{"Potion Belt":9,"Ice Cream":16,"Girya":19,"Golden Idol":4,"Bag of Preparation":7,"Letter Opener":9,"Whetstone":11,"War Paint":9,"Blood Vial":7,"SlaversCollar":13,"Frozen Eye":16,"Nunchaku":7,"Bottled Flame":18,"Matryoshka":4,"HornCleat":18,"Shuriken":2,"Pandora\u0027s Box":6,"MealTicket":17,"Cracked Core":0,"Runic Pyramid":0},{"Potion Belt":37,"Ice Cream":57,"Girya":65,"Golden Idol":14,"Bag of Preparation":31,"Letter Opener":37,"Whetstone":42,"War Paint":37,"Blood Vial":31,"SlaversCollar":48,"Frozen Eye":57,"Nunchaku":31,"Bottled Flame":64,"Matryoshka":14,"HornCleat":64,"Shuriken":8,"Pandora\u0027s Box":27,"MealTicket":60,"Cracked Core":0,"Runic Pyramid":0}]},"card_choices":[{"not_picked":["Barrage","Rebound"],"picked":"FTL","floor":1},{"not_picked":["Auto Shields","Conserve Battery"],"picked":"Turbo","floor":2},{"not_picked":["Compile Driver","Force Field"],"picked":"Lockon","floor":5},{"not_picked":["Turbo","Compile Driver"],"picked":"Sweeping Beam","floor":7},{"not_picked":["Stack","Compile Driver"],"picked":"Steam","floor":14},{"not_picked":["Multi-Cast","Core Surge"],"picked":"All For One","floor":16},{"not_picked":["Sunder","Streamline"],"picked":"Skim+1","floor":18},{"not_picked":["Barrage","Ball Lightning+1"],"picked":"Scrape+1","floor":22},{"not_picked":["Compile Driver","Undo"],"picked":"Skim","floor":23},{"not_picked":["Streamline","Stack"],"picked":"Recycle+1","floor":28},{"not_picked":["Fusion","Meteor Strike"],"picked":"Reboot","floor":29},{"not_picked":["Aggregate","Rebound"],"picked":"Coolheaded","floor":31},{"not_picked":["Fission","Machine Learning"],"picked":"Rainbow","floor":33},{"not_picked":["Recycle","Sweeping Beam","Steam"],"picked":"SKIP","floor":35},{"not_picked":["Recycle","Sweeping Beam"],"picked":"Steam","floor":35},{"not_picked":["Beam Cell","Ball Lightning"],"picked":"BootSequence+1","floor":36},{"not_picked":["Stack","Steam","Ball Lightning"],"picked":"SKIP","floor":40},{"not_picked":["Machine Learning","Rebound"],"picked":"Creative AI","floor":42},{"not_picked":["Force Field","Rebound","Conserve Battery"],"picked":"SKIP","floor":44},{"not_picked":["Go for the Eyes","White Noise","Barrage"],"picked":"SKIP","floor":45},{"not_picked":["Go for the Eyes","White Noise","Barrage"],"picked":"SKIP","floor":45},{"not_picked":["Scrape","Streamline"],"picked":"Coolheaded+1","floor":47},{"not_picked":["Heatsinks","Chaos","Conserve Battery"],"picked":"SKIP","floor":48}],"player_experience":636011,"relics_obtained":[{"floor":3,"key":"Shuriken"},{"floor":9,"key":"Matryoshka"},{"floor":21,"key":"Nunchaku"},{"floor":21,"key":"Bag of Preparation"},{"floor":23,"key":"Letter Opener"},{"floor":26,"key":"War Paint"},{"floor":26,"key":"Potion Belt"},{"floor":29,"key":"Whetstone"},{"floor":37,"key":"Ice Cream"},{"floor":40,"key":"MealTicket"},{"floor":42,"key":"Bottled Flame"},{"floor":43,"key":"HornCleat"},{"floor":44,"key":"Girya"}],"event_choices":[{"damage_healed":0,"gold_gain":0,"player_choice":"Damaged","damage_taken":7,"max_hp_gain":0,"max_hp_loss":0,"event_name":"Wheel of Change","floor":4,"gold_loss":0},{"damage_healed":0,"gold_gain":0,"player_choice":"Lose Max HP","damage_taken":0,"relics_obtained":["Golden Idol"],"max_hp_gain":0,"max_hp_loss":6,"event_name":"Golden Idol","floor":11,"gold_loss":0},{"damage_healed":0,"gold_gain":0,"player_choice":"Opened","damage_taken":0,"relics_obtained":["Blood Vial"],"max_hp_gain":0,"max_hp_loss":0,"event_name":"The Mausoleum","floor":19,"gold_loss":0},{"damage_healed":0,"gold_gain":0,"player_choice":"Joined the Cult","damage_taken":6,"max_hp_gain":0,"max_hp_loss":0,"event_name":"Nest","floor":20,"gold_loss":0,"cards_obtained":["RitualDagger"]},{"damage_healed":0,"gold_gain":0,"player_choice":"Fight","damage_taken":0,"max_hp_gain":0,"max_hp_loss":0,"event_name":"Mysterious Sphere","floor":37,"gold_loss":0},{"cards_removed":["FTL"],"damage_healed":0,"gold_gain":0,"player_choice":"Removed Attack","damage_taken":0,"max_hp_gain":0,"max_hp_loss":0,"event_name":"Falling","floor":38,"gold_loss":0}],"is_beta":false,"boss_relics":[{"not_picked":["Sozu","Busted Crown"],"picked":"Pandora\u0027s Box"},{"not_picked":["Velvet Choker","Snecko Eye"],"picked":"SlaversCollar"}],"items_purged_floors":[13,25],"is_endless":false,"potions_floor_spawned":[2,5,7,22,28,31,33,36,42,45],"ascension_level":12}}