{"host":"ln2g4yzjgztvghi1","time":1614081307,"event":{"mods":["Abigail Mod","Act Like it!","Aspiration","BaseMod","Beaked The Cultist","Better Altar","Better Note","Better Silent Start","Better Skull","Better Third Choice","Better Vampires","Block Reminder","Chen","Colored Map","Colored Powertips","Conspire","DeckTracker","Disable Question Mark Monsters","Downfall","Gensokyo","GifTheSpireLib","GungeonMod","Halation","Hermit","Hubris","Koishi","Marisa????????","Minty Spire (QoL Compilation)","Permanent Neow","Rare Cards Sparkle","Remilia??????","Replay The Spire","Shop Mod","StSLib","Stuff the Spire","Swap Starting Deck Mod","The Cursed","The Disciple","The Forsaken","The Judge","The Necromancer","The Servant 0.9.4"],"gold_per_floor":[111,129,146,159,174,204,223,248,275,293,308,308,320,88,88,193,193,208,222,236,236,73,73,104,117,117,134,146,176,176,27,27,128,128,145,158,158,177,177,177,177,196,196,89,89,189,189],"floor_reached":46,"language":"ENG","playtime":2052,"items_purged":["Writhe"],"score":778,"play_id":"524a113e-36b8-442e-b249-20912f6864ac","local_time":"20210223125507","daily_mods":["Draft","Vintage"],"is_ascension_mode":false,"campfire_choices":[{"floor":15.0,"key":"REST"},{"data":"Flex","floor":23.0,"key":"SMITH"},{"data":"Offering","floor":30.0,"key":"SMITH"},{"data":"Pot Of Greed","floor":32.0,"key":"SMITH"},{"data":"Parasite","floor":40.0,"key":"SMITH"}],"circlet_count":0,"master_deck":["Clothesline","Heavy Blade","Headbutt","Cleave","Flex+1","Power Through","Twin Strike","Thunderclap","Sword Boomerang","StuffTheSpire:RockThrow","Cleave","Thunderclap","Shrug It Off","Sword Boomerang","Twin Strike","Infernal Blade","Impervious","Bandage Up","Pot Of Greed","Pot Of Greed","Metallicize","Wild Strike","Flex+1","Offering+1","Havoc+1","Pot Of Greed+1","Double Tap+1","theForsaken:PlagueCurse","Limit Break","Inflame+1","Flex+1"],"relics":["Burning Blood","Bottled Flame","DemoMod:SevenLeafClover","DemoMod:RingOfEthereal","conspire:TopHat","Nunchaku","hubris:BottledRain","ReplayFunnel","Dream Catcher","hubris:BundleOfHerbs","hubris:OldNail","Bag of Marbles","Guardian:GemstoneGun","Garlic","Grinning Jar","hubris:Reverence","theForsaken:HumbleEgg","DemoMod:DecoyRelic","ReplayTheSpireMod:CursedCoin","Darkstone Periapt","StuffTheSpire:GrapeVine","Toy Ornithopter","DemoMod:Antibody","Potion Belt","Replay:Wax Seal","Bag of Preparation","halation:PrussianBluePaint","Vajra","DemoMod:RiddleOfLead","DemoMod:BlueGuonStone","aspiration:FetidBarrel","theForsaken:PlagueMask","theForsaken:Lifeblossom","hubris:Towel","DemoMod:GlassGuonStoneRelic","halation:AfternoonTea","DemoMod:GreenGuonStone","ReplayTheSpireMod:Spearhead","Blue Candle"],"acts_visited":["Exordium","TheCity","TheBeyond"],"potions_floor_usage":[],"damage_taken":[{"damage":0.0,"enemies":"2 Louse","floor":1.0,"turns":2.0},{"damage":0.0,"enemies":"Cultist","floor":2.0,"turns":3.0},{"damage":0.0,"enemies":"Small Slimes","floor":3.0,"turns":2.0},{"damage":10.0,"enemies":"Looter","floor":4.0,"turns":2.0},{"damage":15.0,"enemies":"Large Slime","floor":5.0,"turns":3.0},{"damage":10.0,"enemies":"Gremlin Nob","floor":6.0,"turns":3.0},{"damage":0.0,"enemies":"Exordium Wildlife","floor":7.0,"turns":3.0},{"damage":28.0,"enemies":"Lagavulin","floor":8.0,"turns":4.0},{"damage":5.0,"enemies":"3 Louse","floor":10.0,"turns":3.0},{"damage":0.0,"enemies":"Large Slime","floor":11.0,"turns":2.0},{"damage":0.0,"enemies":"Looter","floor":13.0,"turns":1.0},{"damage":0.0,"enemies":"Slime Boss","floor":16.0,"turns":6.0},{"damage":0.0,"enemies":"Chosen","floor":18.0,"turns":3.0},{"damage":6.0,"enemies":"Shell Parasite","floor":19.0,"turns":3.0},{"damage":5.0,"enemies":"Centurion and Healer","floor":20.0,"turns":7.0},{"damage":30.0,"enemies":"conspire:SneckoGhost","floor":24.0,"turns":6.0},{"damage":0.0,"enemies":"Snake Plant","floor":25.0,"turns":2.0},{"damage":6.0,"enemies":"3 Cultists","floor":27.0,"turns":3.0},{"damage":8.0,"enemies":"Centurion and Healer","floor":28.0,"turns":2.0},{"damage":0.0,"enemies":"Gremlin Leader","floor":29.0,"turns":2.0},{"damage":23.0,"enemies":"Champ","floor":33.0,"turns":5.0},{"damage":15.0,"enemies":"3 Shapes","floor":35.0,"turns":2.0},{"damage":0.0,"enemies":"Orb Walker","floor":36.0,"turns":1.0},{"damage":21.0,"enemies":"Writhing Mass","floor":38.0,"turns":4.0},{"damage":6.0,"enemies":"Spire Growth","floor":42.0,"turns":1.0}],"seed_played":"3761319255766098810","potions_obtained":[{"floor":4.0,"key":"Cursed Concoction"},{"floor":5.0,"key":"CultistPotion"},{"floor":6.0,"key":"Regen Potion"},{"floor":19.0,"key":"DemoMod:LeadSkinPotion"},{"floor":24.0,"key":"Explosive Potion"},{"floor":29.0,"key":"Languid Potion"},{"floor":42.0,"key":"Weak Potion"}],"is_trial":true,"path_per_floor":["M","M","M","M","M","E","M","E","T","M","M","?","M","$","R","B",null,"M","M","M","?","$","R","E","M","T","M","M","E","R","$","R","B",null,"M","M","?","M","?","R","?","M","T","$","?","NS"],"character_chosen":"IRONCLAD","items_purchased":["Grinning Jar","Metallicize","ReplayTheSpireMod:CursedCoin","Darkstone Periapt","Vajra","Inflame+1","Flex+1"],"campfire_rested":1,"item_purchase_floors":[14,14,22,22,31,44,44],"current_hp_per_floor":[80,80,80,76,67,63,69,47,47,48,54,54,60,60,80,80,80,80,80,80,80,80,80,60,66,66,74,78,80,80,80,80,73,90,87,90,96,97,97,97,97,99,99,99,94,94,94],"gold":189,"neow_bonus":"","is_daily":false,"chose_seed":false,"campfire_upgraded":4,"win_rate":0.0,"timestamp":1614081307,"path_taken":["M","M","M","M","M","E","M","E","T","M","M","?","?","$","R","BOSS","M","M","M","?","$","R","E","M","T","M","M","E","R","$","R","BOSS","M","M","?","M","?","R","?","M","T","$","?","NS"],"items_purchased_type":["Relic","Card","Relic","Relic","Relic","Card","Card"],"build_version":"2020-12-22","purchased_purges":1,"victory":false,"max_hp_per_floor":[80,80,80,80,80,80,80,80,80,80,80,80,80,80,80,80,80,80,80,80,80,80,80,80,80,80,80,80,80,80,80,80,80,90,90,90,96,102,102,99,99,99,99,99,99,99,99],"card_choices":[{"not_picked":["Body Slam","True Grit"],"picked":"Clothesline","floor":0.0},{"not_picked":["StuffTheSpire:RockThrow","True Grit"],"picked":"Heavy Blade","floor":0.0},{"not_picked":["hubris:CleavingFinish","True Grit"],"picked":"Headbutt","floor":0.0},{"not_picked":["Havoc","Dark Embrace"],"picked":"Cleave","floor":0.0},{"not_picked":["Sever Soul","Clothesline"],"picked":"Flex","floor":0.0},{"not_picked":["Armaments","Searing Blow"],"picked":"Power Through","floor":0.0},{"not_picked":["Run Through","Armaments"],"picked":"Twin Strike","floor":0.0},{"not_picked":["ReplayTheSpireMod:Limb From Limb","StuffTheSpire:RockThrow"],"picked":"Thunderclap","floor":0.0},{"not_picked":["StuffTheSpire:Incineration","Heavy Blade"],"picked":"Sword Boomerang","floor":0.0},{"not_picked":["Perfected Strike","Warcry"],"picked":"StuffTheSpire:RockThrow","floor":0.0},{"not_picked":["Heavy Blade","Armaments"],"picked":"Cleave","floor":0.0},{"not_picked":["Warcry","Entrench"],"picked":"Thunderclap","floor":0.0},{"not_picked":["Dark Embrace","Havoc"],"picked":"Shrug It Off","floor":0.0},{"not_picked":["ReplayTheSpireMod:Strike From Hell","Clash"],"picked":"Sword Boomerang","floor":0.0},{"not_picked":["Anger","Cleave"],"picked":"Twin Strike","floor":0.0},{"not_picked":["Corruption","Twin Strike"],"picked":"Infernal Blade","floor":6.0},{"not_picked":["Blood for Blood","ReplayReversal","Clash"],"picked":"SKIP","floor":8.0},{"not_picked":["Feed","Juggernaut"],"picked":"Impervious","floor":9.0},{"not_picked":["Body Slam","Armaments"],"picked":"Wild Strike","floor":15.0},{"not_picked":["Armaments+1","StuffTheSpire:RockThrow+1","Sentinel+1"],"picked":"SKIP","floor":24.0},{"not_picked":["Impervious","Bludgeon"],"picked":"Offering","floor":26.0},{"not_picked":["hubris:CleavingFinish","Evolve"],"picked":"Havoc+1","floor":29.0},{"not_picked":["Eclipse","Brutality"],"picked":"Double Tap","floor":33.0},{"not_picked":["hubris:StunningStrike","Juggernaut"],"picked":"Limit Break","floor":43.0}],"player_experience":308232,"relics_obtained":[{"floor":1.0,"key":"Bottled Flame"},{"floor":2.0,"key":"DemoMod:SevenLeafClover"},{"floor":3.0,"key":"DemoMod:RingOfEthereal"},{"floor":4.0,"key":"conspire:TopHat"},{"floor":5.0,"key":"Nunchaku"},{"floor":6.0,"key":"hubris:BottledRain"},{"floor":7.0,"key":"ReplayFunnel"},{"floor":8.0,"key":"Dream Catcher"},{"floor":9.0,"key":"hubris:BundleOfHerbs"},{"floor":9.0,"key":"hubris:OldNail"},{"floor":10.0,"key":"Bag of Marbles"},{"floor":11.0,"key":"Guardian:GemstoneGun"},{"floor":13.0,"key":"Garlic"},{"floor":18.0,"key":"hubris:Reverence"},{"floor":19.0,"key":"theForsaken:HumbleEgg"},{"floor":20.0,"key":"DemoMod:DecoyRelic"},{"floor":24.0,"key":"StuffTheSpire:GrapeVine"},{"floor":25.0,"key":"Toy Ornithopter"},{"floor":26.0,"key":"DemoMod:Antibody"},{"floor":26.0,"key":"Potion Belt"},{"floor":27.0,"key":"Replay:Wax Seal"},{"floor":28.0,"key":"Bag of Preparation"},{"floor":29.0,"key":"halation:PrussianBluePaint"},{"floor":35.0,"key":"DemoMod:BlueGuonStone"},{"floor":36.0,"key":"aspiration:FetidBarrel"},{"floor":38.0,"key":"theForsaken:Lifeblossom"},{"floor":42.0,"key":"halation:AfternoonTea"},{"floor":43.0,"key":"DemoMod:GreenGuonStone"},{"floor":43.0,"key":"ReplayTheSpireMod:Spearhead"}],"event_choices":[{"damage_healed":0.0,"max_hp_gain":0.0,"max_hp_loss":0.0,"gold_gain":0.0,"event_name":"Match and Keep!","player_choice":"1 cards matched","floor":12.0,"gold_loss":0.0,"damage_taken":0.0,"cards_obtained":["Bandage Up"]},{"damage_healed":0.0,"max_hp_gain":0.0,"max_hp_loss":0.0,"gold_gain":0.0,"event_name":"Duplicator","player_choice":"Copied","floor":21.0,"gold_loss":0.0,"damage_taken":0.0,"cards_obtained":["Flex"]},{"damage_healed":0.0,"max_hp_gain":0.0,"max_hp_loss":0.0,"gold_gain":0.0,"event_name":"Plague Doctor","player_choice":"Obtain Plague Curse","floor":37.0,"gold_loss":0.0,"damage_taken":0.0,"cards_obtained":["theForsaken:PlagueCurse"]}],"is_beta":false,"boss_relics":[{"not_picked":["Ooze Armor","Velvet Choker","halation:CatFaceCupcake"]},{"not_picked":["Runic Dome","conspire:SlowCooker"],"picked":"DemoMod:RiddleOfLead"}],"items_purged_floors":[22],"is_endless":true,"potions_floor_spawned":[4,5,6,7,11,16,19,20,24,29,33,42],"ascension_level":0}}