{"host":"nx6k9gttpbkpebht","time":1614110532,"event":{"mods":["BaseMod","Colored Map","Colored Powertips","DeckTracker","Downfall","Googly Eyes","Minty Spire (QoL Compilation)","StSLib"],"gold_per_floor":[114,130,130,142,158,158,183,183,183,183,214,226,237,237,237,237,237],"floor_reached":16,"language":"ENG","playtime":821,"items_purged":[],"score":114,"play_id":"7e8be697-e2b8-40ca-b16d-8a0038dd5b8a","local_time":"20210223210212","is_ascension_mode":false,"campfire_choices":[{"data":"Noxious Fumes","floor":6,"key":"SMITH"},{"floor":8,"key":"REST"},{"data":"Outmaneuver","floor":10,"key":"SMITH"},{"floor":15,"key":"REST"}],"circlet_count":0,"master_deck":["Strike_G","Strike_G","Strike_G","Strike_G","Defend_G","Defend_G","Defend_G","Defend_G","Defend_G","Survivor","Neutralize","Bouncing Flask","Outmaneuver+1","Noxious Fumes+1","Deflect","Deadly Poison","Noxious Fumes","Flying Knee"],"relics":["Ring of the Snake","Juzu Bracelet","Ornamental Fan","Question Card"],"acts_visited":["Exordium"],"potions_floor_usage":[4,7,14],"damage_taken":[{"damage":0,"enemies":"Jaw Worm","floor":1,"turns":6},{"damage":0,"enemies":"2 Louse","floor":2,"turns":3},{"damage":0,"enemies":"Cultist","floor":4,"turns":4},{"damage":6,"enemies":"3 Louse","floor":5,"turns":5},{"damage":37,"enemies":"Gremlin Nob","floor":7,"turns":5},{"damage":28,"enemies":"Lagavulin","floor":11,"turns":6},{"damage":9,"enemies":"Lots of Slimes","floor":12,"turns":4},{"damage":8,"enemies":"2 Fungi Beasts","floor":13,"turns":4},{"damage":0,"enemies":"Looter","floor":14,"turns":1},{"damage":28,"enemies":"Slime Boss","floor":16,"turns":5}],"seed_played":"4109294631665139447","potions_obtained":[{"floor":1,"key":"Energy Potion"},{"floor":5,"key":"CunningPotion"},{"floor":13,"key":"SmokeBomb"}],"is_trial":false,"path_per_floor":["M","M","?","M","M","R","E","R","T","R","E","M","M","M","R","B"],"character_chosen":"THE_SILENT","items_purchased":[],"campfire_rested":2,"item_purchase_floors":[],"current_hp_per_floor":[77,77,70,70,64,64,27,50,50,50,22,13,5,5,28,0,0],"gold":237,"neow_bonus":"TEN_PERCENT_HP_BONUS","is_daily":false,"chose_seed":false,"campfire_upgraded":2,"win_rate":0.0,"timestamp":1614110532,"path_taken":["M","M","?","M","M","R","E","R","T","R","E","M","M","M","R","BOSS"],"items_purchased_type":[],"build_version":"2020-12-22","purchased_purges":0,"victory":false,"max_hp_per_floor":[77,77,77,77,77,77,77,77,77,77,77,77,77,77,77,77,77],"card_choices":[{"not_picked":["Sucker Punch","PiercingWail"],"picked":"Bouncing Flask","floor":1},{"not_picked":["Riddle With Holes","Acrobatics"],"picked":"Outmaneuver","floor":2},{"not_picked":["PiercingWail","Backflip"],"picked":"Noxious Fumes","floor":4},{"not_picked":["Slice","Eviscerate"],"picked":"Deflect","floor":5},{"not_picked":["Calculated Gamble","Masterful Stab"],"picked":"Deadly Poison","floor":7},{"not_picked":["Dagger Throw","A Thousand Cuts"],"picked":"Noxious Fumes","floor":11},{"not_picked":["Dagger Throw","PiercingWail","Underhanded Strike"],"picked":"Flying Knee","floor":12},{"not_picked":["Prepared","Dagger Spray","Predator","Die Die Die"],"picked":"SKIP","floor":13}],"player_experience":49111,"relics_obtained":[{"floor":7,"key":"Juzu Bracelet"},{"floor":9,"key":"Ornamental Fan"},{"floor":11,"key":"Question Card"}],"event_choices":[{"cards_removed":["Strike_G"],"damage_healed":0,"gold_gain":0,"player_choice":"Card Removal","damage_taken":7,"max_hp_gain":0,"max_hp_loss":0,"event_name":"Golden Wing","floor":3,"gold_loss":0}],"is_beta":false,"boss_relics":[],"items_purged_floors":[],"is_endless":false,"potions_floor_spawned":[1,5,13],"killed_by":"Slime Boss","ascension_level":0}}