{"host":"89iuq2p5kwriuwfq","time":1614090762,"event":{"mods":["BaseMod","Curses Come First","Custom Start","Minty Spire (QoL Compilation)","Permanent Neow","StSLib"],"gold_per_floor":[113,125,125,125,125,125,156,156,156,175,175,199,230,245,245,321,321,334,43,54,74,93,93,124,124,124,147,159,197,224,196,208,294,306,330,358,370,382,406,418,418],"floor_reached":40,"language":"ENG","playtime":2253,"items_purged":[],"score":807,"play_id":"c0da9e09-3fc8-4d35-84a3-3bd2c826da54","local_time":"20210223143242","is_ascension_mode":true,"campfire_choices":[{"data":"1","floor":6.0,"key":"LIFT"},{"data":"2","floor":8.0,"key":"LIFT"},{"data":"3","floor":11.0,"key":"LIFT"},{"data":"Rupture","floor":15.0,"key":"SMITH"},{"data":"Bash","floor":23.0,"key":"SMITH"},{"floor":25.0,"key":"REST"},{"data":"Bludgeon","floor":32.0,"key":"SMITH"}],"circlet_count":0,"master_deck":["AscendersBane","Bash+1","Iron Wave","Cleave","Carnage","Hemokinesis","Thunderclap","Shrug It Off","Rupture+1","Reaper","Thunderclap","Hemokinesis","Bludgeon+1","Berserk","Exhume+1","Rage","Twin Strike","Shrug It Off+1","Shrug It Off","Anger+1","Combust","Reaper","Sword Boomerang+1","Dropkick"],"relics":["Burning Blood","Girya","Bag of Marbles","Sundial","Odd Mushroom","Lantern","Pandora\u0027s Box","War Paint","OrangePellets","Matryoshka","MawBank","Pantograph","Potion Belt","SlaversCollar"],"acts_visited":["Exordium","TheCity","TheBeyond"],"potions_floor_usage":[],"damage_taken":[{"damage":12.0,"enemies":"Jaw Worm","floor":1.0,"turns":6.0},{"damage":8.0,"enemies":"Small Slimes","floor":2.0,"turns":6.0},{"damage":20.0,"enemies":"3 Sentries","floor":7.0,"turns":6.0},{"damage":0.0,"enemies":"Cultist","floor":10.0,"turns":2.0},{"damage":6.0,"enemies":"The Mushroom Lair","floor":12.0,"turns":3.0},{"damage":2.0,"enemies":"Gremlin Nob","floor":13.0,"turns":2.0},{"damage":2.0,"enemies":"Looter","floor":14.0,"turns":1.0},{"damage":31.0,"enemies":"The Guardian","floor":16.0,"turns":9.0},{"damage":21.0,"enemies":"Shell Parasite","floor":18.0,"turns":3.0},{"damage":1.0,"enemies":"Chosen","floor":20.0,"turns":3.0},{"damage":26.0,"enemies":"Snake Plant","floor":21.0,"turns":3.0},{"damage":14.0,"enemies":"Chosen and Byrds","floor":22.0,"turns":5.0},{"damage":45.0,"enemies":"Book of Stabbing","floor":24.0,"turns":5.0},{"damage":8.0,"enemies":"3 Cultists","floor":27.0,"turns":3.0},{"damage":10.0,"enemies":"Slavers","floor":29.0,"turns":2.0},{"damage":4.0,"enemies":"Snecko","floor":30.0,"turns":2.0},{"damage":34.0,"enemies":"Champ","floor":33.0,"turns":6.0},{"damage":25.0,"enemies":"3 Shapes","floor":35.0,"turns":3.0},{"damage":10.0,"enemies":"Orb Walker","floor":36.0,"turns":3.0},{"damage":34.0,"enemies":"Spire Growth","floor":39.0,"turns":4.0},{"damage":80,"enemies":"Nemesis","floor":40,"turns":4}],"seed_played":"1702081765968598045","potions_obtained":[{"floor":2.0,"key":"BlessingOfTheForge"},{"floor":10.0,"key":"PowerPotion"},{"floor":18.0,"key":"Energy Potion"},{"floor":29.0,"key":"BlessingOfTheForge"},{"floor":31.0,"key":"CultistPotion"},{"floor":31.0,"key":"PowerPotion"},{"floor":31.0,"key":"Explosive Potion"}],"is_trial":false,"path_per_floor":["M","M","?","?","?","R","E","R","T","M","R","?","E","M","R","B",null,"M","$","M","M","M","R","E","R","T","M","?","E","M","?","R","B",null,"M","M","$","?","M","E"],"character_chosen":"IRONCLAD","items_purchased":["War Paint","OrangePellets"],"campfire_rested":1,"item_purchase_floors":[19,19],"current_hp_per_floor":[44,42,42,67,44,44,30,30,30,36,36,36,40,44,44,19,61,46,46,58,45,47,47,26,48,48,75,75,71,75,75,75,60,71,72,75,75,85,57,0,0],"gold":418,"neow_bonus":"ONE_RARE_RELIC","is_daily":false,"chose_seed":false,"campfire_upgraded":3,"win_rate":0.0,"timestamp":1614090762,"path_taken":["M","M","?","?","?","R","E","R","T","M","R","?","E","?","R","BOSS","M","$","M","M","M","R","E","R","T","M","?","E","M","?","R","BOSS","M","M","?","?","?","E"],"items_purchased_type":["Relic","Relic"],"build_version":"2020-12-22","purchased_purges":0,"victory":false,"max_hp_per_floor":[75,75,75,75,75,75,75,75,75,75,75,75,75,75,75,75,75,75,75,75,75,75,75,75,75,75,75,75,75,75,75,75,75,75,75,75,75,85,85,85,85],"card_choices":[{"not_picked":["Clothesline","Warcry"],"picked":"Iron Wave","floor":1.0},{"not_picked":["Power Through","Heavy Blade"],"picked":"Cleave","floor":2.0},{"not_picked":["Berserk","Entrench"],"picked":"Hemokinesis","floor":7.0},{"not_picked":["Infernal Blade","Shockwave","Heavy Blade"],"picked":"SKIP","floor":10.0},{"not_picked":["Flame Barrier","Body Slam"],"picked":"Thunderclap","floor":12.0},{"not_picked":["Blood for Blood","True Grit"],"picked":"Shrug It Off","floor":13.0},{"not_picked":["Ghostly Armor","Warcry"],"picked":"Rupture","floor":14.0},{"not_picked":["Fiend Fire","Feed"],"picked":"Reaper","floor":16.0},{"not_picked":["Clothesline","Blood for Blood"],"picked":"Shrug It Off","floor":18.0},{"not_picked":["Cleave","Flex","Warcry"],"picked":"SKIP","floor":20.0},{"not_picked":["Perfected Strike","Havoc"],"picked":"Shrug It Off","floor":21.0},{"not_picked":["Barricade","Perfected Strike"],"picked":"Anger+1","floor":22.0},{"not_picked":["Havoc","Infernal Blade+1","Searing Blow"],"picked":"SKIP","floor":24.0},{"not_picked":["True Grit","Metallicize"],"picked":"Combust","floor":27.0},{"not_picked":["Headbutt","Twin Strike","Infernal Blade"],"picked":"SKIP","floor":29.0},{"not_picked":["Armaments","Reckless Charge","Combust"],"picked":"SKIP","floor":30.0},{"not_picked":["Corruption","Fiend Fire"],"picked":"Reaper","floor":33.0},{"not_picked":["True Grit","Sever Soul","Heavy Blade+1"],"picked":"SKIP","floor":35.0},{"not_picked":["Second Wind+1","Armaments"],"picked":"Sword Boomerang+1","floor":36.0},{"not_picked":["Evolve+1","Shrug It Off"],"picked":"Dropkick","floor":39.0}],"player_experience":782768,"relics_obtained":[{"floor":7.0,"key":"Bag of Marbles"},{"floor":9.0,"key":"Sundial"},{"floor":12.0,"key":"Odd Mushroom"},{"floor":13.0,"key":"Lantern"},{"floor":24.0,"key":"Matryoshka"},{"floor":26.0,"key":"MawBank"},{"floor":26.0,"key":"Pantograph"},{"floor":29.0,"key":"Potion Belt"}],"event_choices":[{"damage_healed":0.0,"max_hp_gain":0.0,"max_hp_loss":0.0,"gold_gain":0.0,"cards_transformed":["Strike_R"],"event_name":"Living Wall","player_choice":"Change","floor":3.0,"gold_loss":0.0,"damage_taken":0.0,"cards_obtained":["Carnage"]},{"damage_healed":25.0,"max_hp_gain":0.0,"max_hp_loss":0.0,"gold_gain":0.0,"event_name":"Big Fish","player_choice":"Banana","floor":4.0,"gold_loss":0.0,"damage_taken":0.0},{"damage_healed":0.0,"max_hp_gain":0.0,"max_hp_loss":0.0,"gold_gain":0.0,"event_name":"Shining Light","player_choice":"Entered Light","floor":5.0,"gold_loss":0.0,"damage_taken":23.0,"cards_upgraded":["Strike_R","Strike_R"]},{"damage_healed":0.0,"max_hp_gain":0.0,"max_hp_loss":0.0,"gold_gain":0.0,"event_name":"Mushrooms","player_choice":"Fought Mushrooms","floor":12.0,"gold_loss":0.0,"damage_taken":0.0},{"damage_healed":0.0,"max_hp_gain":0.0,"max_hp_loss":0.0,"gold_gain":0.0,"event_name":"Ghosts","player_choice":"Ignored","floor":28.0,"gold_loss":0.0,"damage_taken":0.0},{"damage_healed":0.0,"max_hp_gain":0.0,"max_hp_loss":0.0,"gold_gain":0.0,"event_name":"The Woman in Blue","player_choice":"Bought 3 Potions","floor":31.0,"gold_loss":0.0,"damage_taken":0.0},{"cards_removed":["Fiend Fire"],"damage_healed":0.0,"max_hp_gain":10.0,"max_hp_loss":0.0,"gold_gain":0.0,"event_name":"Bonfire Elementals","player_choice":"Offered Rare","floor":38.0,"gold_loss":0.0,"damage_taken":0.0}],"is_beta":false,"boss_relics":[{"not_picked":["Fusion Hammer","SacredBark"],"picked":"Pandora\u0027s Box"},{"not_picked":["Tiny House","Runic Dome"],"picked":"SlaversCollar"}],"items_purged_floors":[],"is_endless":false,"potions_floor_spawned":[2,10,12,18,22,27,29],"killed_by":"Nemesis","ascension_level":15}}