{"host":"89iuq2p5kwriuwfq","time":1614081482,"event":{"mods":["BaseMod","Curses Come First","Custom Start","Minty Spire (QoL Compilation)","Permanent Neow","StSLib"],"gold_per_floor":[10,22,39,57,107,136,136,171,171,171,191,191,241,271,271,348,348,360,360,374,116,133,167,167,194,194,211,238,252,283,39,39,116,116,135,148,165,190,190,220,220,255,255,284,304,318,352,377,377,377],"floor_reached":51,"language":"ENG","playtime":4371,"items_purged":["Dualcast","Zap"],"score":1601,"play_id":"9fb50e9f-2311-45f7-aa97-04e51cd7516e","local_time":"20210223115802","is_ascension_mode":true,"campfire_choices":[{"data":"Conserve Battery","floor":7.0,"key":"SMITH"},{"data":"Buffer","floor":10.0,"key":"SMITH"},{"data":"Self Repair","floor":12.0,"key":"SMITH"},{"data":"Beam Cell","floor":15.0,"key":"SMITH"},{"data":"Biased Cognition","floor":24.0,"key":"SMITH"},{"data":"Heatsinks","floor":32,"key":"SMITH"},{"data":"Loop","floor":41,"key":"SMITH"},{"data":"Rip and Tear","floor":49,"key":"PURGE"}],"circlet_count":0,"master_deck":["AscendersBane","Beam Cell+1","Conserve Battery+1","Self Repair+1","Ball Lightning","Core Surge","Buffer+1","Coolheaded+1","FTL","Biased Cognition+1","Leap+1","Auto Shields+1","Go for the Eyes","Loop+1","Echo Form","Recycle+1","Heatsinks+1","Static Discharge","Glacier+1","Self Repair","Machine Learning","Echo Form","Machine Learning","Storm+1","Buffer","Coolheaded+1","Consume+1","Echo Form"],"relics":["Cracked Core","Bottled Lightning","Toxic Egg 2","Peace Pipe","Gambling Chip","Nloth\u0027s Gift","Oddly Smooth Stone","Lantern","Pantograph","Vajra","Tiny Chest","Happy Flower","OrangePellets","Inserter","Pocketwatch","DataDisk","Boot","White Beast Statue","TungstenRod","PreservedInsect","Omamori"],"acts_visited":["Exordium","TheCity","TheBeyond"],"potions_floor_usage":[40,44,46,50],"damage_taken":[{"damage":0.0,"enemies":"2 Louse","floor":1.0,"turns":4.0},{"damage":0.0,"enemies":"Cultist","floor":2.0,"turns":3.0},{"damage":9.0,"enemies":"Small Slimes","floor":3.0,"turns":3.0},{"damage":0.0,"enemies":"Looter","floor":4.0,"turns":2.0},{"damage":20.0,"enemies":"Lagavulin","floor":6.0,"turns":4.0},{"damage":25.0,"enemies":"3 Sentries","floor":8.0,"turns":6.0},{"damage":8.0,"enemies":"Lots of Slimes","floor":11.0,"turns":3.0},{"damage":0.0,"enemies":"Gremlin Nob","floor":14.0,"turns":4.0},{"damage":20.0,"enemies":"The Guardian","floor":16.0,"turns":11.0},{"damage":0.0,"enemies":"Chosen","floor":18.0,"turns":4.0},{"damage":0.0,"enemies":"Shell Parasite","floor":20.0,"turns":4.0},{"damage":6.0,"enemies":"Cultist and Chosen","floor":22.0,"turns":6.0},{"damage":48.0,"enemies":"Book of Stabbing","floor":23.0,"turns":7.0},{"damage":20.0,"enemies":"Slavers","floor":25.0,"turns":5.0},{"damage":0.0,"enemies":"3 Cultists","floor":27.0,"turns":6.0},{"damage":24.0,"enemies":"Gremlin Leader","floor":28.0,"turns":6.0},{"damage":0.0,"enemies":"Shelled Parasite and Fungi","floor":29.0,"turns":7.0},{"damage":3.0,"enemies":"Book of Stabbing","floor":30.0,"turns":6.0},{"damage":0,"enemies":"Champ","floor":33,"turns":8},{"damage":0,"enemies":"3 Shapes","floor":35,"turns":4},{"damage":0,"enemies":"Orb Walker","floor":36,"turns":5},{"damage":0,"enemies":"Jaw Worm Horde","floor":37,"turns":5},{"damage":0,"enemies":"Mind Bloom Boss Battle","floor":38,"turns":6},{"damage":32,"enemies":"Reptomancer","floor":40,"turns":8},{"damage":0,"enemies":"Giant Head","floor":42,"turns":7},{"damage":38,"enemies":"Reptomancer","floor":44,"turns":6},{"damage":0,"enemies":"Writhing Mass","floor":45,"turns":4},{"damage":0,"enemies":"Maw","floor":46,"turns":6},{"damage":18,"enemies":"Nemesis","floor":47,"turns":5},{"damage":27,"enemies":"Donu and Deca","floor":50,"turns":8}],"seed_played":"-2161272822091993558","potions_obtained":[{"floor":2.0,"key":"ColorlessPotion"},{"floor":8.0,"key":"SkillPotion"},{"floor":11.0,"key":"Dexterity Potion"},{"floor":16.0,"key":"EntropicBrew"},{"floor":25.0,"key":"SkillPotion"},{"floor":27.0,"key":"Regen Potion"},{"floor":29.0,"key":"Block Potion"},{"floor":38,"key":"SkillPotion"},{"floor":40,"key":"Block Potion"},{"floor":44,"key":"PowerPotion"},{"floor":46,"key":"Fruit Juice"},{"floor":47,"key":"SkillPotion"}],"is_trial":false,"path_per_floor":["M","M","M","M","?","E","R","E","T","R","M","R","?","E","R","B",null,"M","?","M","$","M","E","R","E","T","M","E","M","E","$","R","B",null,"M","M","M","?","?","E","R","E","T","E","M","M","E","T","R","B",null],"character_chosen":"DEFECT","items_purchased":["Oddly Smooth Stone","Heatsinks","OrangePellets"],"campfire_rested":0,"item_purchase_floors":[21,21,31],"current_hp_per_floor":[64,64,62,62,62,49,49,31,31,31,30,30,30,40,40,30,61,71,71,71,71,71,33,33,23,23,23,31,48,55,55,55,71,71,71,71,71,71,71,66,66,71,71,57,71,76,76,76,76,66],"gold":377,"neow_bonus":"TRANSFORM_TWO_CARDS","is_daily":false,"chose_seed":false,"campfire_upgraded":7,"win_rate":0.0,"timestamp":1614081482,"path_taken":["M","M","M","M","?","E","R","E","T","R","?","R","?","E","R","BOSS","M","?","M","$","M","E","R","E","T","M","E","?","E","$","R","BOSS","M","M","M","?","?","E","R","E","T","E","M","M","E","?","R","BOSS"],"items_purchased_type":["Relic","Card","Relic"],"build_version":"2020-12-22","purchased_purges":2,"victory":true,"max_hp_per_floor":[71,71,71,71,71,71,71,71,71,71,71,71,71,71,71,71,71,71,71,71,71,71,71,71,71,71,71,71,71,71,71,71,71,71,71,71,71,71,71,71,71,71,71,71,71,76,76,76,76,76],"card_choices":[{"not_picked":["Hologram","Rebound"],"picked":"Rip and Tear","floor":1.0},{"not_picked":["Hologram","Darkness"],"picked":"Self Repair","floor":2.0},{"not_picked":["Cold Snap","Compile Driver"],"picked":"Ball Lightning","floor":3.0},{"not_picked":["Coolheaded","Rebound"],"picked":"Ball Lightning","floor":4.0},{"not_picked":["Conserve Battery","Hologram"],"picked":"Core Surge","floor":6.0},{"not_picked":["Sunder","Compile Driver"],"picked":"Buffer","floor":8.0},{"not_picked":["Stack+1","Rebound"],"picked":"Coolheaded+1","floor":11.0},{"not_picked":["Ball Lightning","Turbo+1"],"picked":"FTL","floor":14.0},{"not_picked":["Multi-Cast+1","Fission+1"],"picked":"Biased Cognition","floor":16.0},{"not_picked":["Hello World","Steam+1","Turbo+1"],"picked":"SKIP","floor":18.0},{"not_picked":["Conserve Battery+1","Barrage","Steam+1"],"picked":"SKIP","floor":20.0},{"not_picked":["Tempest+1","Reinforced Body+1","Gash+1"],"picked":"SKIP","floor":22.0},{"not_picked":["Hologram+1","Echo Form"],"picked":"Static Discharge","floor":23.0},{"not_picked":["Electrodynamics","Stack+1"],"picked":"Glacier+1","floor":25.0},{"not_picked":["Barrage","Gash+1"],"picked":"Self Repair","floor":27.0},{"not_picked":["Auto Shields+1","Consume+1","Aggregate+1"],"picked":"SKIP","floor":28.0},{"not_picked":["Sweeping Beam","Go for the Eyes+1"],"picked":"Machine Learning","floor":29.0},{"not_picked":["Streamline+1","Chaos+1","BootSequence+1"],"picked":"SKIP","floor":30.0},{"not_picked":["All For One","Thunder Strike"],"picked":"Echo Form","floor":33},{"not_picked":["Beam Cell","Leap+1","Gash+1"],"picked":"SKIP","floor":35},{"not_picked":["Rebound","Blizzard","Turbo+1"],"picked":"SKIP","floor":36},{"not_picked":["Barrage","Steam+1"],"picked":"Machine Learning","floor":37},{"not_picked":["Conserve Battery+1","Sunder+1"],"picked":"Storm+1","floor":38},{"not_picked":["Gash","Turbo+1","Chill+1"],"picked":"SKIP","floor":40},{"not_picked":["Doom and Gloom+1","Stack+1","Double Energy+1"],"picked":"SKIP","floor":42},{"not_picked":["Static Discharge","Tempest+1"],"picked":"Buffer","floor":44},{"not_picked":["Redo+1","Reinforced Body+1"],"picked":"Coolheaded+1","floor":45},{"not_picked":["Hologram+1","Compile Driver"],"picked":"Consume+1","floor":46},{"not_picked":["Rip and Tear+1","BootSequence+1"],"picked":"Echo Form","floor":47}],"player_experience":776555,"relics_obtained":[{"floor":6.0,"key":"Bottled Lightning"},{"floor":8.0,"key":"Toxic Egg 2"},{"floor":9.0,"key":"Peace Pipe"},{"floor":14.0,"key":"Gambling Chip"},{"floor":23.0,"key":"Lantern"},{"floor":25.0,"key":"Pantograph"},{"floor":26.0,"key":"Vajra"},{"floor":28.0,"key":"Tiny Chest"},{"floor":30.0,"key":"Happy Flower"},{"floor":38,"key":"Pocketwatch"},{"floor":40,"key":"DataDisk"},{"floor":42,"key":"Boot"},{"floor":43,"key":"White Beast Statue"},{"floor":44,"key":"TungstenRod"},{"floor":47,"key":"PreservedInsect"},{"floor":48,"key":"Omamori"}],"event_choices":[{"damage_healed":0.0,"max_hp_gain":0.0,"max_hp_loss":0.0,"gold_gain":50.0,"event_name":"Golden Shrine","player_choice":"Pray","floor":5.0,"gold_loss":0.0,"damage_taken":0.0},{"damage_healed":0.0,"max_hp_gain":0.0,"max_hp_loss":0.0,"gold_gain":50.0,"event_name":"Golden Wing","player_choice":"Gained Gold","floor":13.0,"gold_loss":0.0,"damage_taken":0.0},{"damage_healed":0.0,"max_hp_gain":0.0,"max_hp_loss":0.0,"gold_gain":0.0,"event_name":"N\u0027loth","player_choice":"Traded Relic","floor":19.0,"relics_lost":["Pandora\u0027s Box"],"gold_loss":0.0,"damage_taken":0.0,"relics_obtained":["Nloth\u0027s Gift"]},{"damage_healed":0,"gold_gain":0,"player_choice":"Fight","damage_taken":0,"max_hp_gain":0,"max_hp_loss":0,"event_name":"MindBloom","floor":38,"gold_loss":0},{"cards_removed":["Ball Lightning"],"damage_healed":0,"gold_gain":0,"player_choice":"Removed Attack","damage_taken":0,"max_hp_gain":0,"max_hp_loss":0,"event_name":"Falling","floor":39,"gold_loss":0}],"is_beta":false,"boss_relics":[{"not_picked":["FrozenCore","Runic Dome"],"picked":"Pandora\u0027s Box"},{"not_picked":["SlaversCollar","Cursed Key"],"picked":"Inserter"}],"items_purged_floors":[21,31],"is_endless":false,"potions_floor_spawned":[2,8,11,16,22,25,27,29,30,33,38,40,42,44,45,46,47],"ascension_level":15}}