{"host":"72n3jwtrlpjobydj","time":1614074008,"event":{"mods":["AchievementEnabler","Act Like it!","Arknights","BaseMod","CapriCore","DeckTracker","Hermit","Koishi","Lobotomy","Marisa£¨Ùöéë¡¡Øª×âÞÞ£©","Minty Spire (QoL Compilation)","Permanent Neow","StSLib","SuperFastMode","The Cursed","The Gatherer","The Hierophant","The Immortal"],"gold_per_floor":[114,132,105,125,139,164,164,164,164,164,239,239,263,276,276,402,402,423,32,32,46,62,62,76,76,76,76],"floor_reached":25,"language":"KOR","playtime":1123,"items_purged":[],"score":205,"play_id":"78a52365-542a-4ac8-b060-9a8c08484ffb","local_time":"20210223185328","is_ascension_mode":false,"campfire_choices":[{"floor":8,"key":"REST"},{"floor":10,"key":"REST"},{"floor":15,"key":"REST"},{"floor":23,"key":"REST"}],"circlet_count":0,"master_deck":["MokouMod:Strike","MokouMod:Strike","MokouMod:Strike","MokouMod:Strike","MokouMod:Strike","MokouMod:Defend","MokouMod:Defend","MokouMod:Defend","MokouMod:Defend","MokouMod:HeatSpark","MokouMod:IndiscriminateIgnition","MokouMod:Singe","MokouMod:Overheat","MokouMod:IgnitionBarrier","MokouMod:ScorchedEarth","MokouMod:HeatTransfer","MokouMod:FlickeringFlame","MokouMod:Afterburner","MokouMod:Geothermal","MokouMod:Firecracker","MokouMod:UncontrollableSolarReaction","MokouMod:Burn+1","MokouMod:WarmUp","MokouMod:FlareStarter","MokouMod:IgnitionBlast"],"relics":["MokouMod:PhoenixFeather","Dream Catcher","Vajra","Golden Idol","Velvet Choker","FossilizedHelix"],"acts_visited":["Exordium","TheCity"],"potions_floor_usage":[16,16,24,24,25],"damage_taken":[{"damage":1,"enemies":"Cultist","floor":1,"turns":3},{"damage":7,"enemies":"2 Louse","floor":2,"turns":2},{"damage":8,"enemies":"Small Slimes","floor":4,"turns":3},{"damage":8,"enemies":"2 Fungi Beasts","floor":5,"turns":4},{"damage":48,"enemies":"Gremlin Nob","floor":6,"turns":5},{"damage":6,"enemies":"Large Slime","floor":13,"turns":5},{"damage":12,"enemies":"Gremlin Gang","floor":14,"turns":7},{"damage":78,"enemies":"The Guardian","floor":16,"turns":16},{"damage":16,"enemies":"2 Thieves","floor":18,"turns":5},{"damage":6,"enemies":"Shell Parasite","floor":21,"turns":4},{"damage":27,"enemies":"Centurion and Healer","floor":22,"turns":9},{"damage":20,"enemies":"3 Cultists","floor":24,"turns":6},{"damage":53,"enemies":"Book of Stabbing","floor":25,"turns":5}],"seed_played":"-4843420296753630321","potions_obtained":[{"floor":2,"key":"Ancient Potion"},{"floor":4,"key":"Dexterity Potion"},{"floor":13,"key":"Energy Potion"},{"floor":18,"key":"Strength Potion"},{"floor":22,"key":"EntropicBrew"}],"is_trial":false,"path_per_floor":["M","M","$","M","M","E","?","R","T","R","?","?","M","M","R","B",null,"M","$","?","M","M","R","M","E"],"character_chosen":"MKU","items_purchased":["MokouMod:Overheat","MokouMod:Firecracker","MokouMod:UncontrollableSolarReaction","FossilizedHelix"],"campfire_rested":4,"item_purchase_floors":[3,19,19,19],"current_hp_per_floor":[74,67,67,59,51,3,28,50,50,72,61,43,37,25,47,8,75,59,59,59,53,26,48,28,0,0,0],"gold":76,"neow_bonus":"RANDOM_COMMON_RELIC","is_daily":false,"chose_seed":false,"campfire_upgraded":0,"win_rate":0.0,"timestamp":1614074008,"path_taken":["M","M","?","M","?","E","?","R","T","R","?","?","M","M","R","BOSS","M","$","?","M","M","R","M","E"],"items_purchased_type":["Card","Card","Card","Relic"],"build_version":"2020-12-22","purchased_purges":0,"victory":false,"max_hp_per_floor":[75,75,75,75,75,75,75,75,75,75,75,75,75,75,75,75,75,75,75,75,75,75,75,75,75,75,75],"card_choices":[{"not_picked":["MokouMod:UncontrollableSolarReaction","MokouMod:EternalBurstReactor"],"picked":"MokouMod:IndiscriminateIgnition","floor":1},{"not_picked":["MokouMod:BurningDraft","MokouMod:Ventilation"],"picked":"MokouMod:Singe","floor":2},{"not_picked":["MokouMod:HeartofFire","MokouMod:RoaringFlare"],"picked":"MokouMod:IgnitionBarrier","floor":4},{"not_picked":["MokouMod:Fireball","MokouMod:Cataclysm"],"picked":"MokouMod:ScorchedEarth","floor":5},{"not_picked":["MokouMod:Sear","MokouMod:FlareStarter"],"picked":"MokouMod:HeatTransfer","floor":6},{"not_picked":["MokouMod:RoaringFlare","MokouMod:ScorchedEarth"],"picked":"MokouMod:FlickeringFlame","floor":8},{"not_picked":["MokouMod:IcarusDive","MokouMod:Overheat"],"picked":"MokouMod:Afterburner","floor":10},{"not_picked":["MokouMod:Sear","MokouMod:RoaringFlare","MokouMod:SearingShot"],"picked":"SKIP","floor":13},{"not_picked":["MokouMod:HeatTransfer","MokouMod:RoaringFlare","MokouMod:Singe"],"picked":"SKIP","floor":14},{"not_picked":["MokouMod:Extinguish","MokouMod:BurningHiddenBullet"],"picked":"MokouMod:Geothermal","floor":16},{"not_picked":["MokouMod:RoaringFlare","MokouMod:AdaptivePyromancy","MokouMod:HeatFactory+1"],"picked":"SKIP","floor":18},{"not_picked":["MokouMod:Overheat","MokouMod:BlazingComet+1"],"picked":"MokouMod:Burn+1","floor":21},{"not_picked":["MokouMod:Firecracker","MokouMod:ScorchingColumn"],"picked":"MokouMod:WarmUp","floor":22},{"not_picked":["MokouMod:Overheat+1","MokouMod:BurningDraft"],"picked":"MokouMod:FlareStarter","floor":23},{"not_picked":["MokouMod:Firecracker","MokouMod:ShiftIgnition"],"picked":"MokouMod:IgnitionBlast","floor":24}],"player_experience":130274,"relics_obtained":[{"floor":6,"key":"Vajra"}],"event_choices":[{"damage_healed":25,"gold_gain":0,"player_choice":"Banana","damage_taken":0,"max_hp_gain":0,"max_hp_loss":0,"event_name":"Big Fish","floor":7,"gold_loss":0},{"damage_healed":0,"gold_gain":75,"player_choice":"Gather Gold","damage_taken":11,"max_hp_gain":0,"max_hp_loss":0,"event_name":"World of Goop","floor":11,"gold_loss":0},{"damage_healed":0,"gold_gain":0,"player_choice":"Take Damage","damage_taken":18,"relics_obtained":["Golden Idol"],"max_hp_gain":0,"max_hp_loss":0,"event_name":"Golden Idol","floor":12,"gold_loss":0},{"damage_healed":0,"gold_gain":0,"player_choice":"Ignored","damage_taken":0,"max_hp_gain":0,"max_hp_loss":0,"event_name":"The Mausoleum","floor":20,"gold_loss":0}],"is_beta":false,"boss_relics":[{"not_picked":["Runic Pyramid","Busted Crown"],"picked":"Velvet Choker"}],"items_purged_floors":[],"is_endless":false,"potions_floor_spawned":[2,4,13,14,18,22],"killed_by":"Book of Stabbing","ascension_level":0}}