{"host":"9slw7l0ws16384qq","time":1614111427,"event":{"mods":["A Penny For Your Troubles","BaseMod","Colored Map","Downfall","Evolution","Hubris","Minty Spire (QoL Compilation)","Replay The Spire","StS++","StSLib"],"gold_per_floor":[99,9,9,9,21,34,81,81,115,15,29,29,49,68,81,153,153,53,66,77,77,77,77],"floor_reached":21,"language":"FRA","playtime":802,"items_purged":["Guardian:Defend_Guardian"],"score":351,"play_id":"e47ad473-fd6f-451a-a641-192a5905b791","local_time":"20210223211707","is_ascension_mode":true,"campfire_choices":[{"data":"Guardian:TwinSlam","floor":1.0,"key":"SMITH"},{"data":"Guardian:TemporalStrike","floor":8.0,"key":"SMITH"},{"data":"Guardian:CurlUp","floor":10.0,"key":"SMITH"},{"floor":12.0,"key":"RECALL"},{"data":"Guardian:AncientConstruct","floor":18,"key":"SMITH"}],"circlet_count":0,"master_deck":["AscendersBane","bronze:DazingPulse+1","Guardian:TemporalStrike+1","Guardian:TemporalStrike","Guardian:TemporalStrike","Guardian:TemporalStrike","Guardian:TemporalShield","Guardian:Defend_Guardian","Guardian:Defend_Guardian","Guardian:CurlUp+1","Guardian:TwinSlam+1","Guardian:AncientConstruct+1"],"relics":["Guardian:ModeShifter","EVO:Axolotl","Guardian:PocketSentry","Replay:Accelerometer","Replay:Bottled Steam","downfall:HeartBlessingBlue","Guardian:StasisSlotReductionRelic","downfall:HeartBlessingRed"],"acts_visited":["Exordium","TheCity"],"potions_floor_usage":[],"damage_taken":[{"damage":0.0,"enemies":"downfall:FleeingMerchant","floor":2.0,"turns":4.0},{"damage":0.0,"enemies":"Jaw Worm","floor":5.0,"turns":3.0},{"damage":7.0,"enemies":"Small Slimes","floor":6.0,"turns":3.0},{"damage":17.0,"enemies":"Lagavulin","floor":9.0,"turns":7.0},{"damage":0.0,"enemies":"Cultist","floor":11.0,"turns":3.0},{"damage":3,"enemies":"Gremlin Gang","floor":13,"turns":6},{"damage":1,"enemies":"Exordium Thugs","floor":14,"turns":6},{"damage":0,"enemies":"Large Slime","floor":15,"turns":6},{"damage":18,"enemies":"SI_SHIV_ARCHETYPE","floor":16,"turns":16},{"damage":0,"enemies":"Spheric Guardian","floor":19,"turns":4},{"damage":21,"enemies":"3 Byrds","floor":20,"turns":5},{"damage":11,"enemies":"3 Cultists","floor":21,"turns":6}],"seed_played":"-5189114194346484801","potions_obtained":[{"floor":4.0,"key":"Guardian:AcceleratePotion"},{"floor":4.0,"key":"sneckomod:MuddlingPotion"},{"floor":6.0,"key":"bronze:BurnAndBuffPotion"},{"floor":11.0,"key":"StSpp:SecondWindPotion"},{"floor":13,"key":"Dexterity Potion"}],"is_trial":false,"path_per_floor":["R","$","?","?","M","M","T","R","E","R","M","R","M","M","M","B",null,"R","M","M","M"],"character_chosen":"GUARDIAN","items_purchased":[],"campfire_rested":0,"item_purchase_floors":[],"current_hp_per_floor":[65,65,65,65,65,58,58,58,41,51,51,51,48,47,47,29,69,69,69,48,37,37,37],"gold":77,"neow_bonus":"RANDOM_COMMON_RELIC","is_daily":false,"chose_seed":false,"campfire_upgraded":4,"win_rate":0.0,"timestamp":1614111427,"path_taken":["R","$","?","?","M","?","T","R","E","R","M","R","M","M","M","BOSS","R","M","M","?"],"items_purchased_type":[],"build_version":"2020-12-22","purchased_purges":1,"victory":false,"max_hp_per_floor":[72,72,72,72,72,72,72,72,72,82,82,82,82,82,82,82,82,82,82,82,82,82,82],"card_choices":[{"not_picked":["Guardian:WalkerClaw","Guardian:Preprogram"],"picked":"Guardian:Gem_Purple","floor":2.0},{"not_picked":["Guardian:Gem_Lightblue","Guardian:Planning","Guardian:Incinerate"],"picked":"SKIP","floor":5.0},{"not_picked":["Guardian:FuturePlans","Guardian:DecasProtection"],"picked":"Guardian:Gem_Synthetic","floor":6.0},{"not_picked":["Guardian:Gem_Green","Guardian:ShieldCharger","Guardian:RollAttack"],"picked":"SKIP","floor":9.0},{"not_picked":["Guardian:WalkerClaw","Guardian:Gem_Red","Guardian:TimeBomb"],"picked":"SKIP","floor":11.0},{"not_picked":["Guardian:RollAttack","Guardian:PrismaticBeam","Guardian:TemporalStrike"],"picked":"SKIP","floor":13},{"not_picked":["Guardian:EvasiveProtocol","Guardian:Incinerate","Guardian:WalkerClaw"],"picked":"SKIP","floor":14},{"not_picked":["Guardian:Emergency","Guardian:Incinerate","Guardian:ChargeCore"],"picked":"SKIP","floor":15},{"not_picked":["Guardian:GemFire","Guardian:Gem_Orange"],"picked":"Guardian:AncientConstruct","floor":16},{"not_picked":["Guardian:WalkerClaw","Guardian:Incinerate","Guardian:Recover"],"picked":"SKIP","floor":19},{"not_picked":["Guardian:Suspension","Guardian:RollAttack+1","Guardian:Recover"],"picked":"SKIP","floor":20}],"player_experience":1731973,"relics_obtained":[{"floor":9.0,"key":"Replay:Bottled Steam"}],"event_choices":[{"damage_healed":0.0,"max_hp_gain":0.0,"max_hp_loss":0.0,"gold_gain":0.0,"event_name":"Lab","player_choice":"Got Potions","floor":4.0,"gold_loss":0.0,"damage_taken":0.0}],"is_beta":false,"boss_relics":[{"not_picked":["hubris:BlackHole","Cursed Key"],"picked":"Guardian:StasisSlotReductionRelic"}],"items_purged_floors":[2],"is_endless":false,"potions_floor_spawned":[6,11,13,15,20],"killed_by":"3 Cultists","ascension_level":16}}