{"host":"w11d5xug8ost5klq","time":1614054516,"event":{"mods":["100% Spire Juice","2.2 Compatiblity","BaseMod","Better Third Choice","Emptier Cage","Highlight Path","KinomotoSakuraMod(????)","Minty Spire (QoL Compilation)","Quick Restart","Reliquary","Shapeshifter Mod","Spicy Shops","StSLib","The Alterego","WarShipGirlsR/????R mod"],"gold_per_floor":[119,119,119,146,146,181,181,181,262,290,309,336,378,378,378,482,482,510,525,525,534,31,31,57,84,131,131,131,131,141,161,161,265,265,333,342,355,373,390,390,390,390],"floor_reached":41,"language":"ENG","playtime":2001,"items_purged":[],"score":430,"play_id":"cd676c6b-41cf-41ac-9c71-c687b59a2501","local_time":"20210222222836","is_ascension_mode":false,"campfire_choices":[{"data":"StSShapeShifter:ReplenishingNectar","floor":7,"key":"SMITH"},{"data":"StSShapeShifter:ClimbTree","floor":15,"key":"SMITH"},{"data":"StSShapeShifter:FruitBasket","floor":23,"key":"SMITH"},{"data":"StSShapeShifter:BarkSkin","floor":27,"key":"SMITH"},{"floor":32,"key":"REST"},{"data":"StSShapeShifter:Sap_Burst","floor":40,"key":"SMITH"}],"circlet_count":0,"master_deck":["StSShapeShifter:ShapeShifter_Strike+1","StSShapeShifter:ShapeShifter_Strike+1","StSShapeShifter:ShapeShifter_Strike+1","StSShapeShifter:ShapeShifter_Strike+1","StSShapeShifter:ShapeShifter_Strike+1","StSShapeShifter:ShapeShifter_Defend+1","StSShapeShifter:ShapeShifter_Defend+1","StSShapeShifter:ShapeShifter_Defend+1","StSShapeShifter:ShapeShifter_Defend+1","StSShapeShifter:ShapeShifter_Defend+1","StSShapeShifter:Tortoise_Form","StSShapeShifter:Lynx_Form+1","StSShapeShifter:ReplenishingNectar+1","StSShapeShifter:BaskInBloom","StSShapeShifter:ClimbTree+1","StSShapeShifter:RockSlide","StSShapeShifter:PantherForm","StSShapeShifter:Spring","StSShapeShifter:BarkSkin+1","StSShapeShifter:FruitBasket+1","StSShapeShifter:BurstingSpore","StSShapeShifter:FruitBasket+1","StSShapeShifter:RaptorForm","StSShapeShifter:Sap_Burst+1","StSShapeShifter:BurstingSpore+1","StSShapeShifter:DragonForm"],"relics":["StSShapeShifter:AnimalHeart","StSShapeShifter:TheShapeShiftersMagnolia","NeowsBlessing","reliquary:TridentHead","CeramicFish","Calipers","reliquary:PorcupineQuills","Meat on the Bone","Shuriken","CultistMask","reliquary:KinkedSpring","MutagenicStrength","StSShapeShifter:ThornsOfSummi","Toolbox","Lee\u0027s Waffle","Lantern","Black Star"],"acts_visited":["Exordium","TheCity","TheBeyond"],"potions_floor_usage":[11,16,25,30,33,39,41],"damage_taken":[{"damage":0,"enemies":"2 Louse","floor":1,"turns":1},{"damage":0,"enemies":"Jaw Worm","floor":4,"turns":1},{"damage":0,"enemies":"Lagavulin","floor":6,"turns":1},{"damage":0,"enemies":"Small Slimes","floor":10,"turns":3},{"damage":0,"enemies":"Gremlin Gang","floor":11,"turns":5},{"damage":5,"enemies":"3 Louse","floor":12,"turns":3},{"damage":14,"enemies":"Gremlin Nob","floor":13,"turns":4},{"damage":52,"enemies":"The Guardian","floor":16,"turns":20},{"damage":33,"enemies":"Chosen","floor":18,"turns":9},{"damage":29,"enemies":"Spheric Guardian","floor":19,"turns":6},{"damage":16,"enemies":"Centurion and Healer","floor":24,"turns":10},{"damage":4,"enemies":"Shelled Parasite and Fungi","floor":25,"turns":4},{"damage":11,"enemies":"Chosen and Byrds","floor":30,"turns":5},{"damage":18,"enemies":"Snecko","floor":31,"turns":3},{"damage":64,"enemies":"Collector","floor":33,"turns":11},{"damage":0,"enemies":"3 Shapes","floor":35,"turns":1},{"damage":0,"enemies":"3 Darklings","floor":37,"turns":1},{"damage":57,"enemies":"Transient","floor":38,"turns":5},{"damage":20,"enemies":"Writhing Mass","floor":39,"turns":9},{"damage":93,"enemies":"Giant Head","floor":41,"turns":13}],"seed_played":"5952132198220557799","potions_obtained":[{"floor":6,"key":"Weak Potion"},{"floor":10,"key":"Regen Potion"},{"floor":13,"key":"EssenceOfSteel"},{"floor":16,"key":"SteroidPotion"},{"floor":18,"key":"ColorlessPotion"},{"floor":31,"key":"SneckoOil"},{"floor":33,"key":"ColorlessPotion"},{"floor":37,"key":"Energy Potion"},{"floor":38,"key":"SmokeBomb"}],"is_trial":false,"path_per_floor":["M","?","?","M","$","E","R","T","T","M","M","M","E","?","R","B",null,"M","M","?","?","$","R","M","M","T","R","?","$","M","M","R","B",null,"M","?","M","M","M","R","E"],"character_chosen":"SHAPESHIFTER","items_purchased":["StSShapeShifter:ThornsOfSummi","StSShapeShifter:BurstingSpore","Toolbox","Lee\u0027s Waffle"],"campfire_rested":1,"item_purchase_floors":[22,22,22,22],"current_hp_per_floor":[78,78,55,55,55,55,55,55,55,56,71,66,52,52,52,17,78,45,35,35,35,85,85,80,84,84,84,84,84,74,58,83,46,85,85,85,85,43,54,54,0,0],"gold":390,"neow_bonus":"THREE_ENEMY_KILL","is_daily":false,"chose_seed":false,"campfire_upgraded":5,"win_rate":0.0,"timestamp":1614054516,"path_taken":["M","?","?","M","$","E","R","?","T","M","M","M","E","?","R","BOSS","M","?","?","?","$","R","M","M","T","R","?","?","M","M","R","BOSS","M","?","?","?","M","R","E"],"items_purchased_type":["Relic","Card","Relic","Relic"],"build_version":"2020-12-22","purchased_purges":0,"victory":false,"max_hp_per_floor":[78,78,78,78,78,78,78,78,78,78,78,78,78,78,78,78,78,78,78,78,78,85,85,85,85,85,85,85,85,85,85,85,85,85,85,85,85,85,85,85,85,85],"card_choices":[{"not_picked":["StSShapeShifter:Guard","StSShapeShifter:OakBlade","StSShapeShifter:FesteringBite"],"picked":"SKIP","floor":1},{"not_picked":["StSShapeShifter:Mystical_Branch","StSShapeShifter:Guard"],"picked":"StSShapeShifter:ReplenishingNectar","floor":4},{"not_picked":["StSShapeShifter:OakBlade","StSShapeShifter:ThornToss"],"picked":"StSShapeShifter:BaskInBloom","floor":6},{"not_picked":["StSShapeShifter:EmbraceTheCycle","StSShapeShifter:AdaptiveStrikes"],"picked":"StSShapeShifter:ClimbTree","floor":10},{"not_picked":["StSShapeShifter:MonkeyForm","StSShapeShifter:FesteringBite","StSShapeShifter:ShiftingStrike"],"picked":"SKIP","floor":11},{"not_picked":["StSShapeShifter:BaskInBloom","StSShapeShifter:Sapling"],"picked":"StSShapeShifter:RockSlide","floor":12},{"not_picked":["StSShapeShifter:DeerForm","StSShapeShifter:AdaptiveStrikes"],"picked":"StSShapeShifter:PantherForm","floor":13},{"not_picked":["StSShapeShifter:MysticalSeed","StSShapeShifter:Earthquake"],"picked":"StSShapeShifter:Spring","floor":16},{"not_picked":["StSShapeShifter:SunflowerShuriken","StSShapeShifter:Roar"],"picked":"StSShapeShifter:BarkSkin","floor":18},{"not_picked":["StSShapeShifter:BloomingSlash","StSShapeShifter:FesteringBite","StSShapeShifter:Maul"],"picked":"SKIP","floor":19},{"not_picked":["StSShapeShifter:MultiSpiritedStrike","StSShapeShifter:ShiftingStrike"],"picked":"StSShapeShifter:FruitBasket+1","floor":24},{"not_picked":["StSShapeShifter:BladeOfGrass","StSShapeShifter:Efflorescence"],"picked":"StSShapeShifter:RaptorForm","floor":25},{"not_picked":["StSShapeShifter:ThornToss","StSShapeShifter:Hunt","StSShapeShifter:OakBlade"],"picked":"SKIP","floor":30},{"not_picked":["StSShapeShifter:SunflowerShuriken","StSShapeShifter:OpportuneSwoop","StSShapeShifter:DeerForm+1"],"picked":"SKIP","floor":31},{"not_picked":["StSShapeShifter:LionForm","StSShapeShifter:BurrBomb"],"picked":"StSShapeShifter:Sap_Burst","floor":33},{"not_picked":["StSShapeShifter:WolfForm+1","StSShapeShifter:WaspSwarmForm+1"],"picked":"StSShapeShifter:BurstingSpore+1","floor":35},{"not_picked":[],"picked":"StSShapeShifter:DragonForm","floor":36},{"not_picked":["StSShapeShifter:Maul+1","StSShapeShifter:Garden+1","StSShapeShifter:FlowerShield+1"],"picked":"SKIP","floor":37},{"not_picked":["StSShapeShifter:BarkSkin","StSShapeShifter:IntimidatingAura+1","StSShapeShifter:Mystical_Branch+1"],"picked":"SKIP","floor":38},{"not_picked":["StSShapeShifter:BladeOfGrass","StSShapeShifter:PoisonIvy+1","StSShapeShifter:BloomingSlash+1"],"picked":"SKIP","floor":39}],"player_experience":130969,"relics_obtained":[{"floor":6,"key":"Calipers"},{"floor":8,"key":"reliquary:PorcupineQuills"},{"floor":9,"key":"Meat on the Bone"},{"floor":13,"key":"Shuriken"},{"floor":26,"key":"Lantern"}],"event_choices":[{"damage_healed":0,"gold_gain":0,"player_choice":"Grow","damage_taken":0,"max_hp_gain":0,"max_hp_loss":0,"event_name":"Living Wall","floor":2,"gold_loss":0,"cards_upgraded":["StSShapeShifter:Lynx_Form"]},{"damage_healed":0,"gold_gain":1,"player_choice":"Relic Relic ","damage_taken":23,"max_hp_gain":0,"max_hp_loss":0,"event_name":"betterThird:BetterScrap","floor":3,"gold_loss":0,"cards_obtained":["Blur"]},{"damage_healed":0,"gold_gain":0,"player_choice":"Trade","damage_taken":0,"relics_obtained":["CultistMask"],"max_hp_gain":0,"max_hp_loss":0,"event_name":"FaceTrader","floor":14,"gold_loss":0},{"damage_healed":0,"gold_gain":0,"player_choice":"Inject Mutagens","damage_taken":0,"relics_obtained":["MutagenicStrength"],"max_hp_gain":0,"max_hp_loss":0,"event_name":"Drug Dealer","floor":20,"gold_loss":0},{"damage_healed":0,"gold_gain":0,"player_choice":"Read","damage_taken":0,"max_hp_gain":0,"max_hp_loss":0,"event_name":"The Library","floor":21,"gold_loss":0,"cards_obtained":["StSShapeShifter:FruitBasket"]},{"damage_healed":0,"gold_gain":0,"player_choice":"Simplicity","damage_taken":0,"max_hp_gain":0,"max_hp_loss":10,"event_name":"betterThird:BetterWriting","floor":28,"gold_loss":0}],"is_beta":false,"boss_relics":[{"not_picked":["Cursed Key","SlaversCollar"],"picked":"reliquary:KinkedSpring"},{"not_picked":["reliquary:RedCape","reliquary:Craggleroot"],"picked":"Black Star"}],"items_purged_floors":[],"is_endless":false,"potions_floor_spawned":[6,10,13,16,18,31,33,37,38],"killed_by":"Giant Head","ascension_level":0}}