{"host":"sfkslwp4t49i7lrt","time":1614089961,"event":{"mods":["Act Like it!","BaseMod","Bestiary","Block Reminder","Downfall","Friendly Minions","Gensokyo","Highlight Path","Lobotomy","Minty Spire (QoL Compilation)","Relic Stats","Ruina","Spire Arcade","StSLib","Wide Potions","everything is the same but u backflip on backflip","slay the spire mod where everything is the same but ironclad has a cowboy hat"],"gold_per_floor":[112,131,96,108,108,108,122,44,67,82,103,133,133,148,148,252,252,267,227,242,257,62,62,92,92,92],"floor_reached":25,"language":"ENG","playtime":1615,"items_purged":["BlueStar"],"score":223,"play_id":"eb033513-f17e-4e59-80a6-7b0360d7a591","local_time":"20210223211921","is_ascension_mode":false,"campfire_choices":[{"data":"Cloak And Dagger","floor":6,"key":"SMITH"},{"data":"Neutralize","floor":13,"key":"SMITH"},{"data":"Predator","floor":15,"key":"SMITH"},{"data":"Calculated Gamble","floor":23,"key":"SMITH"}],"circlet_count":0,"master_deck":["Strike_G","Strike_G","Strike_G","Strike_G","Strike_G","Defend_G","Defend_G","Defend_G","Defend_G","Defend_G","Survivor","Neutralize+1","Cloak And Dagger+1","UniverseFragment","Grand Finale","Wellcheers","Dodge and Roll+1","Dash","Backflip","Predator+1","PiercingWail","Crippling Poison+1","MHz","Dodge and Roll","QueenOfHatred","Deadly Poison","Footwork","Calculated Gamble+1","Corpse Explosion"],"relics":["Ring of the Snake","CogitoBucket","RabbitCall","Strawberry","Odd Mushroom","Bag of Preparation","Velvet Choker","Anchor"],"acts_visited":["Exordium","Gensokyo:Gensokyoer"],"potions_floor_usage":[25],"damage_taken":[{"damage":0,"enemies":"2 Louse","floor":1,"turns":3},{"damage":0,"enemies":"Jaw Worm","floor":2,"turns":6},{"damage":0,"enemies":"Small Slimes","floor":4,"turns":5},{"damage":3,"enemies":"Blue Slaver","floor":7,"turns":5},{"damage":12,"enemies":"Red Slaver","floor":10,"turns":5},{"damage":3,"enemies":"The Mushroom Lair","floor":11,"turns":4},{"damage":4,"enemies":"3 Sentries","floor":12,"turns":9},{"damage":0,"enemies":"Gremlin Gang","floor":14,"turns":12},{"damage":44,"enemies":"The Guardian","floor":16,"turns":16},{"damage":0,"enemies":"Gensokyo:CosmicMonolith","floor":18,"turns":3},{"damage":0,"enemies":"Gensokyo:2_Gloops","floor":20,"turns":4},{"damage":12,"enemies":"Gensokyo:Slime_Group","floor":21,"turns":4},{"damage":6,"enemies":"Gensokyo:Reisen","floor":24,"turns":6},{"damage":79,"enemies":"Gensokyo:Monolith_and_Dog","floor":25,"turns":6}],"seed_played":"4928201274266007079","potions_obtained":[{"floor":4,"key":"PowerPotion"},{"floor":7,"key":"Energy Potion"}],"is_trial":false,"path_per_floor":["M","M","?","M","?","R","M","$","T","M","?","E","R","M","R","B",null,"M","?","M","M","$","R","E","M"],"character_chosen":"THE_SILENT","items_purchased":["Dash","Footwork","Calculated Gamble"],"campfire_rested":0,"item_purchase_floors":[8,22,22],"current_hp_per_floor":[70,70,70,70,70,70,70,70,77,65,62,61,61,64,64,23,77,77,77,77,65,65,65,65,0,0],"gold":92,"neow_bonus":"","is_daily":false,"chose_seed":false,"campfire_upgraded":4,"win_rate":0.0,"timestamp":1614089961,"path_taken":["M","M","?","M","?","R","M","$","T","M","?","E","R","M","R","BOSS","M","?","?","M","$","R","E","M"],"items_purchased_type":["Card","Card","Card"],"build_version":"2020-12-22","purchased_purges":1,"victory":false,"max_hp_per_floor":[70,70,70,70,70,70,70,70,77,77,77,77,77,77,77,77,77,77,77,77,77,77,77,77,77,77],"relic_stats":{"counters":[16,90],"Bag of Preparation":[14],"obtain_stats":[{"RabbitCall":0,"CogitoBucket":0,"Anchor":24,"Strawberry":9,"Velvet Choker":17,"Bag of Preparation":12,"Odd Mushroom":11,"Ring of the Snake":0},{"RabbitCall":0,"CogitoBucket":0,"Anchor":14,"Strawberry":4,"Velvet Choker":10,"Bag of Preparation":7,"Odd Mushroom":6,"Ring of the Snake":0},{"RabbitCall":0,"CogitoBucket":0,"Anchor":83,"Strawberry":19,"Velvet Choker":66,"Bag of Preparation":37,"Odd Mushroom":28,"Ring of the Snake":0}],"Ring of the Snake":[32]},"card_choices":[{"not_picked":["Slice","Catalyst"],"picked":"Cloak And Dagger","floor":1},{"not_picked":["OldLady","Murderer","Funeral"],"picked":"Singing Bowl","floor":1},{"not_picked":["DreamingCurrent","PunishingBird"],"picked":"UniverseFragment","floor":1},{"not_picked":["Dodge and Roll","Heel Hook"],"picked":"Grand Finale","floor":2},{"not_picked":["VoidDream","BlackSwan","OSAHOGD"],"picked":"Singing Bowl","floor":4},{"not_picked":["Murderer","MeatLantern"],"picked":"Wellcheers","floor":4},{"not_picked":["Bane","Underhanded Strike"],"picked":"Dodge and Roll","floor":4},{"not_picked":["CherryBlossoms","BeautyBeast","RedShoes"],"picked":"Singing Bowl","floor":7},{"not_picked":["Night Terror","Outmaneuver","Slice"],"picked":"SKIP","floor":7},{"not_picked":["Leg Sweep","Prepared"],"picked":"Backflip","floor":10},{"not_picked":["OSAHOGD","ShyLook","Rudolta"],"picked":"Singing Bowl","floor":10},{"not_picked":["PunishingBird","OSAHOGD"],"picked":"BlueStar","floor":10},{"not_picked":["Woodsman","HeroicMonk","CrumblingArmor"],"picked":"Singing Bowl","floor":11},{"not_picked":["Sucker Punch","Dodge and Roll"],"picked":"Predator","floor":12},{"not_picked":["Bloodbath","SpiderBud","Murderer"],"picked":"Singing Bowl","floor":12},{"not_picked":["Choke","Slice"],"picked":"PiercingWail","floor":14},{"not_picked":["WhitesApple","Murderer","VoidDream"],"picked":"Singing Bowl","floor":14},{"not_picked":["OldLady","FairyFestival","BigBird"],"picked":"Singing Bowl","floor":16},{"not_picked":["Dodge and Roll+1","Prepared+1"],"picked":"Crippling Poison+1","floor":18},{"not_picked":["MeatLantern","Bloodbath"],"picked":"MHz","floor":18},{"not_picked":["Cloak And Dagger","Dagger Spray"],"picked":"Dodge and Roll","floor":20},{"not_picked":["PunishingBird","ShyLook","Bloodbath"],"picked":"Singing Bowl","floor":20},{"not_picked":["BodiesMountain","GalaxyChild"],"picked":"QueenOfHatred","floor":20},{"not_picked":["Blur","Blade Dance"],"picked":"Deadly Poison","floor":21},{"not_picked":["SnowQueen","Variant","ShyLook"],"picked":"Singing Bowl","floor":21},{"not_picked":["Underhanded Strike+1","Bouncing Flask"],"picked":"Corpse Explosion","floor":24},{"not_picked":["SpiderBud","NakedNest","DreamingCurrent"],"picked":"Singing Bowl","floor":24}],"player_experience":480991,"relics_obtained":[{"floor":9,"key":"Strawberry"},{"floor":11,"key":"Odd Mushroom"},{"floor":12,"key":"Bag of Preparation"},{"floor":24,"key":"Anchor"}],"event_choices":[{"damage_healed":17,"gold_gain":0,"player_choice":"Healed","damage_taken":0,"max_hp_gain":0,"max_hp_loss":0,"event_name":"The Cleric","floor":3,"gold_loss":35},{"damage_healed":0,"gold_gain":0,"player_choice":"Ignored","damage_taken":0,"max_hp_gain":0,"max_hp_loss":0,"event_name":"Liars Game","floor":5,"gold_loss":0},{"damage_healed":0,"gold_gain":0,"player_choice":"Fought Mushrooms","damage_taken":0,"max_hp_gain":0,"max_hp_loss":0,"event_name":"Mushrooms","floor":11,"gold_loss":0}],"is_beta":false,"boss_relics":[{"not_picked":["Sozu","Astrolabe"],"picked":"Velvet Choker"}],"items_purged_floors":[22],"is_endless":false,"potions_floor_spawned":[4,7,10,16,18,20,21],"killed_by":"Gensokyo:Monolith_and_Dog","ascension_level":0}}