{"host":"8h99olqiwl7u1q5z","time":1614116935,"event":{"mods":["Act Like it!","BaseMod","Colored Powertips","Gensokyo","Hallownest","Highlight Path","Library of Ruina","Library of Ruina Extra","Lobotomy","LobotomyExtend","Marisa£®ÏF”Í°°ƒß¿Ì…≥£©","Minty Spire (QoL Compilation)","Permanent Neow","Quick Restart","Remilia£®¿Ÿ√◊¿Ú—«£©","Replay The Spire","Spicy Shops","StSLib","SuperFastMode","Td1madao Mod","The Bug Knight"],"gold_per_floor":[119,67,86,161,336,336,349,125,174,192,209,62,156,170,170,267,267,281,281,281,294,342,342,355,355,355,374,385,146,146,146,146,242,242,255,115,115,115,115,115,115,115,115,115,127,127,127,146,146,146,146],"floor_reached":52,"language":"ZHS","playtime":1164,"items_purged":["Doubt"],"score":963,"play_id":"90bf8486-38c9-4fa7-8154-19fe326d2e3e","local_time":"20210224054855","is_ascension_mode":false,"campfire_choices":[{"floor":6.0,"key":"REST"},{"floor":15,"key":"REST"},{"floor":23,"key":"REST"},{"data":"DegradedLock","floor":30,"key":"SMITH"},{"data":"DegradedShockwave","floor":32,"key":"SMITH"},{"data":"DegradedChain","floor":40,"key":"SMITH"},{"data":"DegradedChain","floor":44,"key":"SMITH"},{"data":"DegradedFairy","floor":46,"key":"SMITH"},{"data":"ShrineToMusic","floor":49,"key":"SMITH"}],"circlet_count":0,"master_deck":["DegradedFairy+1","DegradedChain+1","DegradedChain+1","DegradedLock+1","DegradedPillar","DegradedPillar","DegradedShockwave+1","HandlingWork","ShrineToMusic+1","Wraith","Jack Of All Trades"],"relics":["PageOfLibrarian","LetterFromLob","Juzu Bracelet","Strawberry","Nunchaku","LaetitiaHeart","Bronze Scales","PageOfMercenary","PageOfUniverseFragment","Runic Pyramid","PageOfSpiderBud","Replay:Accelerometer","Frozen Egg 2"],"acts_visited":["Exordium","TheCity","TheBeyond"],"potions_floor_usage":[],"damage_taken":[{"damage":0.0,"enemies":"Cultist","floor":1.0,"turns":1.0},{"damage":0.0,"enemies":"Small Slimes","floor":3.0,"turns":1.0},{"damage":0.0,"enemies":"2 Louse","floor":7.0,"turns":2.0},{"damage":0.0,"enemies":"Blue Slaver","floor":10.0,"turns":1.0},{"damage":0.0,"enemies":"Large Slime","floor":11.0,"turns":3.0},{"damage":0,"enemies":"Red Slaver","floor":14,"turns":1},{"damage":0,"enemies":"Hexaghost","floor":16,"turns":5},{"damage":0,"enemies":"Shell Parasite","floor":18,"turns":2},{"damage":0,"enemies":"Shell Parasite","floor":19,"turns":2},{"damage":0,"enemies":"Spheric Guardian","floor":21,"turns":1},{"damage":0,"enemies":"Cultist and Chosen","floor":24,"turns":3},{"damage":14,"enemies":"Shelled Parasite and Fungi","floor":27,"turns":3},{"damage":0,"enemies":"Centurion and Healer","floor":28,"turns":3},{"damage":0,"enemies":"KingOfGreed","floor":33,"turns":11},{"damage":0,"enemies":"Orb Walker","floor":35,"turns":2},{"damage":15,"enemies":"3 Shapes","floor":45,"turns":2},{"damage":0,"enemies":"Jaw Worm Horde","floor":48,"turns":1},{"damage":18,"enemies":"Donu and Deca","floor":50,"turns":8}],"seed_played":"3135738921367102155","potions_obtained":[{"floor":3.0,"key":"Toxic Potion"},{"floor":10.0,"key":"Elixir"},{"floor":14,"key":"Death Potion"}],"is_trial":false,"path_per_floor":["M","$","M","?","?","R","M","$","T","M","M","$","?","M","R","B",null,"M","?","?","M","T","R","M","?","T","M","M","$","R","?","R","B",null,"M","$","?","T","?","R","?","?","T","R","M","R","?","M","R","B",null,null],"character_chosen":"Librarian","items_purchased":["Reload","Juzu Bracelet","SuanNi","PageOfUniverseFragment","HandlingWork","PageOfSpiderBud"],"campfire_rested":3,"item_purchase_floors":[2,8,12,29,36,36],"current_hp_per_floor":[60,60,60,49,49,76,76,76,83,83,83,83,45,45,74,74,97,97,47,47,47,47,76,76,92,92,78,78,78,78,78,78,78,97,97,97,97,97,97,97,97,97,97,97,88,88,88,97,97,88,91],"gold":146,"neow_bonus":"RANDOM_EVENT","is_daily":false,"chose_seed":false,"campfire_upgraded":6,"win_rate":0.0,"timestamp":1614116935,"path_taken":["M","?","M","?","?","R","M","$","T","M","M","$","?","M","R","BOSS","M","?","?","M","?","R","M","?","T","M","M","$","R","?","R","BOSS","M","$","?","?","?","R","?","?","T","R","M","R","?","M","R","BOSS"],"items_purchased_type":["Card","Relic","Card","Relic","Card","Relic"],"build_version":"2020-12-22","purchased_purges":1,"victory":true,"max_hp_per_floor":[90,90,90,90,90,90,90,90,97,97,97,97,97,97,97,97,97,97,97,97,97,97,97,97,97,97,97,97,97,97,97,97,97,97,97,97,97,97,97,97,97,97,97,97,97,97,97,97,97,97,97],"card_choices":[{"not_picked":["DesperateStruggle","SerpentineBarrier","BurningFlash","SharpSwipe","UncannyStrike","Marionette","QuickAttack","Leap_lor"],"picked":"DefenseOrder","floor":1.0},{"not_picked":["CircusKnives","Wallop_lor","StrongStrike","HiddenBlade","Rewind","Outburst","SenseQuarry","EnergyStrike","FlowOfTheSword"],"picked":"SKIP","floor":3.0},{"not_picked":["Wallop_lor","SkyClearingCut","Creak","JiaoTu","GrazeTheGrass","FlowOfTheSword","EnergyShield","Parry"],"picked":"Faith","floor":7.0},{"not_picked":["ChargeUp","StrongStrike","FleetFootsteps","Reload","Leap_lor","ClassAndRespect","Wallop_lor","FleetEdge","Pound"],"picked":"SKIP","floor":10.0},{"not_picked":["EnergyConversion","VenomousFangs","SnakesPrey","EnergyBeam","ClassAndRespect","Duel_lor","GuardingStance","Standoff","HighSpeedStabbing"],"picked":"SKIP","floor":11.0},{"not_picked":["Laceration","TendonChords","HandleRequest","Eradication","BackAttack","BulkyImpact","UnavoidableGaze","GuardingStance","Reload"],"picked":"SKIP","floor":14},{"not_picked":["BiAn","TendonChords+1","Rewind","Parry","SilentMist","SharpSwipe+1","Diversion","DestructiveImpact","ElectricShock+1"],"picked":"SKIP","floor":18},{"not_picked":["SnakesPrey","Riposte","Rewind","Crush+1","MultiBlock","SnakeSlit+1","Standoff","Parry+1","EnergyShield"],"picked":"SKIP","floor":21},{"not_picked":["QuickSuppression","SuppressingShot","ShockRound+1","NonstopAssault","Track","HandleRequest+1","Retaliate","EnergyBeam","SinglePointStab"],"picked":"SKIP","floor":24},{"not_picked":["Thirst","PuppetBlockade","StartinOutLightly+1","EnergyStrike","HandleRequest+1","UndertakePrescript","UpbeatPerformance","Rampage_lor","Rewind+1"],"picked":"SKIP","floor":27},{"not_picked":["SnakesPrey","HiddenBlade+1","HardRehearsal","EnergyStrike","Clone","Eliminate+1","SinglePointStab","DarkCloud","SpearedSweep"],"picked":"SKIP","floor":28},{"not_picked":["GuardingStance","SnakesPrey+1","HandleRequest","InnerArdor+1","HardRehearsal","BackAttack","Wallop_lor","Brawl+1","Outburst+1"],"picked":"SKIP","floor":35},{"not_picked":["The Bomb","Replay:Sssssssssshield","Blind","Replay:BasicMightCard","Mind Blast","Forethought","ReplayTheSpireMod:Trickstab","ReplayUltimateDefense"],"picked":"Jack Of All Trades","floor":42},{"not_picked":["SunsetBlade+1","FendThisOffIfYouCan+1","Preparation","NightInTheBackstreets+1","ViolentFlame+1","IllEndYou","StrikeDown+1","AsThePrescriptOrders+1","ToWhereThePrescriptPoints"],"picked":"SKIP","floor":45},{"not_picked":["SmokingPipe+1","HiddenBlade+1","EndlessBattle+1","EnergyCycle","SerpentineBarrier","AsThePrescriptOrders+1","StrongStrike+1","Marionette+1","ProselytesBlade+1"],"picked":"SKIP","floor":48}],"player_experience":189234,"relics_obtained":[{"floor":1.0,"key":"LetterFromLob"},{"floor":9.0,"key":"Strawberry"},{"floor":13,"key":"Nunchaku"},{"floor":22,"key":"Bronze Scales"},{"floor":26,"key":"PageOfMercenary"},{"floor":38,"key":"Replay:Accelerometer"},{"floor":43,"key":"Frozen Egg 2"}],"event_choices":[{"cards_removed":["DegradedFairy"],"damage_healed":0.0,"max_hp_gain":0.0,"max_hp_loss":0.0,"gold_gain":0.0,"event_name":"Living Wall","player_choice":"Forget","floor":0.0,"gold_loss":0.0,"damage_taken":0.0},{"damage_healed":0.0,"max_hp_gain":0.0,"max_hp_loss":0.0,"gold_gain":75.0,"event_name":"World of Goop","player_choice":"Gather Gold","floor":4.0,"gold_loss":0.0,"damage_taken":11.0},{"damage_healed":0.0,"max_hp_gain":0.0,"max_hp_loss":0.0,"gold_gain":175.0,"event_name":"Liars Game","player_choice":"AGREE","floor":5.0,"gold_loss":0.0,"damage_taken":0.0,"cards_obtained":["Doubt"]},{"damage_healed":0,"gold_gain":0,"player_choice":"Got Potions","damage_taken":0,"max_hp_gain":0,"max_hp_loss":0,"event_name":"Lab","floor":20,"gold_loss":0},{"cards_removed":["DefenseOrder"],"damage_healed":0,"gold_gain":0,"player_choice":"Elegance","damage_taken":0,"max_hp_gain":0,"max_hp_loss":0,"event_name":"Back to Basics","floor":31,"gold_loss":0},{"cards_removed":["Reload"],"damage_healed":0,"gold_gain":0,"player_choice":"Removed Skill","damage_taken":0,"max_hp_gain":0,"max_hp_loss":0,"event_name":"Falling","floor":37,"gold_loss":0},{"damage_healed":0,"gold_gain":0,"player_choice":"1 cards matched","damage_taken":0,"max_hp_gain":0,"max_hp_loss":0,"event_name":"Match and Keep!","floor":39,"gold_loss":0,"cards_obtained":["ShrineToMusic"]},{"damage_healed":0,"gold_gain":0,"player_choice":"1 cards matched","damage_taken":0,"max_hp_gain":0,"max_hp_loss":0,"event_name":"Match and Keep!","floor":39,"gold_loss":0,"cards_obtained":["ShrineToMusic"]},{"damage_healed":0,"gold_gain":0,"player_choice":"Ignored","damage_taken":0,"max_hp_gain":0,"max_hp_loss":0,"event_name":"OrinTheCat","floor":41,"gold_loss":0},{"damage_healed":0,"gold_gain":0,"player_choice":"Memory 1","damage_taken":0,"max_hp_gain":0,"max_hp_loss":0,"event_name":"SensoryStone","floor":42,"gold_loss":0}],"is_beta":false,"boss_relics":[{"not_picked":["PageOfBlackSwan","Coffee Dripper","Fusion Hammer"]},{"not_picked":["ReplayTheSpireMod:DimensionalGlitch","Kintsugi"],"picked":"Runic Pyramid"}],"items_purged_floors":[8],"is_endless":false,"potions_floor_spawned":[3,10,14,16,18,21,27,28],"ascension_level":0}}