{"host":"o0dii6afppedd0fm","time":1614100796,"event":{"mods":["BaseMod","Colored Powertips","Minty Spire (QoL Compilation)","Replay The Spire","StSLib"],"gold_per_floor":[118,129,129,147,157,157,191,191,217,22,22,22,50,112,112,140,140,257,257,285,316,316,336,336,336,336,365,392,431,431,486,486,512,512,646,646,670,256,328,363,401,401,431,98,124,124,124,124,124,163,73,73],"floor_reached":51,"language":"ZHS","playtime":5535,"items_purged":["Spreading Infection"],"score":686,"play_id":"ab61e859-cd97-4e26-b17b-800d6352633a","local_time":"20210224011956","is_ascension_mode":true,"campfire_choices":[{"floor":6,"key":"REST"},{"data":"Replay:LoomingThreat","floor":8,"key":"SMITH"},{"floor":17,"key":"REST"},{"floor":26,"key":"REST"},{"floor":34,"key":"REST"},{"floor":42,"key":"REST"},{"floor":48,"key":"REST"}],"circlet_count":0,"master_deck":["Strike_P","Strike_P+1","Strike_P+1","Defend_P","Defend_P","Defend_P","Defend_P","Eruption+1","Vigilance","Replay:LoomingThreat+1","Replay:Hum","Vengeance","Consecrate","ClearTheMind+1","Replay:BluntJabs","LessonLearned","WindmillStrike","Vault+1","Replay:BluntJabs+1","Crescendo","DeusExMachina","EmptyBody","EmptyMind+1","BattleHymn","FlurryOfBlows","FlyingSleeves","Scrawl+1","ForeignInfluence","Replay:AtTheReady+1","Establishment+1","FearNoEvil","BattleHymn","Ragnarok","Master of Strategy","Replay:ManipulateFuture","DeceiveReality+1","Pray+1","WindmillStrike","Pray+1"],"relics":["PureWater","CultistMask","Replay:Wax Seal","Lantern","ReplayTheSpireMod:TigerMarble","Unceasing Top","Replay:Bandana","Replay:Grab Bag","Cursed Key","SlaversCollar","SacredBark","Enchiridion","Replay:PocketPolymizer","Replay:Towering Pillar of Hats","VioletLotus","Bird Faced Urn","Gambling Chip","Orichalcum"],"acts_visited":["Exordium","TheCity","TheBeyond"],"potions_floor_usage":[21,27,29,31,31,33,40,43,43,51],"damage_taken":[{"damage":6,"enemies":"Small Slimes","floor":1,"turns":3},{"damage":1,"enemies":"Cultist","floor":2,"turns":3},{"damage":11,"enemies":"Jaw Worm","floor":4,"turns":3},{"damage":0,"enemies":"Large Slime","floor":5,"turns":4},{"damage":1,"enemies":"3 Sentries","floor":7,"turns":5},{"damage":26,"enemies":"Lagavulin","floor":13,"turns":5},{"damage":8,"enemies":"Gremlin Nob","floor":14,"turns":4},{"damage":1,"enemies":"Replay:BlueRogue","floor":16,"turns":5},{"damage":0,"enemies":"Slime Boss","floor":18,"turns":4},{"damage":0,"enemies":"Chosen","floor":20,"turns":4},{"damage":22,"enemies":"Shell Parasite","floor":21,"turns":4},{"damage":28,"enemies":"Shelled Parasite and Fungi","floor":23,"turns":6},{"damage":12,"enemies":"Sentry and Sphere","floor":27,"turns":5},{"damage":27,"enemies":"Book of Stabbing","floor":29,"turns":5},{"damage":3,"enemies":"Gremlin Leader","floor":31,"turns":2},{"damage":0,"enemies":"Snecko","floor":33,"turns":2},{"damage":20,"enemies":"Automaton","floor":35,"turns":7},{"damage":21,"enemies":"3 Shapes","floor":37,"turns":3},{"damage":0,"enemies":"Mind Bloom Boss Battle","floor":39,"turns":5},{"damage":30,"enemies":"3 Darklings","floor":40,"turns":5},{"damage":9,"enemies":"Spire Growth","floor":41,"turns":3},{"damage":26,"enemies":"Reptomancer","floor":43,"turns":3},{"damage":0,"enemies":"Jaw Worm Horde","floor":50,"turns":3},{"damage":74,"enemies":"Nemesis","floor":51,"turns":5}],"seed_played":"3847129946278347918","potions_obtained":[{"floor":2,"key":"SpeedPotion"},{"floor":5,"key":"FairyPotion"},{"floor":13,"key":"LiquidMemories"},{"floor":14,"key":"Death Potion"},{"floor":27,"key":"EntropicBrew"},{"floor":31,"key":"BottledMiracle"},{"floor":33,"key":"BottledMiracle"},{"floor":35,"key":"Adrenaline Potion"},{"floor":41,"key":"SmokeBomb"},{"floor":50,"key":"AttackPotion"}],"is_trial":false,"path_per_floor":["M","M","?","M","M","R","E","R","T","$","PTL","PTL","E","?","?","E","R","B",null,"M","M","?","M","?","?","R","M","T","E","?","E","?","M","R","B",null,"M","$","?","M","M","R","E","$","T","PTL","PTL","R","?","M","E"],"character_chosen":"WATCHER","items_purchased":["LessonLearned","WindmillStrike","BattleHymn","Ragnarok","Master of Strategy","Gambling Chip","WindmillStrike"],"campfire_rested":6,"item_purchase_floors":[10,10,38,38,38,44,44],"current_hp_per_floor":[45,44,44,33,33,54,53,53,53,53,53,53,27,19,43,42,63,63,72,72,50,50,22,6,6,27,19,19,43,43,44,44,44,65,45,72,51,51,51,27,28,49,31,31,31,31,31,52,52,58,0,0],"gold":73,"neow_bonus":"THREE_RARE_CARDS","is_daily":false,"chose_seed":false,"campfire_upgraded":1,"win_rate":0.0,"timestamp":1614100796,"path_taken":["M","M","?","M","?","R","E","R","T","$","PTL","PTL","E","?","?","E","R","BOSS","M","M","?","M","?","?","R","M","T","E","?","E","?","M","R","BOSS","M","$","?","M","M","R","E","$","T","PTL","PTL","R","?","M","E"],"items_purchased_type":["Card","Card","Card","Card","Card","Relic","Card"],"build_version":"2020-12-22","purchased_purges":1,"victory":false,"max_hp_per_floor":[72,72,72,72,72,72,72,72,72,72,72,72,72,72,72,72,72,72,72,72,72,72,72,72,72,72,72,72,72,72,72,72,72,72,72,72,72,72,72,72,72,72,72,72,72,72,72,72,72,72,72,72],"card_choices":[{"not_picked":["Alpha","ConjureBlade"],"picked":"Replay:LoomingThreat","floor":0},{"not_picked":["Protect","Replay:Anticipation"],"picked":"Replay:Hum","floor":1},{"not_picked":["Replay:BluntJabs","SashWhip"],"picked":"Vengeance","floor":2},{"not_picked":["WheelKick","Crescendo"],"picked":"Consecrate","floor":4},{"not_picked":["ThirdEye","PathToVictory"],"picked":"ClearTheMind","floor":5},{"not_picked":["Crescendo","Consecrate"],"picked":"Replay:BluntJabs","floor":7},{"not_picked":["EmptyMind","JustLucky"],"picked":"Vault","floor":13},{"not_picked":["ReachHeaven","Evaluate"],"picked":"Replay:BluntJabs","floor":14},{"not_picked":["Swivel","Halt"],"picked":"Crescendo","floor":16},{"not_picked":["LessonLearned","DevaForm"],"picked":"DeusExMachina","floor":18},{"not_picked":["WaveOfTheHand","Replay:DivineShield+1"],"picked":"EmptyBody","floor":20},{"not_picked":["ClearTheMind","Wallop"],"picked":"EmptyMind+1","floor":21},{"not_picked":["WindmillStrike","JustLucky"],"picked":"FlurryOfBlows","floor":23},{"not_picked":["PathToVictory+1","ClearTheMind"],"picked":"FlyingSleeves","floor":27},{"not_picked":["ClearTheMind","Perseverance+1"],"picked":"Scrawl","floor":29},{"not_picked":["WheelKick","EmptyBody"],"picked":"ForeignInfluence","floor":31},{"not_picked":["Weave","JustLucky"],"picked":"Replay:AtTheReady+1","floor":33},{"not_picked":["Blasphemy","DevaForm"],"picked":"Establishment","floor":35},{"not_picked":["Evaluate+1","Replay:BluntJabs"],"picked":"FearNoEvil","floor":37},{"not_picked":["Replay:BluntJabs+1","Replay:AtTheReady"],"picked":"Replay:ManipulateFuture","floor":39},{"not_picked":["Replay:DivineShield","BowlingBash+1"],"picked":"DeceiveReality+1","floor":40},{"not_picked":["BattleHymn+1","Crescendo"],"picked":"Pray+1","floor":41},{"not_picked":["FlurryOfBlows+1","EmptyFist"],"picked":"Pray+1","floor":50}],"player_experience":86041,"relics_obtained":[{"floor":7,"key":"Replay:Wax Seal"},{"floor":9,"key":"Lantern"},{"floor":13,"key":"ReplayTheSpireMod:TigerMarble"},{"floor":16,"key":"Replay:Bandana"},{"floor":24,"key":"Enchiridion"},{"floor":29,"key":"Replay:PocketPolymizer"},{"floor":31,"key":"Replay:Towering Pillar of Hats"},{"floor":39,"key":"Bird Faced Urn"},{"floor":45,"key":"Orichalcum"}],"event_choices":[{"damage_healed":0,"gold_gain":0,"player_choice":"Trade","damage_taken":0,"relics_obtained":["CultistMask"],"max_hp_gain":0,"max_hp_loss":0,"event_name":"FaceTrader","floor":3,"gold_loss":0},{"damage_healed":0,"gold_gain":0,"player_choice":"Searched \u00272\u0027 times","damage_taken":0,"relics_obtained":["Unceasing Top"],"max_hp_gain":0,"max_hp_loss":0,"event_name":"Dead Adventurer","floor":14,"gold_loss":0},{"damage_healed":24,"gold_gain":0,"player_choice":"Banana","damage_taken":0,"max_hp_gain":0,"max_hp_loss":0,"event_name":"Big Fish","floor":15,"gold_loss":0},{"damage_healed":0,"gold_gain":0,"player_choice":"Read","damage_taken":0,"max_hp_gain":0,"max_hp_loss":0,"event_name":"The Library","floor":22,"gold_loss":0,"cards_obtained":["BattleHymn"]},{"damage_healed":0,"gold_gain":0,"player_choice":"Obtained Book","damage_taken":16,"max_hp_gain":0,"max_hp_loss":0,"event_name":"Cursed Tome","floor":24,"gold_loss":0},{"damage_healed":0,"gold_gain":0,"player_choice":"Ignored","damage_taken":0,"max_hp_gain":0,"max_hp_loss":0,"event_name":"Beggar","floor":25,"gold_loss":0},{"damage_healed":0,"gold_gain":0,"player_choice":"Ignored","damage_taken":0,"max_hp_gain":0,"max_hp_loss":0,"event_name":"Vampires","floor":32,"gold_loss":0},{"damage_healed":0,"gold_gain":0,"player_choice":"Fight","damage_taken":0,"max_hp_gain":0,"max_hp_loss":0,"event_name":"MindBloom","floor":39,"gold_loss":0},{"cards_removed":["Strike_P"],"damage_healed":0,"gold_gain":0,"player_choice":"Removed Attack","damage_taken":0,"max_hp_gain":0,"max_hp_loss":0,"event_name":"Falling","floor":49,"gold_loss":0}],"is_beta":false,"boss_relics":[{"not_picked":["Replay:Drink Me","Honey Jar"],"picked":"Replay:Grab Bag"},{"not_picked":["Runic Dome","Velvet Choker"],"picked":"Cursed Key"},{"not_picked":["Coffee Dripper","Philosopher\u0027s Stone"],"picked":"SlaversCollar"},{"not_picked":["Kintsugi","Tiny House"],"picked":"SacredBark"},{"not_picked":["Replay:Wanted Poster","Replay:Ancient Bell"],"picked":"VioletLotus"}],"items_purged_floors":[38],"is_endless":false,"potions_floor_spawned":[2,5,13,14,27,31,33,35,41,43,50],"killed_by":"Nemesis","ascension_level":1}}