{"host":"fr1l74x1jw61j7hk","time":1614055758,"event":{"mods":["BaseMod","Downfall","Minty Spire (QoL Compilation)","StSLib"],"gold_per_floor":[99,99,112,262,275,275,275,175,85,98,117,117,292,313,331,331,331,331],"floor_reached":16,"language":"ZHS","playtime":581,"items_purged":["downfall:Icky"],"score":115,"play_id":"aa100513-9f3a-4369-a819-c0da386e056b","local_time":"20210223124918","is_ascension_mode":false,"campfire_choices":[{"data":"Guardian:TwinSlam","floor":1.0,"key":"SMITH"},{"data":"Guardian:PrimingBeam","floor":8,"key":"SMITH"},{"floor":12,"key":"RECALL"}],"circlet_count":0,"master_deck":["Guardian:Strike_Guardian","Guardian:Strike_Guardian","Guardian:Strike_Guardian","Guardian:Strike_Guardian","Guardian:Defend_Guardian","Guardian:Defend_Guardian","Guardian:Defend_Guardian","Guardian:CurlUp","Guardian:TwinSlam+1","Guardian:PrimingBeam+1","Guardian:Gem_Red","Guardian:Gem_Synthetic","Doubt","Guardian:CrystalBeam","Guardian:Gem_White"],"relics":["Guardian:ModeShifter","downfall:ShatteredFragment","downfall:HeartBlessingBlue","Odd Mushroom"],"acts_visited":["Exordium"],"potions_floor_usage":[15,16,16],"damage_taken":[{"damage":0,"enemies":"Small Slimes","floor":3,"turns":3},{"damage":0,"enemies":"2 Louse","floor":5,"turns":2},{"damage":10,"enemies":"downfall:FleeingMerchant","floor":9,"turns":4},{"damage":6,"enemies":"Jaw Worm","floor":10,"turns":2},{"damage":5,"enemies":"3 Louse","floor":11,"turns":2},{"damage":18,"enemies":"The Mushroom Lair","floor":14,"turns":4},{"damage":3,"enemies":"Lots of Slimes","floor":15,"turns":3},{"damage":31,"enemies":"DF_ARCHETYPE_STREAMLINE","floor":16,"turns":8}],"seed_played":"-6055890795538168527","potions_obtained":[{"floor":3,"key":"BlessingOfTheForge"},{"floor":10,"key":"Dexterity Potion"},{"floor":15,"key":"DuplicationPotion"}],"is_trial":false,"path_per_floor":["R","?","M","?","M","?","T","R","$","M","M","R","?","?","M","B"],"character_chosen":"GUARDIAN","items_purchased":[],"campfire_rested":0,"item_purchase_floors":[],"current_hp_per_floor":[80,85,85,85,85,61,61,71,61,55,50,50,50,32,29,0,0,0],"gold":331,"neow_bonus":"TRANSFORM_CARD","is_daily":false,"chose_seed":false,"campfire_upgraded":2,"win_rate":0.0,"timestamp":1614055758,"path_taken":["R","?","M","?","M","?","T","R","$","?","M","R","?","?","M","BOSS"],"items_purchased_type":[],"build_version":"2020-12-22","purchased_purges":1,"victory":false,"max_hp_per_floor":[80,85,85,85,85,85,85,95,95,95,95,95,95,95,95,95,95,95],"card_choices":[{"not_picked":["Guardian:PrismaticBeam","Guardian:CrystalBeam"],"picked":"Guardian:Gem_Crimson","floor":3},{"not_picked":["Guardian:ChargeUp","Guardian:Gem_Green"],"picked":"Guardian:PrimingBeam","floor":5},{"not_picked":["Guardian:Recover","Guardian:DonusPower"],"picked":"Guardian:Gem_Red","floor":9},{"not_picked":["Guardian:Suspension","Guardian:Emergency"],"picked":"Guardian:Gem_Red","floor":10},{"not_picked":["Guardian:FloatingOrbs","Guardian:ShieldCharger"],"picked":"Guardian:Gem_Synthetic","floor":11},{"not_picked":["Guardian:Gem_Cyan","Guardian:ShieldCharger"],"picked":"Guardian:CrystalBeam","floor":14},{"not_picked":["Guardian:Recover","Guardian:ChargeCore"],"picked":"Guardian:Gem_White","floor":15}],"player_experience":504527,"relics_obtained":[{"floor":14,"key":"Odd Mushroom"}],"event_choices":[{"damage_healed":0,"gold_gain":0,"player_choice":"Donut","damage_taken":0,"max_hp_gain":5,"max_hp_loss":0,"event_name":"Big Fish","floor":2,"gold_loss":0},{"damage_healed":0,"gold_gain":0,"player_choice":"Fought Mushrooms","damage_taken":0,"max_hp_gain":0,"max_hp_loss":0,"event_name":"Mushrooms","floor":14,"gold_loss":0}],"is_beta":false,"boss_relics":[],"items_purged_floors":[9],"is_endless":false,"potions_floor_spawned":[3,10,15],"killed_by":"DF_ARCHETYPE_STREAMLINE","ascension_level":0}}