{"host":"wwmqne3dwir10erh","time":1614122203,"event":{"mods":["BaseMod","Better Note","Hubris","Mimic Mod","Minty Spire (QoL Compilation)","Replay The Spire","StSLib"],"gold_per_floor":[113,132,144,154,171,171,200,200,234,263,280,280,306,306,306,409,409,423,423,423,193,212,212,246,246,246,274,274,274,313,325,325,420,420,431,431,483,493,493,493,513,513,546,557,557,1,33,33,33,33],"floor_reached":51,"language":"ENG","playtime":2261,"items_purged":["Strike_G","Strike_G"],"score":765,"play_id":"9ce2a81b-35d8-41b8-9e12-44ce06ed7c19","local_time":"20210223181643","is_ascension_mode":true,"campfire_choices":[{"data":"Noxious Fumes","floor":6.0,"key":"SMITH"},{"floor":8.0,"key":"REST"},{"floor":15.0,"key":"REST"},{"data":"Replay:Parry","floor":23.0,"key":"SMITH"},{"floor":25.0,"key":"REST"},{"data":"Accuracy","floor":28.0,"key":"SMITH"},{"data":"Finisher","floor":32.0,"key":"SMITH"},{"floor":40.0,"key":"REST"},{"floor":42.0,"key":"REST"},{"data":"After Image","floor":45.0,"key":"SMITH"},{"data":"Blade Dance","floor":49.0,"key":"SMITH"}],"circlet_count":1,"master_deck":["Strike_G","Defend_G","Defend_G","Defend_G","Defend_G","Defend_G","Survivor","Neutralize","Noxious Fumes+1","Blade Dance","Poisoned Stab","Finisher+1","Masterful Stab","Accuracy+1","Terror","All Out Attack","After Image+1","Bane","Venomology+1","Neutralize","Replay:Parry+1","Venomology+1","Blade Dance+1","Poisoned Stab","Dagger Spray","Venomology","After Image+1","ReplayTheSpireMod:Speed Training+1","Accuracy","Choke+1","Deadly Poison","Blade Dance+1"],"relics":["hubris:Backtick","Shuriken","Replay:Accelerometer","Vajra","HornCleat","hubris:BundleOfHerbs","Philosopher\u0027s Stone","Guide Book","The Courier","Snack Pack","Snake Skull","Onion Ring","Black Star","Lizard Tail","InkBottle","Anchor","hubris:MedicalManual","ClockworkSouvenir","Gremlin Food","Circlet"],"acts_visited":["Exordium","TheCity","TheBeyond"],"potions_floor_usage":[50,50,50],"damage_taken":[{"damage":1.0,"enemies":"Jaw Worm","floor":1.0,"turns":5.0},{"damage":9.0,"enemies":"Cultist","floor":2.0,"turns":5.0},{"damage":0.0,"enemies":"Small Slimes","floor":3.0,"turns":3.0},{"damage":6.0,"enemies":"3 Louse","floor":4.0,"turns":3.0},{"damage":5.0,"enemies":"Looter","floor":5.0,"turns":3.0},{"damage":21.0,"enemies":"3 Sentries","floor":7.0,"turns":8.0},{"damage":4.0,"enemies":"2 Fungi Beasts","floor":9.0,"turns":3.0},{"damage":3.0,"enemies":"Gremlin Nob","floor":10.0,"turns":3.0},{"damage":1.0,"enemies":"2 Fungi Beasts","floor":11.0,"turns":3.0},{"damage":4.0,"enemies":"3 Sentries","floor":13.0,"turns":5.0},{"damage":3.0,"enemies":"Fading Forest","floor":16.0,"turns":11.0},{"damage":13.0,"enemies":"2 Thieves","floor":18.0,"turns":4.0},{"damage":0.0,"enemies":"Spheric Guardian","floor":22.0,"turns":3.0},{"damage":16.0,"enemies":"Replay:Snechameleon","floor":24.0,"turns":6.0},{"damage":17.0,"enemies":"Gremlin Leader","floor":27.0,"turns":6.0},{"damage":0.0,"enemies":"Snake Plant","floor":30.0,"turns":4.0},{"damage":17.0,"enemies":"Snake Plant","floor":31.0,"turns":2.0},{"damage":13.0,"enemies":"Pondfish","floor":33.0,"turns":4.0},{"damage":19.0,"enemies":"3 Darklings","floor":35.0,"turns":3.0},{"damage":51.0,"enemies":"2 Orb Walkers","floor":37.0,"turns":6.0},{"damage":8.0,"enemies":"Orb Walker","floor":38.0,"turns":4.0},{"damage":6.0,"enemies":"Spire Growth","floor":41.0,"turns":4.0},{"damage":0.0,"enemies":"Sphere and 2 Shapes","floor":43.0,"turns":7.0},{"damage":2.0,"enemies":"Sphere and 2 Shapes","floor":44.0,"turns":7.0},{"damage":23.0,"enemies":"R_Hoarder","floor":47.0,"turns":7.0},{"damage":48,"enemies":"Replay:Hell Engine","floor":50,"turns":9}],"seed_played":"-986231722834858896","potions_obtained":[{"floor":1.0,"key":"Energy Potion"},{"floor":2.0,"key":"ColorlessPotion"},{"floor":10.0,"key":"Block Potion"},{"floor":13.0,"key":"Energy Potion"},{"floor":19.0,"key":"DuplicationPotion"},{"floor":27.0,"key":"Fire Potion"},{"floor":31.0,"key":"PowerPotion"},{"floor":33.0,"key":"SkillPotion"},{"floor":38.0,"key":"Block Potion"},{"floor":41.0,"key":"Toxic Potion"},{"floor":47.0,"key":"Fire Potion"}],"is_trial":false,"path_per_floor":["M","M","M","M","M","R","E","R","MIM","E","M","?","E","?","R","B",null,"M","?","?","$","M","R","E","R","T","E","R","?","MIM","M","R","B",null,"M","?","?","M","?","R","M","R","MIM","M","R","$","E","$","R","B",null],"character_chosen":"THE_SILENT","items_purchased":["Guide Book","Anchor","hubris:MedicalManual","ClockworkSouvenir"],"campfire_rested":5,"item_purchase_floors":[21,46,46,46],"current_hp_per_floor":[69,60,60,54,49,49,28,49,45,42,41,41,37,37,58,65,70,57,57,57,57,57,57,41,62,62,57,57,57,63,48,48,45,70,53,53,10,4,4,25,23,44,50,52,52,52,37,37,37,62],"gold":33,"neow_bonus":"BOSS_RELIC","is_daily":false,"chose_seed":false,"campfire_upgraded":6,"win_rate":0.0,"timestamp":1614122203,"path_taken":["M","M","M","M","M","R","E","R","MIM","E","M","?","E","?","R","BOSS","M","?","?","$","M","R","E","R","T","E","R","?","?","M","R","BOSS","M","?","?","M","?","R","M","R","MIM","M","R","$","E","?","R","BOSS"],"items_purchased_type":["Relic","Relic","Relic","Relic"],"build_version":"2020-12-22","purchased_purges":2,"victory":true,"max_hp_per_floor":[70,70,70,70,70,70,70,70,70,70,70,70,70,70,70,70,70,70,70,70,70,70,70,70,70,70,70,70,70,70,70,70,70,70,70,70,70,70,70,70,70,70,70,70,70,70,70,70,70,70],"card_choices":[{"not_picked":["Toxin Wave","PiercingWail"],"picked":"Noxious Fumes","floor":1.0},{"not_picked":["Dodge and Roll","Slice"],"picked":"Blade Dance","floor":2.0},{"not_picked":["Sucker Punch","Dodge and Roll"],"picked":"Poisoned Stab","floor":3.0},{"not_picked":["Hidden Blade","Acrobatics","Expertise"],"picked":"SKIP","floor":4.0},{"not_picked":["Underhanded Strike","Outmaneuver"],"picked":"Finisher","floor":5.0},{"not_picked":["Predator","Deadly Poison"],"picked":"Masterful Stab","floor":7.0},{"not_picked":["Prepared","Cloak And Dagger"],"picked":"Accuracy","floor":9.0},{"not_picked":["Unload","hubris:SlightOfHand"],"picked":"Terror","floor":10.0},{"not_picked":["Quick Slash","Setup"],"picked":"All Out Attack","floor":11.0},{"not_picked":["Riddle With Holes","All Out Attack"],"picked":"Bane","floor":13.0},{"not_picked":["ReplayTheSpireMod:Necrosis","Wraith Form v2"],"picked":"Venomology","floor":16.0},{"not_picked":["Quick Slash","Underhanded Strike","Acrobatics+1"],"picked":"SKIP","floor":18.0},{"not_picked":["Deflect","Endless Agony+1"],"picked":"Blade Dance","floor":22.0},{"not_picked":["Unload","Endless Agony","Toxin Wave+1"],"picked":"SKIP","floor":24.0},{"not_picked":["Dodge and Roll+1","hubris:SlightOfHand+1"],"picked":"Poisoned Stab","floor":27.0},{"not_picked":["Outmaneuver+1","Underhanded Strike"],"picked":"Dagger Spray","floor":30.0},{"not_picked":["Bane","PiercingWail"],"picked":"Venomology","floor":31.0},{"not_picked":["A Thousand Cuts","Die Die Die"],"picked":"After Image","floor":33.0},{"not_picked":["Reflex+1","Sneak Up+1"],"picked":"ReplayTheSpireMod:Speed Training+1","floor":35.0},{"not_picked":["hubris:Sniper","Toxin Wave","Dagger Throw+1"],"picked":"SKIP","floor":38.0},{"not_picked":["Hidden Blade","Dodge and Roll"],"picked":"Choke+1","floor":41.0},{"not_picked":["Dodge and Roll","Catalyst"],"picked":"Deadly Poison","floor":43.0},{"not_picked":["Underhanded Strike+1","Hidden Blade+1","Heel Hook"],"picked":"SKIP","floor":44.0},{"not_picked":["Dodge and Roll+1","Deflect+1"],"picked":"Blade Dance","floor":47.0}],"player_experience":2136640,"relics_obtained":[{"floor":7.0,"key":"Replay:Accelerometer"},{"floor":9.0,"key":"Vajra"},{"floor":10.0,"key":"HornCleat"},{"floor":13.0,"key":"hubris:BundleOfHerbs"},{"floor":24.0,"key":"The Courier"},{"floor":26.0,"key":"Snack Pack"},{"floor":27.0,"key":"Snake Skull"},{"floor":30.0,"key":"Onion Ring"},{"floor":37.0,"key":"Lizard Tail"},{"floor":43.0,"key":"InkBottle"},{"floor":47.0,"key":"Gremlin Food"},{"floor":47.0,"key":"Dead Branch"}],"event_choices":[{"damage_healed":0.0,"max_hp_gain":0.0,"max_hp_loss":0.0,"gold_gain":0.0,"event_name":"Lab","player_choice":"Got Potions","floor":19.0,"gold_loss":0.0,"damage_taken":0.0},{"damage_healed":0.0,"max_hp_gain":0.0,"max_hp_loss":0.0,"gold_gain":0.0,"event_name":"Match and Keep!","player_choice":"3 cards matched","floor":20.0,"gold_loss":0.0,"damage_taken":0.0,"cards_obtained":["Neutralize","Replay:Parry","Venomology"]},{"damage_healed":0.0,"max_hp_gain":0.0,"max_hp_loss":0.0,"gold_gain":0.0,"event_name":"Upgrade Shrine","player_choice":"Upgraded","floor":29.0,"gold_loss":0.0,"damage_taken":0.0,"cards_upgraded":["Blade Dance"]},{"damage_healed":0.0,"max_hp_gain":0.0,"max_hp_loss":0.0,"gold_gain":0.0,"event_name":"Tomb of Lord Red Mask","player_choice":"Ignored","floor":36.0,"gold_loss":0.0,"damage_taken":0.0},{"damage_healed":0.0,"max_hp_gain":0.0,"max_hp_loss":0.0,"gold_gain":0.0,"event_name":"Mysterious Sphere","player_choice":"Fight","floor":37.0,"gold_loss":0.0,"damage_taken":0.0}],"is_beta":false,"boss_relics":[{"not_picked":["Sozu","SlaversCollar"],"picked":"Philosopher\u0027s Stone"},{"not_picked":["ChewingGum","Honey Jar"],"picked":"Black Star"}],"items_purged_floors":[21,46],"is_endless":false,"potions_floor_spawned":[1,2,10,13,27,31,33,38,41,44,47],"ascension_level":1}}