{"host":"z37g2hkgkh2zjyzk","time":1614123691,"event":{"mods":["2.2 Compatiblity","AchievementEnabler","BaseMod","Bestiary","Colored Map","Colored Powertips","Curses Come First","Highlight Path","Keyboard Shortcuts","Minty Spire (QoL Compilation)","Relic Stats","StSLib","SuperFastMode"],"gold_per_floor":[109,284,295,13,13,13,40,50,50,50,70,70,70,111,111,230,230,250,268,268,268,268,268,307,332,332,332,345,27,47,47,47],"floor_reached":31,"language":"ENG","playtime":1433,"items_purged":["Doubt","Strike_B"],"score":389,"play_id":"6ba333fa-8e24-4bb4-bef9-d05138b3e9b9","local_time":"20210224004131","is_ascension_mode":true,"campfire_choices":[{"data":"Sunder","floor":6.0,"key":"SMITH"},{"data":"Chill","floor":10.0,"key":"SMITH"},{"floor":13.0,"key":"REST"},{"data":"Beam Cell","floor":15.0,"key":"SMITH"},{"data":"Go for the Eyes","floor":23,"key":"SMITH"},{"floor":27,"key":"REST"}],"circlet_count":0,"master_deck":["Strike_B","Strike_B","Strike_B","Defend_B","Defend_B","Defend_B","Defend_B","Zap","Dualcast","Auto Shields","Beam Cell+1","Glacier","Sunder+1","Streamline","Chill+1","Capacitor","Scrape","Gash","Biased Cognition","Turbo+1","Go for the Eyes+1","Steam Power+1","Hologram+1","All For One","Defragment"],"relics":["Cracked Core","Kunai","Sundial","Tiny Chest","Golden Idol","Toxic Egg 2","Philosopher\u0027s Stone","Bottled Lightning","Boot"],"acts_visited":["Exordium","TheCity"],"potions_floor_usage":[24,30,31,31],"damage_taken":[{"damage":17.0,"enemies":"Small Slimes","floor":1.0,"turns":4.0},{"damage":2.0,"enemies":"2 Louse","floor":3.0,"turns":3.0},{"damage":8.0,"enemies":"Gremlin Nob","floor":7.0,"turns":3.0},{"damage":7.0,"enemies":"Jaw Worm","floor":8.0,"turns":3.0},{"damage":0.0,"enemies":"Looter","floor":11.0,"turns":2.0},{"damage":0.0,"enemies":"3 Sentries","floor":14.0,"turns":6.0},{"damage":2.0,"enemies":"Hexaghost","floor":16.0,"turns":13.0},{"damage":14.0,"enemies":"Spheric Guardian","floor":18.0,"turns":4.0},{"damage":15.0,"enemies":"Shell Parasite","floor":19.0,"turns":5.0},{"damage":48,"enemies":"Book of Stabbing","floor":24,"turns":6},{"damage":4,"enemies":"Snecko","floor":25,"turns":6},{"damage":0,"enemies":"Centurion and Healer","floor":28,"turns":7},{"damage":29,"enemies":"Snake Plant","floor":30,"turns":5},{"damage":6,"enemies":"Shelled Parasite and Fungi","floor":31,"turns":3}],"seed_played":"3162492496138525688","potions_obtained":[{"floor":1.0,"key":"LiquidBronze"},{"floor":8.0,"key":"Weak Potion"},{"floor":11.0,"key":"SkillPotion"},{"floor":19.0,"key":"Explosive Potion"},{"floor":25,"key":"Dexterity Potion"},{"floor":28,"key":"Dexterity Potion"}],"is_trial":false,"path_per_floor":["M","?","M","$","?","R","E","M","T","R","M","?","R","E","R","B",null,"M","M","?","?","T","R","E","M","T","R","M","$","M","M"],"character_chosen":"DEFECT","items_purchased":["Glacier","Sunder","Streamline","All For One","Defragment"],"campfire_rested":2,"item_purchase_floors":[4,4,4,29,29],"current_hp_per_floor":[58,58,56,56,44,44,36,29,29,29,29,29,51,51,51,49,69,55,40,65,65,65,65,17,13,13,35,35,35,6,0,0],"gold":47,"neow_bonus":"TEN_PERCENT_HP_BONUS","is_daily":false,"chose_seed":false,"campfire_upgraded":4,"win_rate":0.0,"timestamp":1614123691,"path_taken":["M","?","M","$","?","R","E","M","T","R","M","?","R","E","R","BOSS","M","M","?","?","?","R","E","M","T","R","M","$","M","M"],"items_purchased_type":["Card","Card","Card","Card","Card"],"build_version":"2020-12-22","purchased_purges":2,"victory":false,"max_hp_per_floor":[82,82,82,82,82,82,82,82,82,82,82,76,76,76,76,76,76,76,76,76,76,76,76,76,76,76,76,76,76,76,76,76],"relic_stats":{"counters":[14,70],"Sundial":[6],"Golden Idol":60,"Tiny Chest":1,"Kunai":[16],"Boot":[19],"obtain_stats":[{"Sundial":7,"Golden Idol":12,"Tiny Chest":9,"Philosopher\u0027s Stone":17,"Kunai":5,"Bottled Lightning":24,"Toxic Egg 2":14,"Cracked Core":0,"Boot":26},{"Sundial":3,"Golden Idol":5,"Tiny Chest":4,"Philosopher\u0027s Stone":7,"Kunai":2,"Bottled Lightning":10,"Toxic Egg 2":6,"Cracked Core":0,"Boot":11},{"Sundial":10,"Golden Idol":15,"Tiny Chest":13,"Philosopher\u0027s Stone":34,"Kunai":7,"Bottled Lightning":49,"Toxic Egg 2":21,"Cracked Core":0,"Boot":55}]},"card_choices":[{"not_picked":["Rip and Tear","Blizzard"],"picked":"Auto Shields","floor":1.0},{"not_picked":["Double Energy","Stack"],"picked":"Beam Cell","floor":3.0},{"not_picked":["Ball Lightning","Double Energy"],"picked":"Chill","floor":7.0},{"not_picked":["Core Surge","Chill"],"picked":"Capacitor","floor":8.0},{"not_picked":["Streamline","Blizzard"],"picked":"Scrape","floor":11.0},{"not_picked":["Barrage","Hologram+1"],"picked":"Gash","floor":14.0},{"not_picked":["Fission+1","Thunder Strike"],"picked":"Biased Cognition","floor":16.0},{"not_picked":["Undo+1","Steam+1"],"picked":"Turbo+1","floor":18.0},{"not_picked":["Consume+1","Cold Snap"],"picked":"Go for the Eyes","floor":19.0},{"not_picked":["Consume+1","Reprogram+1","Static Discharge"],"picked":"SKIP","floor":24},{"not_picked":["Redo+1","Leap+1"],"picked":"Steam Power+1","floor":25},{"not_picked":["Sweeping Beam+1","Hello World"],"picked":"Hologram+1","floor":28},{"not_picked":["Barrage","Beam Cell","Streamline+1"],"picked":"SKIP","floor":30}],"player_experience":237585,"relics_obtained":[{"floor":7.0,"key":"Sundial"},{"floor":9.0,"key":"Tiny Chest"},{"floor":14.0,"key":"Toxic Egg 2"},{"floor":24,"key":"Bottled Lightning"},{"floor":26,"key":"Boot"}],"event_choices":[{"damage_healed":0.0,"max_hp_gain":0.0,"max_hp_loss":0.0,"gold_gain":175.0,"event_name":"Liars Game","player_choice":"AGREE","floor":2.0,"gold_loss":0.0,"damage_taken":0.0,"cards_obtained":["Doubt"]},{"damage_healed":0.0,"max_hp_gain":0.0,"max_hp_loss":0.0,"gold_gain":0.0,"event_name":"Scrap Ooze","player_choice":"Success","floor":5.0,"gold_loss":0.0,"damage_taken":12.0,"relics_obtained":["Kunai"]},{"damage_healed":0.0,"max_hp_gain":0.0,"max_hp_loss":6.0,"gold_gain":0.0,"event_name":"Golden Idol","player_choice":"Lose Max HP","floor":12.0,"gold_loss":0.0,"damage_taken":0.0,"relics_obtained":["Golden Idol"]},{"damage_healed":25.0,"max_hp_gain":0.0,"max_hp_loss":0.0,"gold_gain":0.0,"event_name":"The Library","player_choice":"Heal","floor":20.0,"gold_loss":0.0,"damage_taken":0.0},{"damage_healed":0,"gold_gain":0,"player_choice":"Ignored","damage_taken":0,"max_hp_gain":0,"max_hp_loss":0,"event_name":"Vampires","floor":21,"gold_loss":0}],"is_beta":false,"boss_relics":[{"not_picked":["Cursed Key","Velvet Choker"],"picked":"Philosopher\u0027s Stone"}],"items_purged_floors":[4,29],"is_endless":false,"potions_floor_spawned":[1,8,11,19,25,28],"killed_by":"Shelled Parasite and Fungi","ascension_level":7}}