{"host":"5ksdyw07v7d4yepu","time":1614055469,"event":{"mods":["BaseMod","Block Reminder","Colored Map","Colored Powertips","Highlight Path","Minty Spire (QoL Compilation)","Relic Stats","StSLib"],"gold_per_floor":[113,131,131,149,20,47,47,77,101,111,152,161,161,182,182,287,314,338,362,407,62,72,72,104,104,150,188,197,306,348,86,86,193,193,215,240,140,0,53,97,97,124,206,215,253,264,264,14,14,14],"floor_reached":51,"language":"ENG","playtime":4634,"items_purged":["Regret","BattleHymn+1"],"score":1411,"play_id":"6ca3d8cd-6e2c-491b-8f1a-579fd32de351","local_time":"20210222234429","is_ascension_mode":true,"campfire_choices":[{"data":"Eruption","floor":7,"key":"SMITH"},{"data":"ThirdEye","floor":13,"key":"SMITH"},{"floor":15,"key":"REST"},{"data":"ClearTheMind","floor":23,"key":"SMITH"},{"data":"Weave","floor":25,"key":"SMITH"},{"data":"Ragnarok","floor":32,"key":"SMITH"},{"data":"1","floor":41,"key":"LIFT"},{"data":"2","floor":47,"key":"LIFT"},{"data":"3","floor":49,"key":"LIFT"}],"circlet_count":0,"master_deck":["Strike_P","Defend_P","Defend_P","Eruption+1","Vigilance","Halt","JustLucky+1","Weave+1","CutThroughFate","WheelKick","EmptyBody","ThirdEye+1","CarveReality","Consecrate+1","Brilliance","MentalFortress+1","Crescendo+1","ClearTheMind+1","FlurryOfBlows+1","Ghostly","Ghostly","Ghostly","Ghostly","Ghostly","CutThroughFate","Prostrate","Indignation","Ragnarok+1","FearNoEvil","JustLucky","EmptyMind","Scrawl","Wireheading","Pray+1","TalkToTheHand","CutThroughFate+1","BattleHymn","Meditate+1","Devotion","Prostrate"],"relics":["SlaversCollar","Orichalcum","Oddly Smooth Stone","Letter Opener","Lantern","CeramicFish","Astrolabe","Mango","Ginger","Pen Nib","Shovel","GoldenEye","Mercury Hourglass","Bronze Scales","Melange","Coffee Dripper","Red Mask","Girya","MealTicket","Kunai","Anchor","Whetstone"],"acts_visited":["Exordium","TheCity","TheBeyond"],"potions_floor_usage":[8,24,27,29,50],"damage_taken":[{"damage":0,"enemies":"Small Slimes","floor":1,"turns":3},{"damage":10,"enemies":"Cultist","floor":2,"turns":4},{"damage":3,"enemies":"Jaw Worm","floor":4,"turns":4},{"damage":18,"enemies":"3 Sentries","floor":6,"turns":7},{"damage":4,"enemies":"Gremlin Nob","floor":8,"turns":3},{"damage":7,"enemies":"Blue Slaver","floor":10,"turns":3},{"damage":0,"enemies":"3 Sentries","floor":11,"turns":4},{"damage":0,"enemies":"Exordium Wildlife","floor":14,"turns":3},{"damage":0,"enemies":"Slime Boss","floor":16,"turns":3},{"damage":4,"enemies":"Chosen","floor":18,"turns":3},{"damage":9,"enemies":"2 Thieves","floor":19,"turns":5},{"damage":0,"enemies":"Centurion and Healer","floor":22,"turns":5},{"damage":6,"enemies":"Book of Stabbing","floor":24,"turns":4},{"damage":0,"enemies":"Slavers","floor":27,"turns":3},{"damage":0,"enemies":"Colosseum Slavers","floor":29,"turns":3},{"damage":1,"enemies":"Colosseum Nobs","floor":29,"turns":4},{"damage":0,"enemies":"Book of Stabbing","floor":30,"turns":3},{"damage":0,"enemies":"Collector","floor":33,"turns":5},{"damage":0,"enemies":"3 Darklings","floor":35,"turns":2},{"damage":2,"enemies":"Orb Walker","floor":36,"turns":3},{"damage":6,"enemies":"2 Orb Walkers","floor":39,"turns":2},{"damage":0,"enemies":"Reptomancer","floor":40,"turns":3},{"damage":0,"enemies":"Spire Growth","floor":42,"turns":4},{"damage":0,"enemies":"Nemesis","floor":45,"turns":4},{"damage":8,"enemies":"Sphere and 2 Shapes","floor":46,"turns":6},{"damage":6,"enemies":"Time Eater","floor":50,"turns":5}],"seed_played":"5872475383804110562","potions_obtained":[{"floor":2,"key":"BottledMiracle"},{"floor":4,"key":"DistilledChaos"},{"floor":10,"key":"Dexterity Potion"},{"floor":14,"key":"SpeedPotion"},{"floor":24,"key":"Fruit Juice"},{"floor":27,"key":"SkillPotion"},{"floor":29,"key":"DistilledChaos"},{"floor":36,"key":"Dexterity Potion"}],"is_trial":false,"path_per_floor":["M","M","?","M","$","E","R","E","T","M","E","?","R","M","R","B",null,"M","M","?","$","M","R","E","R","T","E","?","?","E","$","R","B",null,"M","M","$","?","?","E","R","M","T","?","E","M","R","$","R","B",null],"character_chosen":"WATCHER","items_purchased":["CutThroughFate","Mango","CutThroughFate","Melange","JustLucky","EmptyMind","Devotion","Whetstone","Prostrate"],"campfire_rested":1,"item_purchase_floors":[5,21,21,31,31,31,48,48,48],"current_hp_per_floor":[65,55,55,52,52,34,34,30,30,23,23,23,23,23,44,44,65,61,52,36,50,50,50,49,49,49,49,49,48,48,48,48,48,53,53,51,51,51,45,45,45,45,45,45,45,37,37,52,52,46],"gold":14,"neow_bonus":"BOSS_RELIC","is_daily":false,"chose_seed":false,"campfire_upgraded":5,"win_rate":0.0,"timestamp":1614055469,"path_taken":["M","M","?","M","$","E","R","E","T","M","E","?","R","M","R","BOSS","M","M","?","$","M","R","E","R","T","E","?","?","E","?","R","BOSS","M","M","$","?","?","E","R","M","T","?","E","?","R","?","R","BOSS"],"items_purchased_type":["Card","Relic","Card","Relic","Card","Card","Card","Relic","Card"],"build_version":"2020-12-22","purchased_purges":2,"victory":true,"max_hp_per_floor":[72,72,72,72,72,72,72,72,72,72,72,72,72,72,72,72,72,72,72,36,50,50,50,55,55,55,55,55,55,55,55,55,55,55,55,55,55,55,55,55,55,55,55,55,55,55,55,55,55,55],"relic_stats":{"counters":[26,98],"CeramicFish":270,"Astrolabe":["MentalFortress","Crescendo","BattleHymn"],"Melange":[6],"Pen Nib":[13],"Letter Opener":[121],"Ginger":[3],"Whetstone":["JustLucky","Consecrate"],"Orichalcum":[90],"GoldenEye":[68],"Mercury Hourglass":[167],"Shovel":0,"Bronze Scales":[85],"MealTicket":15,"Kunai":[10],"obtain_stats":[{"Girya":39,"Lantern":9,"CeramicFish":11,"Astrolabe":17,"Oddly Smooth Stone":6,"Melange":31,"Mango":21,"Pen Nib":26,"Letter Opener":8,"Ginger":24,"Whetstone":48,"Orichalcum":3,"GoldenEye":29,"Mercury Hourglass":29,"SlaversCollar":0,"Anchor":45,"Shovel":27,"Bronze Scales":30,"MealTicket":40,"Coffee Dripper":34,"Red Mask":38,"Kunai":43,"PureWater":0},{"Girya":21,"Lantern":5,"CeramicFish":7,"Astrolabe":9,"Oddly Smooth Stone":4,"Melange":17,"Mango":11,"Pen Nib":13,"Letter Opener":5,"Ginger":13,"Whetstone":25,"Orichalcum":2,"GoldenEye":16,"Mercury Hourglass":16,"SlaversCollar":0,"Anchor":24,"Shovel":14,"Bronze Scales":17,"MealTicket":22,"Coffee Dripper":18,"Red Mask":20,"Kunai":23,"PureWater":0},{"Girya":76,"Lantern":21,"CeramicFish":28,"Astrolabe":34,"Oddly Smooth Stone":18,"Melange":64,"Mango":42,"Pen Nib":51,"Letter Opener":21,"Ginger":51,"Whetstone":93,"Orichalcum":7,"GoldenEye":61,"Mercury Hourglass":61,"SlaversCollar":0,"Anchor":87,"Shovel":54,"Bronze Scales":64,"MealTicket":79,"Coffee Dripper":69,"Red Mask":74,"Kunai":83,"PureWater":0}]},"card_choices":[{"not_picked":["FlyingSleeves","ForeignInfluence"],"picked":"Halt","floor":1},{"not_picked":["Weave","BowlingBash"],"picked":"JustLucky","floor":2},{"not_picked":["BowlingBash","CrushJoints"],"picked":"Weave","floor":4},{"not_picked":["JustLucky","FollowUp","ReachHeaven"],"picked":"SKIP","floor":6},{"not_picked":["ConjureBlade","Halt"],"picked":"WheelKick","floor":8},{"not_picked":["Collect","MentalFortress"],"picked":"EmptyBody","floor":10},{"not_picked":["CrushJoints","Wallop"],"picked":"ThirdEye","floor":11},{"not_picked":["WreathOfFlame","PathToVictory"],"picked":"Consecrate","floor":14},{"not_picked":["DeusExMachina","Ragnarok"],"picked":"Brilliance","floor":16},{"not_picked":["Protect","Weave"],"picked":"ClearTheMind","floor":18},{"not_picked":["InnerPeace+1","PathToVictory+1"],"picked":"FlurryOfBlows+1","floor":19},{"not_picked":["ForeignInfluence","PathToVictory","WindmillStrike"],"picked":"SKIP","floor":22},{"not_picked":["Halt","Study+1","FlyingSleeves"],"picked":"SKIP","floor":24},{"not_picked":["JustLucky","BowlingBash"],"picked":"Prostrate","floor":27},{"not_picked":["ClearTheMind+1","SandsOfTime"],"picked":"Ragnarok","floor":29},{"not_picked":["Judgement","FlurryOfBlows"],"picked":"FearNoEvil","floor":30},{"not_picked":["ConjureBlade","Judgement"],"picked":"Scrawl","floor":33},{"not_picked":["WreathOfFlame","PathToVictory"],"picked":"Wireheading","floor":35},{"not_picked":["Consecrate","FollowUp"],"picked":"Pray+1","floor":36},{"not_picked":["EmptyBody+1","Crescendo"],"picked":"TalkToTheHand","floor":40},{"not_picked":["BattleHymn+1","Tantrum"],"picked":"CutThroughFate+1","floor":42},{"not_picked":["Pray+1","DevaForm"],"picked":"Meditate+1","floor":45},{"not_picked":["FearNoEvil","CutThroughFate","FlurryOfBlows+1"],"picked":"SKIP","floor":46}],"player_experience":594724,"relics_obtained":[{"floor":6,"key":"Oddly Smooth Stone"},{"floor":8,"key":"Letter Opener"},{"floor":9,"key":"Lantern"},{"floor":11,"key":"CeramicFish"},{"floor":24,"key":"Ginger"},{"floor":26,"key":"Pen Nib"},{"floor":27,"key":"Shovel"},{"floor":29,"key":"GoldenEye"},{"floor":29,"key":"Mercury Hourglass"},{"floor":30,"key":"Bronze Scales"},{"floor":39,"key":"Girya"},{"floor":40,"key":"MealTicket"},{"floor":43,"key":"Kunai"},{"floor":45,"key":"Anchor"}],"event_choices":[{"damage_healed":0,"gold_gain":0,"player_choice":"Box","damage_taken":0,"relics_obtained":["Orichalcum"],"max_hp_gain":0,"max_hp_loss":0,"event_name":"Big Fish","floor":3,"gold_loss":0,"cards_obtained":["Regret"]},{"damage_healed":0,"gold_gain":0,"cards_transformed":["Strike_P"],"player_choice":"Transformed","damage_taken":0,"max_hp_gain":0,"max_hp_loss":0,"event_name":"Transmorgrifier","floor":12,"gold_loss":0,"cards_obtained":["CarveReality"]},{"damage_healed":0,"gold_gain":0,"player_choice":"Became a Ghost","damage_taken":0,"max_hp_gain":0,"max_hp_loss":36,"event_name":"Ghosts","floor":20,"gold_loss":0,"cards_obtained":["Ghostly","Ghostly","Ghostly","Ghostly","Ghostly"]},{"damage_healed":0,"gold_gain":0,"player_choice":"Read","damage_taken":0,"max_hp_gain":0,"max_hp_loss":0,"event_name":"The Library","floor":28,"gold_loss":0,"cards_obtained":["Indignation"]},{"damage_healed":0,"gold_gain":0,"player_choice":"Fight","damage_taken":0,"max_hp_gain":0,"max_hp_loss":0,"event_name":"Colosseum","floor":29,"gold_loss":0},{"damage_healed":0,"gold_gain":0,"player_choice":"Fought Nobs","damage_taken":0,"max_hp_gain":0,"max_hp_loss":0,"event_name":"Colosseum","floor":29,"gold_loss":0},{"damage_healed":0,"gold_gain":0,"player_choice":"Paid","damage_taken":0,"relics_obtained":["Red Mask"],"max_hp_gain":0,"max_hp_loss":0,"event_name":"Tomb of Lord Red Mask","floor":38,"gold_loss":140},{"damage_healed":0,"gold_gain":0,"player_choice":"Fight","damage_taken":0,"max_hp_gain":0,"max_hp_loss":0,"event_name":"Mysterious Sphere","floor":39,"gold_loss":0},{"damage_healed":0,"gold_gain":0,"cards_transformed":["Strike_P"],"player_choice":"Transformed","damage_taken":0,"max_hp_gain":0,"max_hp_loss":0,"event_name":"Transmorgrifier","floor":44,"gold_loss":0,"cards_obtained":["BattleHymn"]}],"is_beta":false,"boss_relics":[{"not_picked":["Pandora\u0027s Box","Snecko Eye"],"picked":"Astrolabe"},{"not_picked":["Empty Cage","Runic Pyramid"],"picked":"Coffee Dripper"}],"items_purged_floors":[5,37],"is_endless":false,"potions_floor_spawned":[2,4,10,14,22,24,27,29,29,36,40],"ascension_level":8}}