{"host":"956g3854xvs16zht","time":1614105751,"event":{"mods":["2.2 Compatiblity","AlwaysNeverKeys","Aspiration","BaseMod","Better Altar","Better Match","Better Skull","Better Third Choice","BetterRewards","Card Forge","Colored Map","Colored Powertips","Custom Start","DeckTracker","Displayed Cursed Tome","Energized Spire","Evolution","Friendly Minions","Infinite Spire","Minty Spire (QoL Compilation)","Permanent Neow","Relic Filter","Relic Sorter","Shop Mod","Spicy Shops","StSLib","TheVelvet"],"gold_per_floor":[113,113,124,224,115,140,154,164,164,198,23,40,57,74,74,171,171,189,242,259,47,47,73,73,73,73],"floor_reached":25,"language":"ENG","playtime":1790,"items_purged":["Burn"],"score":283,"play_id":"3f01785f-f4f5-45cc-a9d8-c465b2a7d6b1","local_time":"20210223134231","is_ascension_mode":false,"campfire_choices":[{"floor":15,"key":"REST"}],"circlet_count":0,"master_deck":["Strike_G+1","Strike_G+1","Strike_G+1","Strike_G+1","Strike_G+1","Defend_G+1","Defend_G+1","Defend_G+1","Defend_G+1","Defend_G+1","Survivor+1","Neutralize+1","infinitespire:UltimateForm+1","Poisoned Stab","Dagger Spray+1","Escape Plan","Deflect","Quick Slash","Well Laid Plans","Prepared","Noxious Fumes","Prepared","Acrobatics","Dagger Throw+1","Endless Agony","Deadly Poison","Poisoned Stab","Infinite Blades","J.A.X.","Dagger Throw"],"relics":["Ring of the Snake","Anvil of the Gods","Hammer of Thor","Seething Fire","EVO:Axolotl","aspiration:Nostalgia","Cracked Core","Oddly Smooth Stone","MerchantsRug","aspiration:BursterCore","aspiration:TomeofQuesting","Snake Skull","Matryoshka","Whetstone","HornCleat"],"acts_visited":["Exordium","TheCity"],"potions_floor_usage":[16],"damage_taken":[{"damage":0,"enemies":"Cultist","floor":1,"turns":2},{"damage":0,"enemies":"2 Louse","floor":3,"turns":2},{"damage":10,"enemies":"3 Sentries","floor":6,"turns":6},{"damage":0,"enemies":"Small Slimes","floor":7,"turns":2},{"damage":0,"enemies":"Blue Slaver","floor":8,"turns":3},{"damage":10,"enemies":"Lagavulin","floor":10,"turns":6},{"damage":0,"enemies":"Looter","floor":12,"turns":2},{"damage":3,"enemies":"Exordium Thugs","floor":13,"turns":4},{"damage":12,"enemies":"Exordium Wildlife","floor":14,"turns":3},{"damage":0,"enemies":"Slime Boss","floor":16,"turns":6},{"damage":0,"enemies":"3 Byrds","floor":18,"turns":4},{"damage":13,"enemies":"Shell Parasite","floor":20,"turns":7},{"damage":55,"enemies":"Slavers","floor":23,"turns":6},{"damage":6,"enemies":"Snecko","floor":25,"turns":3}],"seed_played":"931579302333357938","potions_obtained":[{"floor":1,"key":"Explosive Potion"},{"floor":7,"key":"AttackPotion"},{"floor":10,"key":"SteroidPotion"},{"floor":13,"key":"Energy Potion"},{"floor":18,"key":"Dexterity Potion"}],"is_trial":false,"path_per_floor":["M","?","M","?","$","E","M","M","T","E","$","M","M","M","R","B",null,"M","T","M","$","?","E","T","M"],"character_chosen":"THE_SILENT","items_purchased":["Escape Plan","MerchantsRug","Noxious Fumes","Prepared","Snake Skull","Infinite Blades"],"campfire_rested":1,"item_purchase_floors":[5,11,11,11,21,21],"current_hp_per_floor":[70,70,70,70,70,60,60,60,60,50,50,50,47,35,56,56,70,70,70,57,57,57,2,2,0,0],"gold":73,"neow_bonus":"NOSTALGIA","is_daily":false,"chose_seed":false,"campfire_upgraded":0,"win_rate":0.0,"timestamp":1614105751,"path_taken":["M","?","M","?","$","E","M","M","T","E","$","M","?","M","R","BOSS","M","?","M","$","?","E","?","M"],"items_purchased_type":["Card","Relic","Card","Card","Relic","Card"],"build_version":"2020-12-22","purchased_purges":1,"victory":false,"max_hp_per_floor":[70,70,70,70,70,70,70,70,70,70,70,70,70,70,70,70,70,70,70,70,70,70,70,70,70,70],"card_choices":[{"not_picked":["Heel Hook","Distraction"],"picked":"Poisoned Stab","floor":1},{"not_picked":["Footwork","Underhanded Strike"],"picked":"Dagger Spray","floor":3},{"not_picked":["Leg Sweep","Expertise"],"picked":"Deflect","floor":6},{"not_picked":["Slice","Poisoned Stab"],"picked":"Quick Slash","floor":7},{"not_picked":["Distraction","Underhanded Strike"],"picked":"Well Laid Plans","floor":8},{"not_picked":["Well Laid Plans","Catalyst"],"picked":"Prepared","floor":10},{"not_picked":["Flying Knee","Underhanded Strike"],"picked":"Acrobatics","floor":12},{"not_picked":["Expertise","Underhanded Strike"],"picked":"Dagger Throw","floor":13},{"not_picked":["Expertise","Dagger Throw"],"picked":"Endless Agony","floor":14},{"not_picked":["Underhanded Strike","Dodge and Roll"],"picked":"Deadly Poison","floor":18},{"not_picked":["Choke","Quick Slash+1"],"picked":"Poisoned Stab","floor":20},{"not_picked":["Dodge and Roll","Prepared"],"picked":"Dagger Throw","floor":23}],"player_experience":31033,"relics_obtained":[{"floor":9,"key":"Oddly Smooth Stone"},{"floor":10,"key":"MawBank"},{"floor":19,"key":"aspiration:TomeofQuesting"},{"floor":23,"key":"Matryoshka"},{"floor":24,"key":"Whetstone"},{"floor":24,"key":"HornCleat"}],"event_choices":[{"damage_healed":70,"gold_gain":0,"player_choice":"Embrace Burn","damage_taken":0,"max_hp_gain":0,"max_hp_loss":70,"event_name":"betterThird:BetterShining","floor":2,"gold_loss":0},{"damage_healed":0,"gold_gain":100,"player_choice":"Pray","damage_taken":0,"max_hp_gain":0,"max_hp_loss":0,"event_name":"Golden Shrine","floor":4,"gold_loss":0},{"damage_healed":0,"gold_gain":0,"player_choice":"Obtain J.A.X.","damage_taken":0,"max_hp_gain":0,"max_hp_loss":0,"event_name":"Drug Dealer","floor":22,"gold_loss":0,"cards_obtained":["J.A.X."]}],"is_beta":false,"boss_relics":[{"not_picked":["aspiration:IroncladSkillbook","Cursed Key"],"picked":"aspiration:BursterCore"}],"items_purged_floors":[5],"is_endless":false,"potions_floor_spawned":[1,7,10,13,18],"killed_by":"Snecko","ascension_level":0}}