{"host":"tubmkv2g6v9d0kjw","time":1614080963,"event":{"mods":["2.2 Compatiblity","BaseMod","Conspire","Downfall","Hubris","Minty Spire (QoL Compilation)","Relic Stats","Spire Arcade","StSLib"],"gold_per_floor":[99,110,110,130,230,230,230,264,279,302,302,320,320,63,83,195,195,195,195,195,215,233,233,233,133,148,174,192,92,111,130,158,261,261,261,273,55,73,73,73,73,73,99,111,11,56,56,73,86,86,86,121,32,32,32,32],"floor_reached":57,"language":"ENG","playtime":3886,"items_purged":["hexamod:Defend","hexamod:Strike","hexamod:SixthSeal"],"score":1176,"play_id":"f452ac6f-9f49-4f8c-9075-58c56c28c9f3","local_time":"20210223054923","is_ascension_mode":false,"campfire_choices":[{"data":"hexamod:Float","floor":1,"key":"SMITH"},{"data":"hexamod:GhostOfSpireFuture","floor":6,"key":"SMITH"},{"data":"hexamod:AdvancingGuard","floor":13,"key":"SMITH"},{"floor":18,"key":"RECALL"},{"data":"hexamod:UnlimitedPower","floor":25,"key":"SMITH"},{"data":"hexamod:HexaLevel","floor":29,"key":"SMITH"},{"data":"hexamod:FlameSwitch","floor":35,"key":"SMITH"},{"data":"hexamod:GiftsFromTheDead","floor":40,"key":"SMITH"},{"data":"hexamod:StepThrough","floor":42,"key":"SMITH"},{"data":"hexamod:TimeOfNeed","floor":45,"key":"SMITH"},{"floor":54,"key":"REST"}],"circlet_count":0,"master_deck":["hexamod:Strike+1","hexamod:Strike+1","hexamod:Strike+1","hexamod:Defend+1","hexamod:Defend+1","hexamod:Defend+1","hexamod:Sear+1","hexamod:Float+1","hexamod:AdvancingGuard+1","hexamod:GhostOfSpireFuture+1","hexamod:InspiringFlames+1","hexamod:Float+1","hexamod:StepThrough+1","hexamod:FlameSwitch+1","expansioncontent:DashGenerateEvil+1","hexamod:UnlimitedPower+1","hexamod:GiftsFromTheDead+1","hexamod:EmpoweredFlame+1","hexamod:SpectersWail+1","hexamod:HauntingEcho+1","hexamod:HexaLevel+1","hexamod:InspiringFlames+1","hexamod:TimeOfNeed+1","hexamod:GhostflameInferno+1","hexamod:StepThrough+1"],"relics":["hexamod:SpiritBrand","hubris:CuriousFeather","Potion Belt","Lantern","expansioncontent:StudyCardRelic","hexamod:MatchstickCase","downfall:HeartBlessingRed","Shuriken","downfall:HeartBlessingGreen","Cursed Key","Membership Card","hexamod:TheBrokenSeal","downfall:HeartBlessingBlue","Dead Branch","Kunai"],"acts_visited":["Exordium","TheCity","TheBeyond","TheEnding"],"potions_floor_usage":[27,27,28,30,33,36,43,49,50,50,56,56],"damage_taken":[{"damage":0,"enemies":"Cultist","floor":2,"turns":3},{"damage":1,"enemies":"2 Louse","floor":4,"turns":4},{"damage":35,"enemies":"Gremlin Nob","floor":8,"turns":5},{"damage":4,"enemies":"conspire:RoseBush","floor":9,"turns":4},{"damage":1,"enemies":"Lots of Slimes","floor":12,"turns":6},{"damage":0,"enemies":"downfall:FleeingMerchant","floor":14,"turns":4},{"damage":5,"enemies":"Exordium Wildlife","floor":15,"turns":5},{"damage":32,"enemies":"DF_ARCHETYPE_STREAMLINE","floor":16,"turns":9},{"damage":0,"enemies":"Chosen","floor":19,"turns":1},{"damage":0,"enemies":"conspire:FuzzyDice","floor":21,"turns":5},{"damage":10,"enemies":"Sentry and Sphere","floor":22,"turns":4},{"damage":7,"enemies":"Snake Plant","floor":26,"turns":3},{"damage":2,"enemies":"conspire:Head Lice","floor":27,"turns":4},{"damage":11,"enemies":"conspire:HollyBat","floor":28,"turns":7},{"damage":0,"enemies":"Centurion and Healer","floor":30,"turns":2},{"damage":0,"enemies":"Sentry and Sphere","floor":31,"turns":3},{"damage":4,"enemies":"conspire:HollyBat","floor":32,"turns":6},{"damage":58,"enemies":"SI_MIRROR_ARCHETYPE","floor":33,"turns":11},{"damage":9,"enemies":"3 Shapes","floor":36,"turns":2},{"damage":2,"enemies":"downfall:FleeingMerchant","floor":37,"turns":4},{"damage":0,"enemies":"Orb Walker","floor":38,"turns":3},{"damage":32,"enemies":"4 Shapes","floor":43,"turns":7},{"damage":0,"enemies":"Transient","floor":44,"turns":5},{"damage":23,"enemies":"2 Orb Walkers","floor":46,"turns":4},{"damage":0,"enemies":"Sphere and 2 Shapes","floor":48,"turns":2},{"damage":7,"enemies":"Writhing Mass","floor":49,"turns":3},{"damage":14,"enemies":"IC_BLOCK_ARCHETYPE","floor":50,"turns":6},{"damage":6,"enemies":"downfall:CharBossMerchant","floor":52,"turns":5},{"damage":37,"enemies":"downfall:NeowBoss","floor":55,"turns":10},{"damage":27,"enemies":"downfall:NeowBossFinal","floor":56,"turns":7}],"seed_played":"-5549754543040565765","potions_obtained":[{"floor":15,"key":"FairyPotion"},{"floor":16,"key":"DistilledChaos"},{"floor":16,"key":"PowerPotion"},{"floor":21,"key":"Fire Potion"},{"floor":21,"key":"SteroidPotion"},{"floor":26,"key":"Slimebound:ThreeZeroPotion"},{"floor":27,"key":"Guardian:BlockOnCardUsePotion"},{"floor":27,"key":"SneckoOil"},{"floor":28,"key":"hexamod:InfernoChargePotion"},{"floor":31,"key":"Block Potion"},{"floor":33,"key":"hexamod:EctoCoolerPotion"},{"floor":37,"key":"CultistPotion"},{"floor":39,"key":"Block Potion"},{"floor":39,"key":"Strength Potion"},{"floor":43,"key":"DistilledChaos"},{"floor":46,"key":"Energy Potion"},{"floor":52,"key":"SteroidPotion"}],"is_trial":false,"path_per_floor":["R","M","?","M","?","R","T","E","M","T","?","M","R","$","M","B",null,"R","M","?","M","M","?","T","R","M","E","M","R","M","M","M","B",null,"R","M","$","M","?","R","T","R","M","M","R","?","?","M","M","B",null,"E","$","R","B","B",null],"character_chosen":"THE_SPIRIT","items_purchased":["expansioncontent:DashGenerateEvil","Membership Card","PowerPotion"],"campfire_rested":1,"item_purchase_floors":[14,37,53],"current_hp_per_floor":[70,70,70,69,69,69,69,34,37,37,37,43,43,50,52,27,70,70,70,70,70,67,67,67,67,60,65,61,61,68,70,70,19,70,70,68,66,70,70,70,70,70,76,76,86,63,55,55,48,34,90,84,84,90,53,26],"gold":32,"neow_bonus":"RANDOM_COMMON_RELIC","is_daily":false,"chose_seed":false,"campfire_upgraded":9,"win_rate":0.0,"timestamp":1614080963,"path_taken":["R","M","?","M","?","R","T","E","M","?","?","?","R","?","M","BOSS","R","M","?","M","?","?","T","R","?","E","M","R","M","?","M","BOSS","R","M","$","M","?","R","T","R","M","M","R","?","?","M","M","BOSS","E","$","R","BOSS","BOSS"],"items_purchased_type":["Card","Relic","Potion"],"build_version":"2020-12-22","purchased_purges":3,"victory":true,"max_hp_per_floor":[70,70,70,70,70,70,70,70,70,70,70,70,70,70,70,70,70,70,70,70,70,70,70,70,70,70,70,70,70,70,70,70,70,70,70,70,70,70,70,70,70,70,80,80,90,90,90,90,90,90,90,90,90,90,90,90],"relic_stats":{"counters":[30,144],"Shuriken":[16],"Dead Branch":[97],"Kunai":[5],"Cursed Key":1,"obtain_stats":[{"Potion Belt":8,"Lantern":10,"downfall:HeartBlessingRed":25,"Dead Branch":46,"hexamod:TheBrokenSeal":43,"downfall:HeartBlessingGreen":29,"expansioncontent:StudyCardRelic":17,"Cursed Key":34,"hexamod:MatchstickCase":24,"Centennial Puzzle":0,"downfall:BrokenWingStatue":3,"Shuriken":27,"downfall:HeartBlessingBlue":45,"hubris:CuriousFeather":7,"Membership Card":37,"Kunai":52,"hexamod:SpiritBrand":0},{"Potion Belt":3,"Lantern":4,"downfall:HeartBlessingRed":11,"Dead Branch":24,"hexamod:TheBrokenSeal":22,"downfall:HeartBlessingGreen":14,"expansioncontent:StudyCardRelic":8,"Cursed Key":18,"hexamod:MatchstickCase":11,"Centennial Puzzle":0,"downfall:BrokenWingStatue":1,"Shuriken":13,"downfall:HeartBlessingBlue":23,"hubris:CuriousFeather":2,"Membership Card":20,"Kunai":28,"hexamod:SpiritBrand":0},{"Potion Belt":12,"Lantern":16,"downfall:HeartBlessingRed":50,"Dead Branch":111,"hexamod:TheBrokenSeal":102,"downfall:HeartBlessingGreen":64,"expansioncontent:StudyCardRelic":40,"Cursed Key":86,"hexamod:MatchstickCase":50,"Centennial Puzzle":0,"downfall:BrokenWingStatue":3,"Shuriken":57,"downfall:HeartBlessingBlue":107,"hubris:CuriousFeather":7,"Membership Card":92,"Kunai":127,"hexamod:SpiritBrand":0}]},"card_choices":[{"not_picked":["hexamod:FastForward","hexamod:Hexaguard"],"picked":"hexamod:AdvancingGuard","floor":2},{"not_picked":["hexamod:Hexaguard","hexamod:SkipABeat"],"picked":"hexamod:GhostOfSpireFuture","floor":4},{"not_picked":["hexamod:Firestarter","hexamod:AdvancingGuard"],"picked":"hexamod:FirstSeal","floor":8},{"not_picked":["hexamod:Incineration","hexamod:BacktrackSmack"],"picked":"hexamod:InspiringFlames","floor":9},{"not_picked":["hexamod:SuperheatedStrike","hexamod:PhantomFireball"],"picked":"hexamod:ThirdSeal","floor":12},{"not_picked":["hexamod:DynamicBlow","hexamod:RadiantFlame"],"picked":"hexamod:StepThrough","floor":14},{"not_picked":["hexamod:HeatMetal","hexamod:InspiringFlames"],"picked":"hexamod:FlameSwitch","floor":14},{"not_picked":["hexamod:HeatMetal","hexamod:Hexaguard"],"picked":"hexamod:SecondSeal","floor":15},{"not_picked":["hexamod:HeatCrush","hexamod:EmpoweredFlame"],"picked":"hexamod:FourthSeal","floor":15},{"not_picked":["hexamod:SearingWound","hexamod:GhostOfSpirePresent"],"picked":"hexamod:UnlimitedPower","floor":16},{"not_picked":["hexamod:SearingWound","hexamod:GhostOfSpirePresent"],"picked":"hexamod:GiftsFromTheDead","floor":16},{"not_picked":["hexamod:Again","hexamod:RetreatToShadows"],"picked":"hexamod:EmpoweredFlame+1","floor":19},{"not_picked":["hexamod:BurningTouch+1","hexamod:RainOfEmbers"],"picked":"hexamod:SpectersWail","floor":21},{"not_picked":["hexamod:InspiringFlames","hexamod:SuperheatedStrike","hexamod:FlamesFromBeyond+1"],"picked":"SKIP","floor":21},{"not_picked":["hexamod:BurningTouch","hexamod:Hexaguard"],"picked":"hexamod:HauntingEcho+1","floor":22},{"not_picked":["hexamod:RainOfEmbers","hexamod:SecondSeal","hexamod:HeatMetal"],"picked":"SKIP","floor":22},{"not_picked":["hexamod:Hexaguard+1","hexamod:HeatCrush"],"picked":"hexamod:FifthSeal","floor":26},{"not_picked":["hexamod:NightmareStrike","hexamod:ThermalTransfer","hexamod:HeatMetal"],"picked":"SKIP","floor":26},{"not_picked":["hexamod:BurningTouch+1","hexamod:PhantomFireball"],"picked":"hexamod:InspiringFlames+1","floor":27},{"not_picked":["hexamod:FourthSeal","hexamod:SecondSeal"],"picked":"hexamod:SixthSeal","floor":27},{"not_picked":["hexamod:DynamicBlow+1","hexamod:HauntingEcho","hexamod:RecurringNightmare"],"picked":"SKIP","floor":27},{"not_picked":["hexamod:FirstSeal","hexamod:ThirdSeal"],"picked":"hexamod:SixthSeal","floor":28},{"not_picked":["hexamod:HauntingEcho+1","hexamod:GhostLash","hexamod:BurningTouch+1"],"picked":"SKIP","floor":28},{"not_picked":["hexamod:HeatMetal","hexamod:ShieldOfDarkness","hexamod:ThermalTransfer"],"picked":"SKIP","floor":28},{"not_picked":["hexamod:ThermalTransfer","hexamod:HexaLevel","hexamod:FlamesFromBeyond"],"picked":"SKIP","floor":30},{"not_picked":["hexamod:GhostLash","hexamod:NightmareGuise","hexamod:InspiringFlames"],"picked":"SKIP","floor":31},{"not_picked":["hexamod:ThirdSeal","hexamod:Again+1","hexamod:EmpoweredFlame"],"picked":"SKIP","floor":32},{"not_picked":["hexamod:GhostLash+1","hexamod:NightmareGuise","hexamod:SuperheatedStrike"],"picked":"SKIP","floor":32},{"not_picked":["hexamod:VolcanoVisage","hexamod:HexaLevel"],"picked":"hexamod:TimeOfNeed","floor":33},{"not_picked":["hexamod:UnlimitedPower","hexamod:Toasty"],"picked":"hexamod:GhostflameInferno","floor":33},{"not_picked":["hexamod:ThermalTransfer","hexamod:SoulSteal"],"picked":"hexamod:StepThrough+1","floor":36},{"not_picked":["hexamod:NightmareStrike","hexamod:GhostLash","hexamod:ThermalTransfer+1"],"picked":"SKIP","floor":37},{"not_picked":["hexamod:CatchUp","hexamod:SwordOfDarkness+1","hexamod:GhostflameBarrier+1"],"picked":"SKIP","floor":38},{"not_picked":["hexamod:SwordOfDarkness+1","hexamod:ThermalTransfer+1","hexamod:BurningTouch"],"picked":"SKIP","floor":43},{"not_picked":["hexamod:HexaLevel","hexamod:AdvancingGuard","hexamod:ThermalTransfer+1"],"picked":"SKIP","floor":44},{"not_picked":["hexamod:SpectersWail","hexamod:ShieldOfDarkness","hexamod:RainOfEmbers"],"picked":"SKIP","floor":48},{"not_picked":["hexamod:Hexaguard+1","hexamod:AdvancingGuard","hexamod:ThirdSeal"],"picked":"SKIP","floor":49},{"not_picked":["hexamod:StepThrough","hexamod:FlamesFromBeyond","hexamod:GhostflameBarrier"],"picked":"SKIP","floor":52}],"player_experience":553730,"relics_obtained":[{"floor":7,"key":"hubris:CuriousFeather"},{"floor":8,"key":"Potion Belt"},{"floor":10,"key":"Lantern"},{"floor":24,"key":"hexamod:MatchstickCase"},{"floor":27,"key":"Shuriken"},{"floor":46,"key":"Dead Branch"},{"floor":52,"key":"Kunai"}],"event_choices":[{"cards_removed":["hexamod:Toasty"],"damage_healed":0,"gold_gain":0,"player_choice":"Took Card","damage_taken":0,"max_hp_gain":0,"max_hp_loss":0,"event_name":"NoteForYourself","floor":23,"gold_loss":0,"cards_obtained":["hexamod:HexaLevel"]},{"damage_healed":0,"gold_gain":0,"player_choice":"Got Potions","damage_taken":0,"max_hp_gain":0,"max_hp_loss":0,"event_name":"Lab","floor":39,"gold_loss":0},{"damage_healed":0,"gold_gain":0,"player_choice":"Fight","damage_taken":0,"max_hp_gain":0,"max_hp_loss":0,"event_name":"Mysterious Sphere","floor":46,"gold_loss":0}],"is_beta":false,"boss_relics":[{"not_picked":["hubris:RunicObelisk","Tiny House"],"picked":"expansioncontent:StudyCardRelic"},{"not_picked":["hubris:BlackHole","hubris:GrandSneckoEye"],"picked":"Cursed Key"}],"items_purged_floors":[14,37,53],"is_endless":false,"potions_floor_spawned":[15,16,21,26,27,28,31,38,44,46,48,52],"ascension_level":0}}