{"host":"8z0h4areh8sio1k0","time":1614045626,"event":{"mods":["10 clothes from DAL","Act Like it!","Aspiration","BaseMod","Colored Map","Conspire","Crowbot","Hubris","Library of Ruina Extra","Mimic Mod","Minty Spire (QoL Compilation)","Replay The Spire","Ring Of Destiny","StSLib","TestMod","The Blue Laboratory","The Fake Hero","The Hierophant","[Fun]BeWhatYouAte","【功能Mod】精心准备","【遗物Mod】死灵法师NEW"],"gold_per_floor":[111,111,111,111,37,37,78,99,139,159,180,180,180,214,214,342,342,367,367,218,241,265,265,279,303,303,327,327,348,348,364,364,492,492,511,511,526,541,541,572,597,597,640,790,811,811,834,834,834,834,834],"floor_reached":50,"language":"ZHS","playtime":2597,"items_purged":["RingOfDestiny:GrowBullet"],"score":511,"play_id":"c3c6c7f2-3f10-4f9c-b99c-affaab6a5984","local_time":"20210223100026","is_ascension_mode":false,"campfire_choices":[{"data":"RingOfDestiny:DeathLeakage","floor":6.0,"key":"SMITH"},{"data":"RingOfDestiny:DeathLeakage","floor":12.0,"key":"SMITH"},{"data":"RingOfDestiny:Nightmare","floor":15.0,"key":"SMITH"},{"data":"RingOfDestiny:OathOfBlood","floor":23.0,"key":"SMITH"},{"data":"RingOfDestiny:BlackFuneral","floor":28.0,"key":"SMITH"},{"data":"RingOfDestiny:Apoptosis","floor":30.0,"key":"SMITH"},{"data":"RingOfDestiny:CurtainOfNight","floor":32.0,"key":"SMITH"},{"floor":42,"key":"REST"},{"data":"RingOfDestiny:Nightmare+1","floor":46,"key":"SMITH"},{"data":"RingOfDestiny:CurtainOfNight+1","floor":49,"key":"SMITH"}],"circlet_count":0,"master_deck":["RingOfDestiny:DeathLeakage+1","RingOfDestiny:DeathLeakage+1","RingOfDestiny:DarkShield","RingOfDestiny:RestraintRing","RingOfDestiny:Enchantment","RingOfDestiny:NimbleShield","RingOfDestiny:Apoptosis+1","RingOfDestiny:InnerFocus","RingOfDestiny:FlowerOfDespair+1","RingOfDestiny:BloodyLeakage","RingOfDestiny:Nightmare+2","RingOfDestiny:Determination+1","RingOfDestiny:BulletZero+1","RingOfDestiny:BulletZero+1","RingOfDestiny:CurtainOfNight+2","RingOfDestiny:OathOfBlood+1","RingOfDestiny:RapidFire","RingOfDestiny:DanceOfDeath+1","RingOfDestiny:BlackFuneral+1","RingOfDestiny:EtchReflection"],"relics":["RingOfDestiny:Flintlock","testmod-TestBox","NeowsBlessing","Golden Idol","Happy Flower","Bronze Scales","testmod-Antiphasic","Nloth\u0027s Gift","Empty Cage","hubris:Towel","Juzu Bracelet","DALC_SEVEN","conspire:InfiniteJournal"],"acts_visited":["Exordium","TheCity","TheBeyond"],"potions_floor_usage":[40,40,40,50],"damage_taken":[{"damage":0.0,"enemies":"Jaw Worm","floor":1.0,"turns":1.0},{"damage":0.0,"enemies":"Gremlin Nob","floor":7.0,"turns":1.0},{"damage":0.0,"enemies":"Small Slimes","floor":8.0,"turns":1.0},{"damage":0.0,"enemies":"Cultist","floor":9.0,"turns":11.0},{"damage":2.0,"enemies":"Cultist","floor":10.0,"turns":4.0},{"damage":3.0,"enemies":"Lots of Slimes","floor":11.0,"turns":2.0},{"damage":11.0,"enemies":"Lagavulin","floor":14.0,"turns":5.0},{"damage":27.0,"enemies":"The Guardian","floor":16.0,"turns":8.0},{"damage":3.0,"enemies":"Chosen","floor":18.0,"turns":3.0},{"damage":16.0,"enemies":"conspire:FuzzyDice","floor":21.0,"turns":4.0},{"damage":4.0,"enemies":"Snake Plant","floor":22.0,"turns":2.0},{"damage":15.0,"enemies":"Cultist and Chosen","floor":24.0,"turns":3.0},{"damage":8.0,"enemies":"3 Cultists","floor":25.0,"turns":4.0},{"damage":3.0,"enemies":"Snecko","floor":27.0,"turns":3.0},{"damage":7.0,"enemies":"Sentry and Sphere","floor":29.0,"turns":3.0},{"damage":5.0,"enemies":"3 Cultists","floor":31.0,"turns":4.0},{"damage":36.0,"enemies":"Champ","floor":33.0,"turns":6.0},{"damage":20.0,"enemies":"3 Shapes","floor":35.0,"turns":3.0},{"damage":29.0,"enemies":"3 Darklings","floor":37.0,"turns":3.0},{"damage":37.0,"enemies":"Sphere and 2 Shapes","floor":38.0,"turns":4.0},{"damage":10,"enemies":"Nemesis","floor":40,"turns":5},{"damage":13,"enemies":"Spire Growth","floor":41,"turns":4},{"damage":23,"enemies":"Transient","floor":43,"turns":8},{"damage":11,"enemies":"Transient","floor":45,"turns":5},{"damage":17,"enemies":"Writhing Mass","floor":47,"turns":3},{"damage":90,"enemies":"Donu and Deca","floor":50,"turns":8}],"seed_played":"630925871655000240","potions_obtained":[{"floor":1.0,"key":"Explosive Potion"},{"floor":8.0,"key":"Explosive Potion"},{"floor":16.0,"key":"Strength Potion"},{"floor":24.0,"key":"testmod-TimePotion"},{"floor":27.0,"key":"blueLaboratory:FruitPunch"},{"floor":31.0,"key":"Adrenaline Potion"},{"floor":37.0,"key":"blueLaboratory:BottleOfVodka"},{"floor":45,"key":"BlessingOfTheForge"}],"is_trial":false,"path_per_floor":["M","?","?","?","$","R","E","M","MIM","M","M","R","?","E","R","B",null,"M","?","$","M","M","R","M","M","T","M","R","M","R","M","R","B",null,"M","?","M","M","?","E","M","R","MIM","?","M","R","M","?","R","B"],"character_chosen":"MagicBullet","items_purchased":["RingOfDestiny:Apoptosis","RingOfDestiny:CurtainOfNight"],"campfire_rested":1,"item_purchase_floors":[5,20],"current_hp_per_floor":[98,95,95,95,95,95,95,95,95,98,95,95,95,92,92,75,98,98,98,98,85,85,85,84,91,91,88,88,85,85,93,93,67,98,92,92,77,48,48,58,66,96,77,77,87,87,80,80,80,1,1],"gold":834,"neow_bonus":"THREE_ENEMY_KILL","is_daily":false,"chose_seed":false,"campfire_upgraded":9,"win_rate":0.0,"timestamp":1614045626,"path_taken":["M","?","?","?","?","R","E","M","MIM","M","M","R","?","E","R","BOSS","M","?","$","M","M","R","M","M","T","?","R","M","R","M","R","BOSS","M","?","M","M","?","E","M","R","MIM","?","M","R","M","?","R","BOSS"],"items_purchased_type":["Card","Card"],"build_version":"2020-12-22","purchased_purges":1,"victory":false,"max_hp_per_floor":[98,98,98,98,98,98,98,98,98,98,98,98,98,98,98,98,98,98,98,98,98,98,98,98,98,98,98,98,98,98,98,98,98,98,98,98,98,98,98,100,100,100,100,100,100,100,100,100,100,100,100],"card_choices":[{"not_picked":["RingOfDestiny:DoomsdayMark","RingOfDestiny:Potential"],"picked":"RingOfDestiny:Enchantment","floor":1.0},{"not_picked":["RingOfDestiny:BlastBullet","RingOfDestiny:OriginBullet","RingOfDestiny:RestraintRing"],"picked":"SKIP","floor":7.0},{"not_picked":["RingOfDestiny:Illusion","RingOfDestiny:PhantasmalAssailants"],"picked":"RingOfDestiny:InnerFocus","floor":8.0},{"not_picked":["RingOfDestiny:DarkShield","RingOfDestiny:DeathTrack"],"picked":"RingOfDestiny:FlowerOfDespair","floor":9.0},{"not_picked":["RingOfDestiny:AmmoRain","RingOfDestiny:BulletZero"],"picked":"RingOfDestiny:BloodyLeakage","floor":10.0},{"not_picked":["RingOfDestiny:InitialBullet","RingOfDestiny:Crimson","RingOfDestiny:Strafing"],"picked":"SKIP","floor":11.0},{"not_picked":["RingOfDestiny:DanceOfDeath","RingOfDestiny:Crimson"],"picked":"RingOfDestiny:Nightmare","floor":14.0},{"not_picked":["RingOfDestiny:DeathLeakage+1","RingOfDestiny:BlastBullet"],"picked":"RingOfDestiny:BulletZero+1","floor":18.0},{"not_picked":["RingOfDestiny:PhantasmalAssailants","RingOfDestiny:InnerFocus","RingOfDestiny:EtchPhantom"],"picked":"SKIP","floor":21.0},{"not_picked":["RingOfDestiny:DarkShield","RingOfDestiny:BloodyLeakage"],"picked":"RingOfDestiny:OathOfBlood","floor":22.0},{"not_picked":["RingOfDestiny:BreakBullet","RingOfDestiny:Prelude"],"picked":"RingOfDestiny:RapidFire","floor":24.0},{"not_picked":["RingOfDestiny:Enchantment","RingOfDestiny:Illusion"],"picked":"RingOfDestiny:DanceOfDeath+1","floor":25.0},{"not_picked":["RingOfDestiny:NightPendant","RingOfDestiny:Enchantment"],"picked":"RingOfDestiny:BlackFuneral","floor":27.0},{"not_picked":["RingOfDestiny:ForgeBullet","RingOfDestiny:DeadlyShoot","RingOfDestiny:GrowBullet+1"],"picked":"SKIP","floor":29.0},{"not_picked":["RingOfDestiny:Strafing","RingOfDestiny:DarkShield+1","RingOfDestiny:AmmoRain+1"],"picked":"SKIP","floor":31.0},{"not_picked":["RingOfDestiny:BlackLight","RingOfDestiny:NimbleShield"],"picked":"RingOfDestiny:EtchReflection","floor":35.0},{"not_picked":["RingOfDestiny:Strafing","RingOfDestiny:DanceOfDeath+1","RingOfDestiny:CovertOperation+1"],"picked":"SKIP","floor":37.0},{"not_picked":["RingOfDestiny:SolidEtch","RingOfDestiny:CurtainOfNight","RingOfDestiny:OriginBullet"],"picked":"SKIP","floor":38.0},{"not_picked":["RingOfDestiny:DeadlyShoot+1","RingOfDestiny:OriginBullet","RingOfDestiny:Residual"],"picked":"SKIP","floor":40},{"not_picked":["RingOfDestiny:BlackLight","RingOfDestiny:EtchReflection","RingOfDestiny:Reload"],"picked":"SKIP","floor":41},{"not_picked":["RingOfDestiny:RapidFire+1","RingOfDestiny:TrackingBullet+1","RingOfDestiny:TestBullet+1"],"picked":"SKIP","floor":45},{"not_picked":["RingOfDestiny:DeathTrack+1","RingOfDestiny:VolleyBullet","RingOfDestiny:PhantasmalAssailants+1"],"picked":"SKIP","floor":47}],"player_experience":616243,"relics_obtained":[{"floor":7.0,"key":"Happy Flower"},{"floor":9.0,"key":"Bronze Scales"},{"floor":14.0,"key":"testmod-Antiphasic"},{"floor":40,"key":"Juzu Bracelet"},{"floor":43,"key":"DALC_SEVEN"},{"floor":43,"key":"conspire:InfiniteJournal"}],"event_choices":[{"damage_healed":0.0,"max_hp_gain":0.0,"max_hp_loss":0.0,"gold_gain":0.0,"event_name":"Scrap Ooze","player_choice":"Success","floor":2.0,"gold_loss":0.0,"damage_taken":3.0,"relics_obtained":["Omamori"]},{"damage_healed":0.0,"max_hp_gain":0.0,"max_hp_loss":0.0,"gold_gain":0.0,"cards_transformed":["RingOfDestiny:Strike_MB"],"event_name":"Living Wall","player_choice":"Change","floor":3.0,"gold_loss":0.0,"damage_taken":0.0,"cards_obtained":["RingOfDestiny:NimbleShield"]},{"damage_healed":0.0,"max_hp_gain":0.0,"max_hp_loss":0.0,"gold_gain":0.0,"event_name":"Golden Idol","player_choice":"Take Wound","floor":4.0,"gold_loss":0.0,"damage_taken":0.0,"relics_obtained":["Golden Idol"],"cards_obtained":["Injury"]},{"damage_healed":0.0,"max_hp_gain":0.0,"max_hp_loss":0.0,"gold_gain":0.0,"event_name":"Accursed Blacksmith","player_choice":"Forge","floor":13.0,"gold_loss":0.0,"damage_taken":0.0,"cards_upgraded":["RingOfDestiny:FlowerOfDespair"]},{"damage_healed":0.0,"max_hp_gain":0.0,"max_hp_loss":0.0,"gold_gain":0.0,"event_name":"N\u0027loth","player_choice":"Traded Relic","floor":19.0,"relics_lost":["Astrolabe"],"gold_loss":0.0,"damage_taken":0.0,"relics_obtained":["Nloth\u0027s Gift"]},{"damage_healed":0.0,"max_hp_gain":0.0,"max_hp_loss":0.0,"gold_gain":0.0,"event_name":"conspire:Investor","player_choice":"Leave","floor":39.0,"gold_loss":0.0,"damage_taken":0.0},{"damage_healed":0,"gold_gain":150,"player_choice":"Sell","damage_taken":0,"max_hp_gain":0,"max_hp_loss":0,"event_name":"恩洛斯的盘子","floor":44,"relics_lost":["Omamori"],"gold_loss":0}],"is_beta":false,"boss_relics":[{"not_picked":["testmod-NegativeEmotionEnhancer","Replay:Grab Bag"],"picked":"Astrolabe"},{"not_picked":["aspiration:WatcherSkillbook","testmod-Fanaticism"],"picked":"Empty Cage"}],"items_purged_floors":[20],"is_endless":false,"potions_floor_spawned":[1,8,16,24,27,31,37,38,45],"killed_by":"Donu and Deca","ascension_level":0}}