{"host":"i09pxcjttd31eh4q","time":1614095925,"event":{"mods":["AchievementEnabler","BaseMod","Colored Map","Keyboard Shortcuts","Minty Spire (QoL Compilation)","StSLib","SuperFastMode"],"gold_per_floor":[111,91,109,67,67,99,99,109,136,136,204,237,287,412,412,511,511,526,626,601,566,220,220,310,330,330,396,471,471,541,226,226,319,319,338,357,407,457,729,767,782,821,847,885,909,959,983,538,538,538,538,538,538,57,88,88],"floor_reached":57,"language":"KOR","playtime":1726,"items_purged":["Defend_P","Strike_P","EmptyBody+1","Ragnarok+1"],"score":3396,"play_id":"30b33e26-fc8a-4298-881f-3aaeeb8f5b95","local_time":"20210224005845","is_ascension_mode":true,"campfire_choices":[{"data":"Eruption","floor":7.0,"key":"SMITH"},{"data":"Adaptation","floor":15.0,"key":"SMITH"},{"data":"Vault","floor":23.0,"key":"SMITH"},{"data":"Adaptation","floor":29.0,"key":"SMITH"},{"data":"Vault","floor":32.0,"key":"SMITH"},{"floor":49,"key":"RECALL"},{"data":"InnerPeace","floor":53,"key":"SMITH"}],"circlet_count":0,"master_deck":["AscendersBane","Eruption+1","Vigilance+1","FearNoEvil+1","Adaptation+1","Vault+1","BowlingBash+1","Vault+1","Adaptation+1","EmptyMind+1","Indignation+1","MentalFortress+1","InnerPeace+1","Flash of Steel+1"],"relics":["HolyWater","NeowsBlessing","Orichalcum","Anchor","SsserpentHead","HornCleat","Golden Idol","FossilizedHelix","Bottled Lightning","Red Mask","Ancient Tea Set","TheAbacus","Pandora\u0027s Box","Mark of the Bloom","Mummified Hand","PreservedInsect","Art of War","InkBottle","Thread and Needle","Whetstone"],"acts_visited":["Exordium","TheCity","TheBeyond","TheEnding"],"potions_floor_usage":[56,56],"damage_taken":[{"damage":0.0,"enemies":"Small Slimes","floor":1.0,"turns":1.0},{"damage":0.0,"enemies":"Cultist","floor":3.0,"turns":1.0},{"damage":0.0,"enemies":"Lagavulin","floor":6.0,"turns":1.0},{"damage":11.0,"enemies":"2 Louse","floor":8.0,"turns":2.0},{"damage":0.0,"enemies":"Looter","floor":11.0,"turns":3.0},{"damage":10.0,"enemies":"Gremlin Nob","floor":12.0,"turns":3.0},{"damage":17.0,"enemies":"The Guardian","floor":16.0,"turns":12.0},{"damage":2.0,"enemies":"3 Byrds","floor":18.0,"turns":7.0},{"damage":0.0,"enemies":"Masked Bandits","floor":24.0,"turns":4.0},{"damage":0.0,"enemies":"2 Thieves","floor":25.0,"turns":4.0},{"damage":0.0,"enemies":"3 Cultists","floor":27.0,"turns":6.0},{"damage":6.0,"enemies":"Snake Plant","floor":28.0,"turns":6.0},{"damage":22.0,"enemies":"Shelled Parasite and Fungi","floor":30.0,"turns":8.0},{"damage":0.0,"enemies":"Collector","floor":33.0,"turns":8.0},{"damage":0.0,"enemies":"3 Shapes","floor":35.0,"turns":4.0},{"damage":0.0,"enemies":"Orb Walker","floor":36.0,"turns":2.0},{"damage":0.0,"enemies":"Giant Head","floor":40.0,"turns":5.0},{"damage":0.0,"enemies":"Transient","floor":41.0,"turns":3.0},{"damage":0.0,"enemies":"Reptomancer","floor":42.0,"turns":3.0},{"damage":0.0,"enemies":"Nemesis","floor":44.0,"turns":3.0},{"damage":0.0,"enemies":"Sphere and 2 Shapes","floor":45.0,"turns":5.0},{"damage":0,"enemies":"Writhing Mass","floor":47,"turns":3},{"damage":0,"enemies":"Awakened One","floor":50,"turns":4},{"damage":0,"enemies":"Time Eater","floor":51,"turns":4},{"damage":0,"enemies":"Shield and Spear","floor":55,"turns":2},{"damage":0,"enemies":"The Heart","floor":56,"turns":7}],"seed_played":"-5643847711021796524","potions_obtained":[{"floor":2.0,"key":"Regen Potion"},{"floor":3.0,"key":"ColorlessPotion"},{"floor":11.0,"key":"Swift Potion"},{"floor":12.0,"key":"DuplicationPotion"},{"floor":18.0,"key":"Dexterity Potion"},{"floor":27.0,"key":"Block Potion"},{"floor":28.0,"key":"SpeedPotion"},{"floor":44.0,"key":"LiquidBronze"},{"floor":45.0,"key":"Dexterity Potion"}],"is_trial":false,"path_per_floor":["M","?","M","$","$","E","R","M","T","?","M","E","?","?","R","B",null,"M","?","?","?","$","R","?","M","T","M","M","R","M","$","R","B",null,"M","M","?","?","?","E","M","E","T","E","M","?","M","$","R","B","B",null,"R","$","E","B",null],"character_chosen":"WATCHER","items_purchased":["Adaptation","Bottled Lightning","TheAbacus","Finesse","Block Potion","InkBottle","Thread and Needle"],"campfire_rested":0,"item_purchase_floors":[4,22,31,31,48,48,54],"current_hp_per_floor":[61,61,61,61,61,61,61,50,50,50,50,40,40,29,29,12,50,48,48,48,48,48,48,48,48,48,48,42,42,20,20,20,20,52,52,52,52,52,52,52,52,52,52,52,52,52,52,52,52,52,52,52,52,52,52,52],"gold":88,"neow_bonus":"THREE_ENEMY_KILL","is_daily":false,"chose_seed":false,"campfire_upgraded":6,"win_rate":0.0,"timestamp":1614095925,"path_taken":["M","?","M","?","$","E","R","M","T","?","?","E","?","?","R","BOSS","M","?","?","?","$","R","?","M","T","?","?","R","?","?","R","BOSS","M","M","?","?","?","E","M","E","T","E","M","?","M","$","R","BOSS","BOSS","R","$","E","BOSS"],"items_purchased_type":["Card","Relic","Relic","Card","Potion","Relic","Relic"],"build_version":"2020-12-22","purchased_purges":4,"victory":true,"max_hp_per_floor":[68,68,68,68,68,68,68,68,68,68,68,68,62,62,62,62,62,62,62,62,62,62,62,62,62,62,62,62,62,62,62,62,62,62,62,62,62,62,62,62,62,62,62,62,62,62,62,62,62,62,62,62,62,62,62,62],"card_choices":[{"not_picked":["JustLucky","WindmillStrike","Halt"],"picked":"SKIP","floor":1.0},{"not_picked":["CutThroughFate","EmptyFist"],"picked":"FearNoEvil","floor":3.0},{"not_picked":["JustLucky","PathToVictory"],"picked":"Vault","floor":6.0},{"not_picked":["InnerPeace","FollowUp"],"picked":"BowlingBash","floor":8.0},{"not_picked":["Fasting2","SashWhip","CutThroughFate"],"picked":"SKIP","floor":11.0},{"not_picked":["ReachHeaven","Evaluate"],"picked":"Vault","floor":12.0},{"not_picked":["Conclude","Halt","Pray"],"picked":"SKIP","floor":18.0},{"not_picked":["FlurryOfBlows","Perseverance","ThirdEye"],"picked":"SKIP","floor":25.0},{"not_picked":["BowlingBash+1","Weave"],"picked":"Adaptation","floor":27.0},{"not_picked":["Swivel","EmptyBody","ThirdEye"],"picked":"SKIP","floor":28.0},{"not_picked":["FearNoEvil","Protect","FlurryOfBlows"],"picked":"SKIP","floor":30.0},{"not_picked":["ThirdEye","Wallop+1","Prostrate"],"picked":"SKIP","floor":35.0},{"not_picked":["ReachHeaven","Adaptation","Wireheading"],"picked":"SKIP","floor":36.0},{"not_picked":["DevaForm","Weave","CrushJoints"],"picked":"SKIP","floor":40.0},{"not_picked":["EmptyFist","CrushJoints"],"picked":"InnerPeace","floor":41.0},{"not_picked":["Halt","CutThroughFate+1","Meditate"],"picked":"SKIP","floor":42.0},{"not_picked":["FlurryOfBlows+1","WindmillStrike","Wireheading"],"picked":"SKIP","floor":44.0},{"not_picked":["Meditate","ReachHeaven","Adaptation"],"picked":"SKIP","floor":45.0},{"not_picked":["Dark Shackles","Impatience"],"picked":"Flash of Steel","floor":46},{"not_picked":["Fasting2+1","EmptyFist","BowlingBash"],"picked":"SKIP","floor":47},{"not_picked":["Study","FollowUp+1","Halt+1"],"picked":"SKIP","floor":55}],"player_experience":937345,"relics_obtained":[{"floor":6.0,"key":"Orichalcum"},{"floor":9.0,"key":"Anchor"},{"floor":12.0,"key":"HornCleat"},{"floor":24.0,"key":"Red Mask"},{"floor":26.0,"key":"Ancient Tea Set"},{"floor":40.0,"key":"Mummified Hand"},{"floor":42.0,"key":"PreservedInsect"},{"floor":44.0,"key":"Art of War"},{"floor":55,"key":"Whetstone"}],"event_choices":[{"damage_healed":0.0,"max_hp_gain":0.0,"max_hp_loss":0.0,"gold_gain":0.0,"event_name":"The Woman in Blue","player_choice":"Bought 1 Potion","floor":2.0,"gold_loss":0.0,"damage_taken":0.0},{"damage_healed":0.0,"max_hp_gain":0.0,"max_hp_loss":0.0,"gold_gain":0.0,"event_name":"FaceTrader","player_choice":"Trade","floor":10.0,"gold_loss":0.0,"damage_taken":0.0,"relics_obtained":["SsserpentHead"]},{"damage_healed":0.0,"max_hp_gain":0.0,"max_hp_loss":6.0,"gold_gain":0.0,"event_name":"Golden Idol","player_choice":"Lose Max HP","floor":13.0,"gold_loss":0.0,"damage_taken":0.0,"relics_obtained":["Golden Idol"]},{"damage_healed":0.0,"max_hp_gain":0.0,"max_hp_loss":0.0,"gold_gain":75.0,"event_name":"World of Goop","player_choice":"Gather Gold","floor":14.0,"gold_loss":0.0,"damage_taken":11.0},{"damage_healed":0.0,"max_hp_gain":0.0,"max_hp_loss":0.0,"gold_gain":50.0,"event_name":"Nest","player_choice":"Stole From Cult","floor":19.0,"gold_loss":0.0,"damage_taken":0.0},{"cards_removed":["Strike_P"],"damage_healed":0.0,"max_hp_gain":0.0,"max_hp_loss":0.0,"gold_gain":0.0,"event_name":"Beggar","player_choice":"Gave Gold","floor":20.0,"gold_loss":75.0,"damage_taken":0.0},{"damage_healed":0.0,"max_hp_gain":0.0,"max_hp_loss":0.0,"gold_gain":0.0,"event_name":"Addict","player_choice":"Obtained Relic","floor":21.0,"gold_loss":85.0,"damage_taken":0.0,"relics_obtained":["FossilizedHelix"]},{"damage_healed":0.0,"max_hp_gain":0.0,"max_hp_loss":0.0,"gold_gain":0.0,"event_name":"Masked Bandits","player_choice":"Fought Bandits","floor":24.0,"gold_loss":0.0,"damage_taken":0.0},{"damage_healed":0.0,"max_hp_gain":0.0,"max_hp_loss":0.0,"gold_gain":0.0,"event_name":"MindBloom","player_choice":"Upgrade","floor":37.0,"gold_loss":0.0,"damage_taken":0.0,"cards_upgraded":["Vigilance","FearNoEvil","BowlingBash","Finesse","EmptyMind","Ragnarok","EmptyBody","Indignation","MentalFortress"],"relics_obtained":["Mark of the Bloom"]},{"cards_removed":["Finesse"],"damage_healed":0.0,"max_hp_gain":0.0,"max_hp_loss":0.0,"gold_gain":0.0,"event_name":"Falling","player_choice":"Removed Skill","floor":38.0,"gold_loss":0.0,"damage_taken":0.0},{"damage_healed":0.0,"max_hp_gain":0.0,"max_hp_loss":0.0,"gold_gain":222.0,"event_name":"Tomb of Lord Red Mask","player_choice":"Wore Mask","floor":39.0,"gold_loss":0.0,"damage_taken":0.0},{"damage_healed":0,"gold_gain":0,"player_choice":"Memory 1","damage_taken":0,"max_hp_gain":0,"max_hp_loss":0,"event_name":"SensoryStone","floor":46,"gold_loss":0}],"is_beta":false,"boss_relics":[{"not_picked":["Cursed Key","SacredBark"],"picked":"HolyWater"},{"not_picked":["Snecko Eye","Busted Crown"],"picked":"Pandora\u0027s Box"}],"items_purged_floors":[22,31,48,54],"is_endless":false,"potions_floor_spawned":[3,11,12,18,27,28,44,45,55],"ascension_level":20}}