{"host":"22njw49i2r7r2wa8","time":1614045270,"event":{"mods":["2.2 Compatiblity","BaseMod","Colored Map","Minty Spire (QoL Compilation)"],"gold_per_floor":[109,127,127,141,161,161,192,192,192,225,242,242,242,262,262,357,357,375,358,358,372,43,43,43,43,69,82,82,82],"floor_reached":28,"language":"ENG","playtime":2275,"items_purged":["Strike_B"],"score":299,"play_id":"8e9484bf-76ce-494f-9f64-e9dcb8e20bbe","local_time":"20210222175430","is_ascension_mode":true,"campfire_choices":[{"floor":6,"key":"REST"},{"floor":8,"key":"REST"},{"data":"Creative AI","floor":13,"key":"SMITH"},{"data":"Tempest","floor":15,"key":"SMITH"},{"floor":23,"key":"REST"}],"circlet_count":0,"master_deck":["Strike_B","Defend_B","Defend_B","Defend_B","Zap","Dualcast","Ball Lightning","Tempest+1","Chaos+1","Leap","Auto Shields","Creative AI+1","Echo Form","Conserve Battery","Hologram","Electrodynamics"],"relics":["Cracked Core","Tiny Chest","Pantograph","WingedGreaves","Fusion Hammer","Mummified Hand","Toy Ornithopter"],"acts_visited":["Exordium","TheCity"],"potions_floor_usage":[10,11,16,19],"damage_taken":[{"damage":12,"enemies":"Jaw Worm","floor":1,"turns":2},{"damage":2,"enemies":"2 Louse","floor":2,"turns":2},{"damage":0,"enemies":"Cultist","floor":4,"turns":2},{"damage":6,"enemies":"Looter","floor":5,"turns":3},{"damage":26,"enemies":"Lagavulin","floor":7,"turns":6},{"damage":29,"enemies":"Gremlin Nob","floor":10,"turns":5},{"damage":1,"enemies":"Exordium Wildlife","floor":11,"turns":3},{"damage":10,"enemies":"Large Slime","floor":14,"turns":4},{"damage":47,"enemies":"The Guardian","floor":16,"turns":11},{"damage":0,"enemies":"Spheric Guardian","floor":18,"turns":2},{"damage":19,"enemies":"2 Thieves","floor":19,"turns":4},{"damage":27,"enemies":"Sentry and Sphere","floor":21,"turns":4},{"damage":26,"enemies":"Shelled Parasite and Fungi","floor":27,"turns":5},{"damage":8,"enemies":"Cultist and Chosen","floor":28,"turns":4}],"seed_played":"-3165294980375799008","potions_obtained":[{"floor":5,"key":"Strength Potion"},{"floor":10,"key":"Block Potion"},{"floor":12,"key":"Ancient Potion"},{"floor":12,"key":"Dexterity Potion"},{"floor":12,"key":"FairyPotion"},{"floor":14,"key":"FearPotion"},{"floor":27,"key":"FearPotion"}],"is_trial":false,"path_per_floor":["M","M","?","M","M","R","E","R","T","E","M","?","R","M","R","B",null,"M","M","?","M","$","R","T","?","T","M","M"],"character_chosen":"DEFECT","items_purchased":["Mummified Hand"],"campfire_rested":3,"item_purchase_floors":[22],"current_hp_per_floor":[38,36,29,29,23,45,19,41,41,12,11,11,11,1,1,6,58,58,39,39,12,12,34,34,34,34,8,0,0],"gold":82,"neow_bonus":"TRANSFORM_TWO_CARDS","is_daily":false,"chose_seed":false,"campfire_upgraded":2,"win_rate":0.0,"timestamp":1614045270,"path_taken":["M","M","?","M","M","R","E","R","T","E","M","?","R","M","R","BOSS","M","?","?","M","$","R","?","?","T","M","?"],"items_purchased_type":["Relic"],"build_version":"2020-12-22","purchased_purges":1,"victory":false,"max_hp_per_floor":[75,75,75,75,75,75,75,75,75,75,75,75,75,75,75,75,75,75,75,75,75,75,75,75,75,75,75,75,75],"card_choices":[{"not_picked":["Sweeping Beam","Coolheaded"],"picked":"Chaos","floor":1},{"not_picked":["Gash","Undo"],"picked":"Leap","floor":2},{"not_picked":["Heatsinks","Sweeping Beam","Cold Snap"],"picked":"SKIP","floor":4},{"not_picked":["Coolheaded","Sweeping Beam","Turbo"],"picked":"SKIP","floor":5},{"not_picked":["Beam Cell","Self Repair"],"picked":"Auto Shields","floor":7},{"not_picked":["Force Field","Reinforced Body"],"picked":"Creative AI","floor":10},{"not_picked":["Streamline","Blizzard","Cold Snap"],"picked":"SKIP","floor":11},{"not_picked":["Skim","Turbo","FTL"],"picked":"SKIP","floor":14},{"not_picked":["Buffer","Meteor Strike"],"picked":"Echo Form","floor":16},{"not_picked":["Coolheaded","Barrage","Rebound+1"],"picked":"SKIP","floor":18},{"not_picked":["Rainbow","Beam Cell"],"picked":"Conserve Battery","floor":19},{"not_picked":["Undo+1","Gash"],"picked":"Hologram","floor":21},{"not_picked":["Rebound","Darkness+1"],"picked":"Electrodynamics","floor":27}],"player_experience":530233,"relics_obtained":[{"floor":7,"key":"Tiny Chest"},{"floor":9,"key":"Pantograph"},{"floor":10,"key":"WingedGreaves"},{"floor":26,"key":"Toy Ornithopter"}],"event_choices":[{"cards_removed":["Strike_B"],"damage_healed":0,"gold_gain":0,"player_choice":"Card Removal","damage_taken":7,"max_hp_gain":0,"max_hp_loss":0,"event_name":"Golden Wing","floor":3,"gold_loss":0},{"damage_healed":0,"gold_gain":0,"player_choice":"Got Potions","damage_taken":0,"max_hp_gain":0,"max_hp_loss":0,"event_name":"Lab","floor":12,"gold_loss":0},{"damage_healed":0,"gold_gain":0,"player_choice":"Ignored","damage_taken":0,"max_hp_gain":0,"max_hp_loss":0,"event_name":"The Mausoleum","floor":20,"gold_loss":0},{"damage_healed":0,"gold_gain":0,"player_choice":"Upgraded","damage_taken":0,"max_hp_gain":0,"max_hp_loss":0,"event_name":"Upgrade Shrine","floor":25,"gold_loss":0,"cards_upgraded":["Chaos"]}],"is_beta":false,"boss_relics":[{"not_picked":["SacredBark","Nuclear Battery"],"picked":"Fusion Hammer"}],"items_purged_floors":[22],"is_endless":false,"potions_floor_spawned":[5,10,14,27],"killed_by":"Cultist and Chosen","ascension_level":6}}