{"host":"gcjbq24aew6ut89u","time":1614064643,"event":{"mods":["BaseMod","Colored Powertips","Highlight Path","Lobotomy","Marisa£®ÏF”Í°°ƒß¿Ì…≥£©","Minty Spire (QoL Compilation)","Replay The Spire","Shop Mod","StSLib","Waifu the Spire"],"gold_per_floor":[111,123,48,48,58,93,93,109,134,148,148,148,160,190,190,285,285,302,302,102,120,120,120,146,146,146,176,176,176],"floor_reached":28,"language":"ZHS","playtime":1738,"items_purged":["Strike_G","Specialist+1"],"score":279,"play_id":"e3ab3e3c-cee7-4d03-97d3-0f62b1fa2479","local_time":"20210223151723","is_ascension_mode":true,"campfire_choices":[{"data":"Tools of the Trade","floor":7.0,"key":"SMITH"},{"data":"Specialist","floor":12.0,"key":"SMITH"},{"floor":15.0,"key":"REST"},{"data":"Neutralize","floor":23.0,"key":"SMITH"},{"data":"Pot Of Greed","floor":25.0,"key":"SMITH"}],"circlet_count":0,"master_deck":["Strike_G","Strike_G","Strike_G","Strike_G","Defend_G","Defend_G","Defend_G","Defend_G","Defend_G","Survivor","Neutralize+1","Dagger Spray","Noxious Fumes","Pot Of Greed","Pot Of Greed","ReplayTheSpireMod:Speed Training","Tools of the Trade+1","Replay:Poison Smokescreen","Prepared","Acrobatics+1","Atom Bomb","Backflip","Prepared+1","Corpse Explosion","Dagger Throw","Pot Of Greed+1","Poisoned Stab+1","Quick Slash","Terror+1"],"relics":["Ring of the Snake","Toy Ornithopter","Grinning Jar","Replay:Baseball","Smiling Mask","Mirror","Honey Jar","ReplayTheSpireMod:Ninjato","Bag of Preparation","War Paint","Replay:Bottled Flurry","Vajra"],"acts_visited":["Exordium","TheCity"],"potions_floor_usage":[],"damage_taken":[{"damage":0.0,"enemies":"Cultist","floor":1.0,"turns":3.0},{"damage":6.0,"enemies":"2 Louse","floor":2.0,"turns":2.0},{"damage":0.0,"enemies":"Small Slimes","floor":5.0,"turns":3.0},{"damage":29.0,"enemies":"3 Sentries","floor":6.0,"turns":7.0},{"damage":5.0,"enemies":"Red Slaver","floor":8.0,"turns":5.0},{"damage":1.0,"enemies":"Large Slime","floor":10.0,"turns":6.0},{"damage":6.0,"enemies":"2 Fungi Beasts","floor":13.0,"turns":3.0},{"damage":18.0,"enemies":"Gremlin Nob","floor":14.0,"turns":4.0},{"damage":19.0,"enemies":"Hexaghost","floor":16.0,"turns":10.0},{"damage":15.0,"enemies":"Spheric Guardian","floor":18.0,"turns":4.0},{"damage":0.0,"enemies":"3 Byrds","floor":21.0,"turns":2.0},{"damage":17.0,"enemies":"Gremlin Leader","floor":24.0,"turns":8.0},{"damage":30,"enemies":"Slavers","floor":27,"turns":3},{"damage":13,"enemies":"Centurion and Healer","floor":28,"turns":1}],"seed_played":"-7897936504861517862","potions_obtained":[{"floor":2.0,"key":"SpeedPotion"},{"floor":6.0,"key":"LiquidMemories"},{"floor":10.0,"key":"SpeedPotion"},{"floor":13.0,"key":"Explosive Potion"},{"floor":27,"key":"LiquidBronze"}],"is_trial":false,"path_per_floor":["M","M","$","?","M","E","R","M","T","M","?","R","M","E","R","B",null,"M","T","$","M","?","R","E","R","T","E","M"],"character_chosen":"THE_SILENT","items_purchased":["Bag of Preparation"],"campfire_rested":1,"item_purchase_floors":[20],"current_hp_per_floor":[70,64,64,64,64,35,35,30,30,29,29,29,23,10,31,12,70,55,55,55,60,60,60,43,43,43,13,0,0],"gold":176,"neow_bonus":"RANDOM_COMMON_RELIC","is_daily":false,"chose_seed":false,"campfire_upgraded":4,"win_rate":0.0,"timestamp":1614064643,"path_taken":["M","M","?","?","M","E","R","?","T","M","?","R","M","E","R","BOSS","M","?","$","M","?","R","E","R","T","E","M"],"items_purchased_type":["Relic"],"build_version":"2020-12-22","purchased_purges":2,"victory":false,"max_hp_per_floor":[70,70,70,70,70,70,70,70,70,70,70,70,70,70,70,70,70,70,70,70,70,70,70,70,70,70,70,70,70],"card_choices":[{"not_picked":["Bane","Slice"],"picked":"Dagger Spray","floor":1.0},{"not_picked":["Blur","Backflip"],"picked":"Noxious Fumes","floor":2.0},{"not_picked":["Replay:Poison Smokescreen","PiercingWail"],"picked":"ReplayTheSpireMod:Speed Training","floor":5.0},{"not_picked":["Underhanded Strike","PiercingWail"],"picked":"Tools of the Trade","floor":6.0},{"not_picked":["Endless Agony","PiercingWail"],"picked":"Replay:Poison Smokescreen","floor":8.0},{"not_picked":["Dagger Spray","Cloak And Dagger"],"picked":"Prepared","floor":10.0},{"not_picked":["Dodge and Roll","Infinite Blades"],"picked":"Backflip","floor":13.0},{"not_picked":["Blur","Bane"],"picked":"Prepared","floor":14.0},{"not_picked":["Night Terror","Wraith Form v2"],"picked":"Corpse Explosion","floor":16.0},{"not_picked":["Leg Sweep","Outmaneuver","PiercingWail+1"],"picked":"Dagger Throw","floor":18.0},{"not_picked":["Well Laid Plans","Cloak And Dagger","Dodge and Roll+1"],"picked":"Poisoned Stab+1","floor":21.0},{"not_picked":["Terror+1","Leg Sweep","Deflect"],"picked":"Quick Slash","floor":24.0},{"not_picked":["ReplayTheSpireMod:Shiv Toss","Dagger Spray","Endless Agony"],"picked":"Terror+1","floor":27}],"player_experience":51688,"relics_obtained":[{"floor":6.0,"key":"Replay:Baseball"},{"floor":9.0,"key":"Smiling Mask"},{"floor":14.0,"key":"Mirror"},{"floor":19.0,"key":"ReplayTheSpireMod:Ninjato"},{"floor":24.0,"key":"War Paint"},{"floor":26,"key":"Replay:Bottled Flurry"},{"floor":27,"key":"Vajra"}],"event_choices":[{"damage_healed":0.0,"max_hp_gain":0.0,"max_hp_loss":0.0,"gold_gain":0.0,"event_name":"WeMeetAgain","player_choice":"Gave Potion","floor":4.0,"gold_loss":0.0,"damage_taken":0.0,"relics_obtained":["Grinning Jar"]},{"damage_healed":0.0,"max_hp_gain":0.0,"max_hp_loss":0.0,"gold_gain":0.0,"event_name":"Match and Keep!","player_choice":"3 cards matched","floor":11.0,"gold_loss":0.0,"damage_taken":0.0,"cards_obtained":["Acrobatics","Atom Bomb","Specialist"]},{"damage_healed":0.0,"max_hp_gain":0.0,"max_hp_loss":0.0,"gold_gain":0.0,"event_name":"The Mausoleum","player_choice":"Ignored","floor":22.0,"gold_loss":0.0,"damage_taken":0.0}],"is_beta":false,"boss_relics":[{"not_picked":["ChewingGum","Cursed Key"],"picked":"Honey Jar"}],"items_purged_floors":[3,20],"is_endless":false,"potions_floor_spawned":[2,6,10,13,27],"killed_by":"Centurion and Healer","ascension_level":1}}