{"host":"0k7350af1t8odskw","time":1614101964,"event":{"mods":["AchievementEnabler","BaseMod","Better Vampires","BetterRewards","Colored Map","Downfall","Highlight Path","Hubris","Lobotomy","Marisa£®ÏF”Í°°ƒß¿Ì…≥£©","Minty Spire (QoL Compilation)","Quick Restart","Replay The Spire","Shop Mod","StSLib","The Administrix","The Death Knight","The Runesmith","Youmu£®ªÍ∆«—˝√Œ£©"],"gold_per_floor":[114,64,78,1,76,91,91,91,118,118,137,137,137,156,156,286,286,300,15,15,15,40,40,64,102,102,17,17,17,33,47,47,178,178,201,221,554,572,572,572,21,21,48,48,48,14,14,26,26,26],"floor_reached":51,"language":"ZHS","playtime":2080,"items_purged":["Defend_G","Doppelganger"],"score":751,"play_id":"96671b53-63cf-4586-9366-2ae491bc32bd","local_time":"20210223093924","is_ascension_mode":false,"campfire_choices":[{"data":"Noxious Fumes","floor":7,"key":"SMITH"},{"data":"Crippling Poison","floor":12,"key":"SMITH"},{"floor":15,"key":"REST"},{"data":"Replay:Bag of Tricks","floor":23,"key":"SMITH"},{"data":"Draining Mist","floor":29,"key":"SMITH"},{"data":"Tools of the Trade","floor":32,"key":"SMITH"},{"data":"Replay:Poison Smokescreen","floor":40,"key":"SMITH"},{"data":"Thinking Ahead","floor":42,"key":"SMITH"},{"data":"Toxin Wave","floor":45,"key":"SMITH"},{"data":"Setup","floor":49,"key":"SMITH"}],"circlet_count":0,"master_deck":["Survivor","Neutralize","Poisoned Stab","Bouncing Flask+1","Backstab+1","Noxious Fumes+1","Escape Plan+1","Draining Mist+1","Prepared","Toxin Wave+1","Crippling Poison+1","Dagger Throw","Replay:Poison Smokescreen+1","Replay:Bag of Tricks+1","Envenom","Doppelganger","Sucker Punch","Tools of the Trade+1","Setup+1","Replay:Poison Smokescreen+1","Flying Knee+1","Dagger Throw+1","Sucker Punch","Prepared+1","Thinking Ahead+1","Poisoned Stab","Bane+1","Underhanded Strike+1"],"relics":["Ring of the Snake","Anchor","hubris:MedicalManual","Replay:Rubber Ducky","Bottled Lightning","Pandora\u0027s Box","hubris:Spice","hubris:Towel","War Paint","Replay:Ringing Soul","Singing Bowl","Coffee Dripper","DeathKnight:SindragosasSkull","Vampiric Spirits"],"acts_visited":["Exordium","TheCity","TheBeyond"],"potions_floor_usage":[25,33,50,50,50,50,50],"damage_taken":[{"damage":0,"enemies":"Small Slimes","floor":1,"turns":2},{"damage":0,"enemies":"2 Louse","floor":3,"turns":2},{"damage":0,"enemies":"Jaw Worm","floor":6,"turns":3},{"damage":0,"enemies":"2 Fungi Beasts","floor":11,"turns":3},{"damage":5,"enemies":"Looter","floor":14,"turns":3},{"damage":24,"enemies":"The Guardian","floor":16,"turns":8},{"damage":0,"enemies":"Shell Parasite","floor":18,"turns":4},{"damage":0,"enemies":"3 Byrds","floor":22,"turns":3},{"damage":29,"enemies":"Gremlin Leader","floor":25,"turns":7},{"damage":0,"enemies":"Snecko","floor":30,"turns":4},{"damage":2,"enemies":"Centurion and Healer","floor":31,"turns":6},{"damage":42,"enemies":"Collector","floor":33,"turns":7},{"damage":32,"enemies":"3 Darklings","floor":35,"turns":4},{"damage":10,"enemies":"Orb Walker","floor":36,"turns":3},{"damage":19,"enemies":"Writhing Mass","floor":38,"turns":5},{"damage":3,"enemies":"4 Shapes","floor":48,"turns":3},{"damage":53,"enemies":"hubris:GrandSnecko","floor":50,"turns":12}],"seed_played":"-8960404305294155917","potions_obtained":[{"floor":1,"key":"Weak Potion"},{"floor":14,"key":"EntropicBrew"},{"floor":16,"key":"GamblersBrew"},{"floor":30,"key":"champ:CounterPotion"},{"floor":31,"key":"Venom Potion"},{"floor":33,"key":"BlessingOfTheForge"}],"is_trial":false,"path_per_floor":["M","?","M","$","?","M","R","?","T","T","M","R","?","M","R","B",null,"M","$","?","?","M","R","T","E","T","?","$","R","M","M","R","B",null,"M","M","?","M","?","R","$","R","T","?","R","$","?","M","R","B",null],"character_chosen":"THE_SILENT","items_purchased":["Anchor","Poisoned Stab","Bouncing Flask","Backstab+1","Noxious Fumes","Toxin Wave","hubris:Spice","Thinking Ahead","DeathKnight:SindragosasSkull","Poisoned Stab","Bane+1"],"campfire_rested":1,"item_purchase_floors":[0,0,0,0,0,4,19,41,41,41,46],"current_hp_per_floor":[38,38,38,38,27,27,27,27,27,27,27,27,20,15,34,10,65,65,73,73,73,73,73,73,52,52,52,52,52,54,54,54,14,87,57,50,50,33,33,33,36,36,36,36,36,39,39,44,44,11],"gold":26,"neow_bonus":"","is_daily":false,"chose_seed":false,"campfire_upgraded":9,"win_rate":0.0,"timestamp":1614101964,"path_taken":["M","?","M","$","?","M","R","?","T","?","M","R","?","M","R","BOSS","M","$","?","?","M","R","?","E","T","?","?","R","M","?","R","BOSS","M","M","?","M","?","R","?","R","T","?","R","$","?","?","R","BOSS"],"items_purchased_type":["Relic","Card","Card","Card","Card","Card","Relic","Card","Relic","Card","Card"],"build_version":"2020-12-22","purchased_purges":2,"victory":true,"max_hp_per_floor":[70,70,70,70,70,70,70,65,65,65,65,65,65,65,65,65,65,65,73,73,73,73,73,73,81,81,81,81,81,83,85,85,87,87,89,92,92,94,94,94,97,97,97,97,97,100,100,103,103,103],"card_choices":[{"not_picked":["Flying Knee","Bane"],"picked":"Draining Mist","floor":1},{"not_picked":["Blade Dance","Dagger Throw"],"picked":"Prepared","floor":3},{"not_picked":["Outmaneuver","Underhanded Strike"],"picked":"Crippling Poison","floor":6},{"not_picked":["Infinite Blades","Flying Knee"],"picked":"Dagger Throw","floor":11},{"not_picked":["Dagger Throw","Concentrate"],"picked":"Replay:Poison Smokescreen","floor":14},{"not_picked":["Storm of Steel","Atom Bomb"],"picked":"Replay:Bag of Tricks","floor":16},{"not_picked":["Dodge and Roll","Accuracy+1"],"picked":"Flying Knee+1","floor":18},{"not_picked":["hubris:Counter","Poisoned Stab"],"picked":"Dagger Throw+1","floor":22},{"not_picked":["Cloak And Dagger","Blade Dance"],"picked":"Sucker Punch","floor":25},{"not_picked":["Dodge and Roll","Sucker Punch","Acrobatics"],"picked":"Singing Bowl","floor":30},{"not_picked":["Poisoned Stab","Prepared","Leg Sweep+1"],"picked":"Singing Bowl","floor":31},{"not_picked":["Doppelganger","Envenom","ReplayTheSpireMod:From All Sides"],"picked":"Singing Bowl","floor":33},{"not_picked":["Dagger Throw","Skewer","Caltrops"],"picked":"Singing Bowl","floor":35},{"not_picked":["Footwork","Dodge and Roll"],"picked":"Prepared+1","floor":36},{"not_picked":["Poisoned Stab+1","Sneak Up","hubris:SpiceAddiction"],"picked":"Singing Bowl","floor":38},{"not_picked":["ReplayTheSpireMod:Scrap Shanks","Dodge and Roll"],"picked":"Underhanded Strike+1","floor":48}],"player_experience":99521,"relics_obtained":[{"floor":9,"key":"Replay:Rubber Ducky"},{"floor":10,"key":"Bottled Lightning"},{"floor":24,"key":"War Paint"},{"floor":25,"key":"hubris:Spice"},{"floor":26,"key":"Replay:Ringing Soul"},{"floor":43,"key":"Vampiric Spirits"}],"event_choices":[{"cards_removed":["Strike_G"],"damage_healed":0,"gold_gain":0,"player_choice":"Card Removal","damage_taken":0,"max_hp_gain":0,"max_hp_loss":0,"event_name":"The Cleric","floor":2,"gold_loss":50},{"damage_healed":0,"gold_gain":75,"player_choice":"Gather Gold","damage_taken":11,"max_hp_gain":0,"max_hp_loss":0,"event_name":"World of Goop","floor":5,"gold_loss":0},{"damage_healed":0,"gold_gain":0,"player_choice":"Lose Max HP","damage_taken":0,"relics_obtained":["Golden Idol"],"max_hp_gain":0,"max_hp_loss":5,"event_name":"Golden Idol","floor":8,"gold_loss":0},{"cards_removed":["Defend_G"],"damage_healed":0,"gold_gain":0,"player_choice":"Card Removal","damage_taken":7,"max_hp_gain":0,"max_hp_loss":0,"event_name":"Golden Wing","floor":13,"gold_loss":0},{"damage_healed":0,"gold_gain":0,"player_choice":"Obtained Relic","damage_taken":0,"relics_obtained":["Singing Bowl"],"max_hp_gain":0,"max_hp_loss":0,"event_name":"Addict","floor":27,"gold_loss":85},{"damage_healed":0,"gold_gain":333,"player_choice":"Gave Idol","damage_taken":0,"max_hp_gain":0,"max_hp_loss":0,"event_name":"The Moai Head","floor":37,"relics_lost":["Golden Idol"],"gold_loss":0}],"is_beta":false,"boss_relics":[{"not_picked":["Replay:Wanted Poster","hubris:BlackHole"],"picked":"Pandora\u0027s Box"},{"not_picked":["Runic Dome","hubris:Spice"],"picked":"Coffee Dripper"}],"items_purged_floors":[0,41],"is_endless":false,"potions_floor_spawned":[1,14,16,30,31,33,35,48],"ascension_level":0}}