{"host":"8vqkh0x3c7vpgzzm","time":1614092540,"event":{"mods":["AchievementEnabler","BaseMod","Colored Map","Colored Powertips","Curses Come First","DeckTracker","Highlight Path","Minty Spire (QoL Compilation)","Permanent Neow","Quick Restart","Random Character Mod","Rare Cards Sparkle","Relic Sorter","Relic Stats","StSLib","SuperFastMode","Unceasing Turn Reminder","egg","everything is the same but u backflip on backflip"],"gold_per_floor":[16,28,128,139,151,151,181,33,56,83,83,93,93,112,112,214,214,226,226,254,272,286,286,313,333,358,368,368,400,126,136,136,237,237,257,274,289,289,302,302,227,227,227,207,237,237,59,72,72,72],"floor_reached":51,"language":"ENG","playtime":2750,"items_purged":["Writhe"],"score":1082,"play_id":"d5f63d74-743d-4c26-945b-01636e0e7162","local_time":"20210223160220","is_ascension_mode":true,"campfire_choices":[{"data":"Streamline","floor":6,"key":"SMITH"},{"data":"Zap","floor":11,"key":"SMITH"},{"data":"Loop","floor":13,"key":"SMITH"},{"floor":15,"key":"REST"},{"data":"Coolheaded","floor":23,"key":"SMITH"},{"data":"Hologram","floor":28,"key":"SMITH"},{"data":"Coolheaded","floor":32,"key":"SMITH"},{"data":"Capacitor","floor":40,"key":"SMITH"},{"data":"Coolheaded","floor":42,"key":"SMITH"},{"data":"Biased Cognition","floor":46,"key":"SMITH"},{"data":"Storm","floor":49,"key":"SMITH"}],"circlet_count":0,"master_deck":["Strike_B","Defend_B","Defend_B","Defend_B","Zap+1","Dualcast","Ball Lightning","Sweeping Beam","Streamline+1","Auto Shields","Loop+1","Lockon","Steam","Capacitor+1","Biased Cognition","Cold Snap+1","Rebound","Redo","Loop+1","Coolheaded+1","Biased Cognition+1","Coolheaded+1","Hologram+1","Fusion+1","Coolheaded+1","Apotheosis","Impatience","Undo","Creative AI","Sunder","Heatsinks+1","Consume+1","Storm+1","Turbo"],"relics":["Cracked Core","Bronze Scales","Anchor","PreservedInsect","MealTicket","Coffee Dripper","Red Mask","Vajra","DataDisk","Bottled Tornado","Snecko Eye","Kunai","HornCleat"],"acts_visited":["Exordium","TheCity","TheBeyond"],"potions_floor_usage":[7,14,16,24,31,33,33,33,50,50],"damage_taken":[{"damage":3,"enemies":"2 Louse","floor":1,"turns":2},{"damage":1,"enemies":"Cultist","floor":2,"turns":3},{"damage":7,"enemies":"Jaw Worm","floor":4,"turns":2},{"damage":9,"enemies":"3 Louse","floor":5,"turns":3},{"damage":8,"enemies":"Gremlin Nob","floor":7,"turns":3},{"damage":14,"enemies":"Lagavulin","floor":10,"turns":5},{"damage":4,"enemies":"Red Slaver","floor":12,"turns":2},{"damage":0,"enemies":"Gremlin Gang","floor":14,"turns":3},{"damage":16,"enemies":"The Guardian","floor":16,"turns":7},{"damage":11,"enemies":"Spheric Guardian","floor":18,"turns":3},{"damage":10,"enemies":"Masked Bandits","floor":20,"turns":4},{"damage":4,"enemies":"3 Byrds","floor":21,"turns":3},{"damage":0,"enemies":"Centurion and Healer","floor":22,"turns":4},{"damage":23,"enemies":"Slavers","floor":24,"turns":3},{"damage":0,"enemies":"Chosen and Byrds","floor":25,"turns":4},{"damage":0,"enemies":"Cultist and Chosen","floor":27,"turns":4},{"damage":0,"enemies":"Gremlin Leader","floor":29,"turns":7},{"damage":21,"enemies":"Snake Plant","floor":31,"turns":3},{"damage":6,"enemies":"Champ","floor":33,"turns":9},{"damage":8,"enemies":"3 Shapes","floor":35,"turns":3},{"damage":22,"enemies":"3 Darklings","floor":36,"turns":7},{"damage":5,"enemies":"Spire Growth","floor":37,"turns":6},{"damage":28,"enemies":"Writhing Mass","floor":39,"turns":7},{"damage":0,"enemies":"Giant Head","floor":45,"turns":5},{"damage":0,"enemies":"Transient","floor":48,"turns":5},{"damage":13,"enemies":"Time Eater","floor":50,"turns":5}],"seed_played":"5951301164146598991","potions_obtained":[{"floor":2,"key":"SkillPotion"},{"floor":5,"key":"FearPotion"},{"floor":7,"key":"LiquidBronze"},{"floor":14,"key":"SpeedPotion"},{"floor":22,"key":"Strength Potion"},{"floor":25,"key":"Fire Potion"},{"floor":27,"key":"PowerPotion"},{"floor":31,"key":"ColorlessPotion"},{"floor":33,"key":"Fruit Juice"},{"floor":36,"key":"PowerPotion"},{"floor":39,"key":"Energy Potion"},{"floor":44,"key":"Swift Potion"}],"is_trial":false,"path_per_floor":["M","M","?","M","M","R","E","$","T","E","R","M","R","M","R","B",null,"M","?","?","M","M","R","E","M","T","M","R","E","$","M","R","B",null,"M","M","M","?","M","R","$","R","T","?","E","R","$","M","R","B",null],"character_chosen":"DEFECT","items_purchased":["Anchor","Apotheosis","Impatience","Storm","Regen Potion","Turbo"],"campfire_rested":1,"item_purchase_floors":[8,30,30,47,47,47],"current_hp_per_floor":[65,64,64,57,48,48,40,40,40,26,26,22,22,22,44,28,63,52,52,42,38,38,38,15,15,15,15,15,15,30,9,9,8,62,54,32,27,47,19,19,34,34,34,34,34,34,49,49,49,50],"gold":72,"neow_bonus":"REMOVE_TWO","is_daily":false,"chose_seed":false,"campfire_upgraded":10,"win_rate":0.0,"timestamp":1614092540,"path_taken":["M","M","?","?","M","R","E","?","T","E","R","M","R","M","R","BOSS","M","?","?","M","M","R","E","M","T","M","R","E","$","M","R","BOSS","M","M","M","?","M","R","$","R","T","?","E","R","$","M","R","BOSS"],"items_purchased_type":["Relic","Card","Card","Card","Potion","Card"],"build_version":"2020-12-22","purchased_purges":1,"victory":true,"max_hp_per_floor":[75,75,75,75,75,75,75,75,75,75,75,75,75,75,75,75,75,75,75,75,75,75,75,75,75,75,75,75,75,75,75,75,80,80,80,80,80,80,80,80,80,80,80,80,80,80,80,80,80,80],"relic_stats":{"counters":[26,111],"Bronze Scales":[281],"Snecko Eye":[93,75,94,80],"MealTicket":45,"PreservedInsect":248,"Kunai":[2],"obtain_stats":[{"Vajra":24,"PreservedInsect":9,"Bottled Tornado":29,"Anchor":8,"DataDisk":26,"HornCleat":45,"Bronze Scales":7,"Snecko Eye":34,"MealTicket":10,"Coffee Dripper":17,"Red Mask":20,"Kunai":43,"Cracked Core":0},{"Vajra":14,"PreservedInsect":5,"Bottled Tornado":17,"Anchor":5,"DataDisk":15,"HornCleat":24,"Bronze Scales":5,"Snecko Eye":19,"MealTicket":6,"Coffee Dripper":9,"Red Mask":11,"Kunai":23,"Cracked Core":0},{"Vajra":47,"PreservedInsect":13,"Bottled Tornado":61,"Anchor":13,"DataDisk":51,"HornCleat":101,"Bronze Scales":13,"Snecko Eye":73,"MealTicket":18,"Coffee Dripper":30,"Red Mask":37,"Kunai":96,"Cracked Core":0}]},"card_choices":[{"not_picked":["Turbo","Compile Driver"],"picked":"Ball Lightning","floor":1},{"not_picked":["Coolheaded","Scrape"],"picked":"Sweeping Beam","floor":2},{"not_picked":["Turbo","Double Energy"],"picked":"Streamline","floor":4},{"not_picked":["Rebound","Stack"],"picked":"Auto Shields","floor":5},{"not_picked":["Rainbow","Skim"],"picked":"Loop","floor":7},{"not_picked":["Redo","Scrape"],"picked":"Lockon","floor":10},{"not_picked":["Capacitor","Gash"],"picked":"Steam","floor":12},{"not_picked":["Turbo","Cold Snap"],"picked":"Capacitor","floor":14},{"not_picked":["All For One","Hyperbeam"],"picked":"Biased Cognition","floor":16},{"not_picked":["Turbo+1","Redo"],"picked":"Cold Snap+1","floor":18},{"not_picked":["White Noise","Conserve Battery+1"],"picked":"Loop+1","floor":20},{"not_picked":["Redo+1","Storm"],"picked":"Coolheaded","floor":21},{"not_picked":["Coolheaded","Force Field"],"picked":"Biased Cognition","floor":22},{"not_picked":["All For One","Lockon+1"],"picked":"Coolheaded","floor":24},{"not_picked":["Stack+1","Doom and Gloom"],"picked":"Hologram","floor":25},{"not_picked":["Conserve Battery","Rebound"],"picked":"Fusion+1","floor":27},{"not_picked":["Rebound","Leap"],"picked":"Coolheaded","floor":29},{"not_picked":["Stack","Hello World"],"picked":"Undo","floor":31},{"not_picked":["Machine Learning","Multi-Cast"],"picked":"Creative AI","floor":33},{"not_picked":["Barrage+1","Gash"],"picked":"Sunder","floor":35},{"not_picked":["Defragment","Hologram"],"picked":"Heatsinks+1","floor":36},{"not_picked":["Go for the Eyes","Leap+1","Conserve Battery"],"picked":"SKIP","floor":37},{"not_picked":["Beam Cell","Barrage","Doom and Gloom"],"picked":"SKIP","floor":39},{"not_picked":["Thunder Strike","Leap"],"picked":"Consume+1","floor":45},{"not_picked":["Steam+1","Go for the Eyes+1","Sweeping Beam"],"picked":"SKIP","floor":48}],"player_experience":622939,"relics_obtained":[{"floor":7,"key":"Bronze Scales"},{"floor":9,"key":"PreservedInsect"},{"floor":10,"key":"MealTicket"},{"floor":20,"key":"Red Mask"},{"floor":24,"key":"Vajra"},{"floor":26,"key":"DataDisk"},{"floor":29,"key":"Bottled Tornado"},{"floor":43,"key":"Kunai"},{"floor":45,"key":"HornCleat"}],"event_choices":[{"damage_healed":0,"gold_gain":100,"player_choice":"Pray","damage_taken":0,"max_hp_gain":0,"max_hp_loss":0,"event_name":"Golden Shrine","floor":3,"gold_loss":0},{"damage_healed":0,"gold_gain":0,"cards_transformed":["Strike_B","Strike_B"],"player_choice":"Became Test Subject","damage_taken":0,"max_hp_gain":0,"max_hp_loss":0,"event_name":"Drug Dealer","floor":19,"gold_loss":0,"cards_obtained":["Rebound","Redo"]},{"damage_healed":0,"gold_gain":0,"player_choice":"Fought Bandits","damage_taken":0,"max_hp_gain":0,"max_hp_loss":0,"event_name":"Masked Bandits","floor":20,"gold_loss":0},{"damage_healed":20,"gold_gain":0,"player_choice":"Writhe","damage_taken":0,"max_hp_gain":0,"max_hp_loss":0,"event_name":"Winding Halls","floor":38,"gold_loss":0,"cards_obtained":["Writhe"]},{"damage_healed":0,"gold_gain":0,"player_choice":"Bought 1 Potion","damage_taken":0,"max_hp_gain":0,"max_hp_loss":0,"event_name":"The Woman in Blue","floor":44,"gold_loss":0}],"is_beta":false,"boss_relics":[{"not_picked":["Runic Dome","Pandora\u0027s Box"],"picked":"Coffee Dripper"},{"not_picked":["SacredBark","Black Star"],"picked":"Snecko Eye"}],"items_purged_floors":[41],"is_endless":false,"potions_floor_spawned":[2,5,7,14,22,25,27,31,33,36,39,48],"ascension_level":9}}