{"host":"1vy6j31128f61x2z","time":1614114861,"event":{"mods":["AchievementEnabler","BaseMod","Colored Powertips","Minty Spire (QoL Compilation)","Permanent Neow"],"gold_per_floor":[112,112,112,124,124,124,149,149,149,164,164,179,206,222,222,317,317,333,350,350,350,350,378,390,402,463,584,596,256,21,21,21],"floor_reached":31,"language":"ENG","playtime":947,"items_purged":["Defend_R","Defend_R"],"score":509,"play_id":"11b20047-ac03-442a-9043-58b3f6f24817","local_time":"20210223161421","is_ascension_mode":true,"campfire_choices":[{"data":"Wild Strike","floor":6.0,"key":"SMITH"},{"data":"Searing Blow","floor":8.0,"key":"SMITH"},{"data":"Searing Blow+1","floor":11.0,"key":"SMITH"},{"data":"Searing Blow+2","floor":15.0,"key":"SMITH"},{"data":"RitualDagger","floor":24,"key":"SMITH"},{"data":"Searing Blow+3","floor":28,"key":"SMITH"}],"circlet_count":0,"master_deck":["Defend_R","Defend_R+1","Bash","Armaments+1","Wild Strike+1","Searing Blow+4","Anger","Warcry","True Grit","Dark Embrace+1","Feed","True Grit+1","Headbutt","RitualDagger+1","Warcry+1","Bite","Bite","Bite","Bite","Bite","Regret","Inflame+1","Pommel Strike+1","Flash of Steel+1","Good Instincts"],"relics":["Burning Blood","NeowsBlessing","Vajra","Strawberry","Frozen Egg 2","Orichalcum","Cursed Key","MutagenicStrength","MawBank","CeramicFish","Dead Branch","Molten Egg 2","Potion Belt","Membership Card"],"acts_visited":["Exordium","TheCity"],"potions_floor_usage":[23,27,27,27],"damage_taken":[{"damage":0.0,"enemies":"Cultist","floor":1.0,"turns":1.0},{"damage":0.0,"enemies":"2 Louse","floor":4.0,"turns":1.0},{"damage":0.0,"enemies":"3 Sentries","floor":7.0,"turns":2.0},{"damage":0.0,"enemies":"Jaw Worm","floor":10.0,"turns":2.0},{"damage":5.0,"enemies":"Blue Slaver","floor":12.0,"turns":2.0},{"damage":17.0,"enemies":"Gremlin Nob","floor":13.0,"turns":4.0},{"damage":1.0,"enemies":"3 Louse","floor":14.0,"turns":2.0},{"damage":0.0,"enemies":"Slime Boss","floor":16.0,"turns":6.0},{"damage":19.0,"enemies":"3 Byrds","floor":18.0,"turns":8.0},{"damage":23.0,"enemies":"2 Thieves","floor":19.0,"turns":4.0},{"damage":7,"enemies":"Gremlin Leader","floor":23,"turns":9},{"damage":14,"enemies":"Colosseum Slavers","floor":27,"turns":4},{"damage":46,"enemies":"Colosseum Nobs","floor":27,"turns":5},{"damage":17,"enemies":"Book of Stabbing","floor":31,"turns":2}],"seed_played":"6007203057165286554","potions_obtained":[{"floor":7.0,"key":"Swift Potion"},{"floor":10.0,"key":"SpeedPotion"},{"floor":13.0,"key":"PowerPotion"},{"floor":16.0,"key":"Ancient Potion"},{"floor":18.0,"key":"EntropicBrew"}],"is_trial":false,"path_per_floor":["M","?","?","M","?","R","E","R","T","M","R","M","E","M","R","B",null,"M","M","?","?","?","E","R","?","T","?","R","$","$","E"],"character_chosen":"IRONCLAD","items_purchased":["Pommel Strike+1","Flash of Steel+1","Potion Belt","Membership Card","Good Instincts"],"campfire_rested":0,"item_purchase_floors":[29,29,29,30,30],"current_hp_per_floor":[78,78,71,77,61,61,74,74,74,80,80,81,70,75,75,81,86,76,59,53,35,35,34,34,34,34,11,11,11,11,0,0],"gold":21,"neow_bonus":"THREE_ENEMY_KILL","is_daily":false,"chose_seed":false,"campfire_upgraded":6,"win_rate":0.0,"timestamp":1614114861,"path_taken":["M","?","?","M","?","R","E","R","T","M","R","M","E","M","R","BOSS","M","M","?","?","?","E","R","?","T","?","R","?","$","E"],"items_purchased_type":["Card","Card","Relic","Relic","Card"],"build_version":"2020-12-22","purchased_purges":2,"victory":false,"max_hp_per_floor":[80,80,80,80,80,80,87,87,87,87,87,87,87,87,87,87,87,90,90,90,95,95,95,95,66,66,69,69,69,69,69,69],"card_choices":[{"not_picked":["True Grit","Clothesline"],"picked":"Armaments","floor":1.0},{"not_picked":["Armaments","Exhume"],"picked":"Wild Strike","floor":4.0},{"not_picked":["Armaments","Headbutt"],"picked":"Searing Blow","floor":7.0},{"not_picked":["Pommel Strike","Bludgeon"],"picked":"Anger","floor":10.0},{"not_picked":["Havoc","Searing Blow"],"picked":"Warcry","floor":12.0},{"not_picked":["Rampage","Bloodletting"],"picked":"True Grit","floor":13.0},{"not_picked":["Havoc","Armaments"],"picked":"Dark Embrace+1","floor":14.0},{"not_picked":["Brutality+1","Reaper"],"picked":"Feed","floor":16.0},{"not_picked":["Warcry","Clash"],"picked":"True Grit+1","floor":18.0},{"not_picked":["Armaments","Reckless Charge"],"picked":"Headbutt","floor":19.0},{"not_picked":["True Grit","Burning Pact+1"],"picked":"Warcry+1","floor":23},{"not_picked":["Warcry+1","Demon Form+1"],"picked":"Inflame+1","floor":27}],"player_experience":134299,"relics_obtained":[{"floor":7.0,"key":"Strawberry"},{"floor":9.0,"key":"Frozen Egg 2"},{"floor":13.0,"key":"Orichalcum"},{"floor":23,"key":"MawBank"},{"floor":26,"key":"CeramicFish"},{"floor":27,"key":"Dead Branch"},{"floor":27,"key":"Molten Egg 2"}],"event_choices":[{"damage_healed":0.0,"max_hp_gain":0.0,"max_hp_loss":0.0,"gold_gain":0.0,"event_name":"Living Wall","player_choice":"Grow","floor":2.0,"gold_loss":0.0,"damage_taken":0.0,"cards_upgraded":["Armaments"]},{"damage_healed":0.0,"max_hp_gain":0.0,"max_hp_loss":0.0,"gold_gain":0.0,"event_name":"Scrap Ooze","player_choice":"Success","floor":3.0,"gold_loss":0.0,"damage_taken":7.0,"relics_obtained":["Vajra"]},{"damage_healed":0.0,"max_hp_gain":0.0,"max_hp_loss":0.0,"gold_gain":0.0,"event_name":"Shining Light","player_choice":"Entered Light","floor":5.0,"gold_loss":0.0,"damage_taken":16.0,"cards_upgraded":["Strike_R","Defend_R"]},{"damage_healed":0.0,"max_hp_gain":0.0,"max_hp_loss":0.0,"gold_gain":0.0,"event_name":"Nest","player_choice":"Joined the Cult","floor":20.0,"gold_loss":0.0,"damage_taken":6.0,"cards_obtained":["RitualDagger"]},{"damage_healed":0.0,"max_hp_gain":5.0,"max_hp_loss":0.0,"gold_gain":0.0,"event_name":"Forgotten Altar","player_choice":"Shed Blood","floor":21.0,"gold_loss":0.0,"damage_taken":23.0},{"damage_healed":0.0,"max_hp_gain":0.0,"max_hp_loss":0.0,"gold_gain":0.0,"event_name":"Drug Dealer","player_choice":"Inject Mutagens","floor":22.0,"gold_loss":0.0,"damage_taken":0.0,"relics_obtained":["MutagenicStrength"]},{"damage_healed":0,"gold_gain":0,"player_choice":"Became a vampire","damage_taken":0,"max_hp_gain":0,"max_hp_loss":29,"event_name":"Vampires","floor":25,"gold_loss":0,"cards_obtained":["Bite","Bite","Bite","Bite","Bite"]},{"damage_healed":0,"gold_gain":0,"player_choice":"Fight","damage_taken":0,"max_hp_gain":0,"max_hp_loss":0,"event_name":"Colosseum","floor":27,"gold_loss":0},{"damage_healed":0,"gold_gain":0,"player_choice":"Fought Nobs","damage_taken":0,"max_hp_gain":0,"max_hp_loss":0,"event_name":"Colosseum","floor":27,"gold_loss":0}],"is_beta":false,"boss_relics":[{"not_picked":["Empty Cage","Black Blood"],"picked":"Cursed Key"}],"items_purged_floors":[29,30],"is_endless":false,"potions_floor_spawned":[7,10,13,16,18],"killed_by":"Book of Stabbing","ascension_level":9}}