{"host":"28p8ce41sjwa6lzf","time":1614108884,"event":{"mods":["BaseMod","Bestiary","Colored Map","Colored Powertips","Dark Map","Highlight Path","Minty Spire (QoL Compilation)","Permanent Neow","Quick Restart","Random Character Button","Rare Cards Sparkle","Relic Stats","StSLib","Unceasing Turn Reminder"],"gold_per_floor":[118,138,12,12,27,27,54,54,354,370,396,414,414,431,431,502,502,512,18,18,37,37,70,70,102,148,161,211,211,236,236,236,313,313,332,332,363,1362,1362,1362,1373,1401,1456,1456,1491,813,813,826,826,826,826],"floor_reached":50,"language":"ENG","playtime":6919,"items_purged":["Writhe","Strike_G","Strike_G+1"],"score":1182,"play_id":"cadb73c4-28ea-4110-9098-fd4fe74f0fd0","local_time":"20210223133444","is_ascension_mode":true,"campfire_choices":[{"data":"Dagger Spray","floor":6.0,"key":"SMITH"},{"data":"Dagger Throw","floor":8.0,"key":"SMITH"},{"data":"Blade Dance","floor":13.0,"key":"SMITH"},{"data":"Noxious Fumes","floor":15.0,"key":"SMITH"},{"floor":24.0,"key":"REST"},{"floor":29.0,"key":"REST"},{"floor":32.0,"key":"REST"},{"floor":40.0,"key":"RECALL"},{"floor":44.0,"key":"REST"},{"floor":49.0,"key":"REST"}],"circlet_count":0,"master_deck":["AscendersBane","Strike_G+1","Strike_G+1","Strike_G+1","Defend_G+1","Defend_G+1","Defend_G+1","Defend_G+1","Defend_G+1","Survivor","Neutralize","Dagger Throw+1","Underhanded Strike","Acrobatics+1","Dagger Spray+1","Crippling Poison","Blade Dance+1","Dodge and Roll","Noxious Fumes+1","After Image","Outmaneuver","Cloak And Dagger+1","Outmaneuver","Accuracy","Blade Dance","Terror","Discovery","PiercingWail+1","Bouncing Flask","Crippling Poison+1","Infinite Blades","Writhe"],"relics":["Ring of the Snake","FossilizedHelix","Gambling Chip","Oddly Smooth Stone","Old Coin","Bottled Flame","Fusion Hammer","War Paint","Toolbox","HornCleat","Bottled Lightning","Omamori","Matryoshka","Busted Crown","Eternal Feather","Smiling Mask","Dream Catcher","Nunchaku","Question Card"],"acts_visited":["Exordium","TheCity","TheBeyond"],"potions_floor_usage":[50],"damage_taken":[{"damage":0.0,"enemies":"Small Slimes","floor":1.0,"turns":4.0},{"damage":0.0,"enemies":"Cultist","floor":2.0,"turns":5.0},{"damage":0.0,"enemies":"2 Louse","floor":5.0,"turns":2.0},{"damage":12.0,"enemies":"Lagavulin","floor":7.0,"turns":6.0},{"damage":0.0,"enemies":"Large Slime","floor":10.0,"turns":5.0},{"damage":4.0,"enemies":"3 Sentries","floor":11.0,"turns":6.0},{"damage":3.0,"enemies":"Blue Slaver","floor":12.0,"turns":4.0},{"damage":0.0,"enemies":"Looter","floor":14.0,"turns":2.0},{"damage":10.0,"enemies":"The Guardian","floor":16.0,"turns":11.0},{"damage":0.0,"enemies":"Chosen","floor":18.0,"turns":5.0},{"damage":0.0,"enemies":"2 Thieves","floor":21.0,"turns":4.0},{"damage":2.0,"enemies":"Slavers","floor":23.0,"turns":6.0},{"damage":24.0,"enemies":"Gremlin Leader","floor":25.0,"turns":7.0},{"damage":12.0,"enemies":"Snake Plant","floor":27.0,"turns":5.0},{"damage":34.0,"enemies":"Book of Stabbing","floor":30.0,"turns":6.0},{"damage":25.0,"enemies":"Champ","floor":33.0,"turns":11.0},{"damage":0.0,"enemies":"Orb Walker","floor":35.0,"turns":3.0},{"damage":0.0,"enemies":"3 Shapes","floor":37.0,"turns":5.0},{"damage":0.0,"enemies":"Maw","floor":41.0,"turns":6.0},{"damage":32.0,"enemies":"Nemesis","floor":42.0,"turns":7.0},{"damage":42.0,"enemies":"Giant Head","floor":45.0,"turns":7.0},{"damage":18.0,"enemies":"Transient","floor":48.0,"turns":6.0},{"damage":73,"enemies":"Awakened One","floor":50,"turns":14}],"seed_played":"-955238558952322963","potions_obtained":[{"floor":1.0,"key":"DuplicationPotion"},{"floor":5.0,"key":"SpeedPotion"},{"floor":11.0,"key":"SpeedPotion"},{"floor":12.0,"key":"Block Potion"},{"floor":14.0,"key":"Fire Potion"},{"floor":23.0,"key":"GamblersBrew"},{"floor":25.0,"key":"AttackPotion"},{"floor":48.0,"key":"Ancient Potion"}],"is_trial":false,"path_per_floor":["M","M","$","?","M","R","E","R","T","M","E","M","R","M","R","B",null,"M","$","?","M","?","E","R","E","T","M","?","R","E","?","R","B",null,"M","?","M","?","?","R","M","E","T","R","E","$","?","M","R","B"],"character_chosen":"THE_SILENT","items_purchased":["Acrobatics","War Paint","Toolbox","Cloak And Dagger","Nunchaku","CultistPotion","Strength Potion","Question Card","Infinite Blades"],"campfire_rested":5,"item_purchase_floors":[3,19,19,19,46,46,46,46,46],"current_hp_per_floor":[59,59,59,48,48,48,36,36,36,36,32,29,29,29,29,19,54,54,54,54,54,54,52,66,42,42,30,30,49,15,15,34,9,52,52,52,52,52,76,76,76,44,44,76,34,34,49,31,71,0,0],"gold":826,"neow_bonus":"ONE_RARE_RELIC","is_daily":false,"chose_seed":false,"campfire_upgraded":4,"win_rate":0.0,"timestamp":1614108884,"path_taken":["M","M","$","?","M","R","E","R","T","M","E","M","R","M","R","BOSS","M","$","?","M","?","E","R","E","T","?","?","R","E","?","R","BOSS","M","?","M","?","?","R","?","E","T","R","E","$","?","M","R","BOSS"],"items_purchased_type":["Card","Relic","Relic","Card","Relic","Potion","Potion","Relic","Card"],"build_version":"2020-12-22","purchased_purges":3,"victory":false,"max_hp_per_floor":[66,66,66,66,66,66,66,66,66,66,66,66,66,66,66,66,66,66,66,66,66,66,66,66,66,66,66,66,66,66,66,66,66,66,66,66,66,66,76,76,76,76,76,76,76,76,76,76,76,76,76],"relic_stats":{"Dream Catcher":1,"Nunchaku":[5],"Busted Crown":16,"counters":[23,137],"Gambling Chip":[61],"Eternal Feather":36,"War Paint":["Defend_G","Acrobatics"],"Smiling Mask":75,"Question Card":2,"obtain_stats":[{"Oddly Smooth Stone":7,"Eternal Feather":42,"Omamori":26,"War Paint":19,"Smiling Mask":43,"Question Card":46,"Old Coin":9,"Bottled Flame":11,"Dream Catcher":45,"Nunchaku":46,"HornCleat":23,"Matryoshka":30,"Busted Crown":34,"Gambling Chip":4,"Toolbox":19,"Fusion Hammer":17,"Bottled Lightning":25,"FossilizedHelix":0,"Ring of the Snake":0},{"Oddly Smooth Stone":4,"Eternal Feather":20,"Omamori":13,"War Paint":10,"Smiling Mask":20,"Question Card":21,"Old Coin":4,"Bottled Flame":6,"Dream Catcher":21,"Nunchaku":21,"HornCleat":12,"Matryoshka":15,"Busted Crown":16,"Gambling Chip":2,"Toolbox":10,"Fusion Hammer":9,"Bottled Lightning":13,"FossilizedHelix":0,"Ring of the Snake":0},{"Oddly Smooth Stone":17,"Eternal Feather":110,"Omamori":67,"War Paint":50,"Smiling Mask":110,"Question Card":117,"Old Coin":17,"Bottled Flame":28,"Dream Catcher":117,"Nunchaku":117,"HornCleat":60,"Matryoshka":78,"Busted Crown":89,"Gambling Chip":9,"Toolbox":50,"Fusion Hammer":45,"Bottled Lightning":67,"FossilizedHelix":0,"Ring of the Snake":0}],"Ring of the Snake":[46]},"card_choices":[{"not_picked":["Slice","Deadly Poison"],"picked":"Dagger Throw","floor":1.0},{"not_picked":["Flying Knee","Dodge and Roll"],"picked":"Underhanded Strike","floor":2.0},{"not_picked":["Deadly Poison","Skewer"],"picked":"Dagger Spray","floor":5.0},{"not_picked":["Dagger Spray","Caltrops"],"picked":"Crippling Poison","floor":7.0},{"not_picked":["Bane","Sucker Punch","Skewer"],"picked":"SKIP","floor":10.0},{"not_picked":["Backflip","Slice"],"picked":"Blade Dance","floor":11.0},{"not_picked":["Expertise","Dagger Throw"],"picked":"Dodge and Roll","floor":12.0},{"not_picked":["Choke","Flechettes"],"picked":"Noxious Fumes","floor":14.0},{"not_picked":["Adrenaline","Unload"],"picked":"After Image","floor":16.0},{"not_picked":["Backflip","Deflect"],"picked":"Outmaneuver","floor":18.0},{"not_picked":["Bouncing Flask","Crippling Poison"],"picked":"Outmaneuver","floor":21.0},{"not_picked":["Setup","Dagger Throw","Quick Slash"],"picked":"SKIP","floor":23.0},{"not_picked":["Masterful Stab","Malaise"],"picked":"Accuracy","floor":25.0},{"not_picked":["Accuracy","Infinite Blades"],"picked":"Blade Dance","floor":27.0},{"not_picked":["Sucker Punch","Well Laid Plans"],"picked":"Terror","floor":30.0},{"not_picked":["Phantasmal Killer","Doppelganger"],"picked":"Malaise","floor":33.0},{"not_picked":["Underhanded Strike"],"picked":"SKIP","floor":35.0},{"not_picked":[],"picked":"Discovery","floor":36.0},{"not_picked":[],"picked":"PiercingWail+1","floor":37.0},{"not_picked":[],"picked":"Bouncing Flask","floor":41.0},{"not_picked":[],"picked":"Crippling Poison+1","floor":42.0},{"not_picked":["Dash"],"picked":"SKIP","floor":45.0},{"not_picked":["Bane+1","Underhanded Strike"],"picked":"SKIP","floor":48.0}],"player_experience":1384296,"relics_obtained":[{"floor":7.0,"key":"Oddly Smooth Stone"},{"floor":9.0,"key":"Old Coin"},{"floor":11.0,"key":"Bottled Flame"},{"floor":23.0,"key":"HornCleat"},{"floor":25.0,"key":"Bottled Lightning"},{"floor":26.0,"key":"Omamori"},{"floor":30.0,"key":"Matryoshka"},{"floor":42.0,"key":"Eternal Feather"},{"floor":43.0,"key":"Smiling Mask"},{"floor":45.0,"key":"Dream Catcher"}],"event_choices":[{"damage_healed":0.0,"max_hp_gain":0.0,"max_hp_loss":0.0,"gold_gain":0.0,"event_name":"Scrap Ooze","player_choice":"Success","floor":4.0,"gold_loss":0.0,"damage_taken":11.0,"relics_obtained":["Gambling Chip"]},{"damage_healed":0.0,"max_hp_gain":0.0,"max_hp_loss":0.0,"gold_gain":0.0,"event_name":"Cursed Tome","player_choice":"Ignored","floor":20.0,"gold_loss":0.0,"damage_taken":0.0},{"damage_healed":0.0,"max_hp_gain":0.0,"max_hp_loss":0.0,"gold_gain":0.0,"event_name":"Upgrade Shrine","player_choice":"Upgraded","floor":22.0,"gold_loss":0.0,"damage_taken":0.0,"cards_upgraded":["Cloak And Dagger"]},{"damage_healed":0.0,"max_hp_gain":0.0,"max_hp_loss":0.0,"gold_gain":50.0,"event_name":"Nest","player_choice":"Stole From Cult","floor":28.0,"gold_loss":0.0,"damage_taken":0.0},{"damage_healed":0.0,"max_hp_gain":0.0,"max_hp_loss":0.0,"gold_gain":0.0,"event_name":"Back to Basics","player_choice":"Simplicity","floor":31.0,"gold_loss":0.0,"damage_taken":0.0,"cards_upgraded":["Strike_G","Strike_G","Strike_G","Strike_G","Defend_G","Defend_G","Defend_G","Defend_G"]},{"damage_healed":0.0,"max_hp_gain":0.0,"max_hp_loss":0.0,"gold_gain":0.0,"event_name":"SensoryStone","player_choice":"Memory 1","floor":36.0,"gold_loss":0.0,"damage_taken":0.0},{"damage_healed":0.0,"max_hp_gain":0.0,"max_hp_loss":0.0,"gold_gain":999.0,"event_name":"MindBloom","player_choice":"Gold","floor":38.0,"gold_loss":0.0,"damage_taken":0.0,"cards_obtained":["Normality","Normality"]},{"cards_removed":["Malaise"],"damage_healed":14.0,"max_hp_gain":10.0,"max_hp_loss":0.0,"gold_gain":0.0,"event_name":"Bonfire Elementals","player_choice":"Offered Rare","floor":39.0,"gold_loss":0.0,"damage_taken":0.0},{"damage_healed":15.0,"max_hp_gain":0.0,"max_hp_loss":0.0,"gold_gain":0.0,"event_name":"Winding Halls","player_choice":"Writhe","floor":47.0,"gold_loss":0.0,"damage_taken":0.0,"cards_obtained":["Writhe"]}],"is_beta":false,"boss_relics":[{"not_picked":["Calling Bell","WristBlade"],"picked":"Fusion Hammer"},{"not_picked":["Pandora\u0027s Box","Astrolabe"],"picked":"Busted Crown"}],"items_purged_floors":[3,19,46],"is_endless":false,"potions_floor_spawned":[1,5,11,12,14,23,25,48],"killed_by":"Awakened One","ascension_level":20}}