{"host":"kaame4qwxxqnygv7","time":1614091386,"event":{"mods":["AchievementEnabler","BaseMod","Better Match","Better Skull","Better Third Choice","BetterRewards","Block Reminder","Bossed Relics","DeckTracker","Energized Spire","GungeonMod","Minty Spire (QoL Compilation)","Quick Restart","Red Circlet Mod","StSLib","SuperFastMode","The Blue Laboratory"],"gold_per_floor":[116,116,66,83,8,40,69,69,96,96,113,125,25,37,37,136,136,148,148,247,263,363,389,420,463,475,487,516,544,566,594,618,630,642,752,764,793,819,202,213,63,91,91,0,0,0,27,40,40,54,54,54],"floor_reached":53,"language":"KOR","playtime":3944,"items_purged":["Strike_G","Defend_G","Writhe","Shame"],"score":1473,"play_id":"8abcb6e2-d3de-4353-ae12-d9c995cdb455","local_time":"20210223234306","is_ascension_mode":true,"campfire_choices":[{"data":"Terror","floor":8.0,"key":"SMITH"},{"data":"Neutralize","floor":10.0,"key":"SMITH"},{"data":"Dagger Spray","floor":15.0,"key":"SMITH"},{"data":"Adrenaline","floor":27.0,"key":"SMITH"},{"data":"Accuracy","floor":33.0,"key":"SMITH"},{"data":"Storm of Steel","floor":43,"key":"SMITH"},{"data":"Blade Dance","floor":46,"key":"SMITH"},{"floor":49,"key":"RECALL"},{"data":"Blade Dance","floor":51,"key":"SMITH"}],"circlet_count":0,"master_deck":["AscendersBane","Strike_G","Strike_G","Strike_G","Defend_G","Defend_G","Defend_G","Defend_G","Survivor","Neutralize+1","All Out Attack","Escape Plan","Terror+1","Dagger Spray+1","Backstab","Unload","Blade Dance+1","Calculated Gamble+1","Adrenaline+1","Accuracy+1","Storm of Steel+1","Blade Dance+1","Blade Dance+1","Acrobatics+1"],"relics":["Ring of the Snake","HandDrill","Mango","Tingsha","Lee\u0027s Waffle","Bag of Marbles","DemoMod:Metronome","FossilizedHelix","PreservedInsect","ClockworkSouvenir","Ancient Tea Set","Kunai","Odd Mushroom","MealTicket","energizedSpire:CursedPentagram","Art of War","MawBank","Ninja Scroll","DemoMod:RatBoots","DemoMod:ResourcefulSack","DemoMod:PartiallyEatenCheese","SlaversCollar","Oddly Smooth Stone","Anchor","DemoMod:GlassGuonStoneRelic","Incense Burner","Red Mask","DemoMod:DecoyRelic","Sundial"],"acts_visited":["Exordium","TheCity","DemoMod:Maze","TheBeyond"],"potions_floor_usage":[],"damage_taken":[{"damage":2.0,"enemies":"Jaw Worm","floor":1.0,"turns":5.0},{"damage":0.0,"enemies":"2 Louse","floor":4.0,"turns":1.0},{"damage":0.0,"enemies":"3 Sentries","floor":6.0,"turns":5.0},{"damage":0.0,"enemies":"The Mushroom Lair","floor":7.0,"turns":3.0},{"damage":0.0,"enemies":"Small Slimes","floor":11.0,"turns":3.0},{"damage":0.0,"enemies":"Exordium Thugs","floor":12.0,"turns":4.0},{"damage":0.0,"enemies":"Blue Slaver","floor":14.0,"turns":2.0},{"damage":66.0,"enemies":"Slime Boss","floor":16.0,"turns":13.0},{"damage":4.0,"enemies":"2 Thieves","floor":18.0,"turns":3.0},{"damage":0.0,"enemies":"Chosen","floor":21.0,"turns":3.0},{"damage":9.0,"enemies":"Book of Stabbing","floor":23.0,"turns":4.0},{"damage":0.0,"enemies":"Centurion and Healer","floor":24.0,"turns":4.0},{"damage":0.0,"enemies":"Slavers","floor":25.0,"turns":3.0},{"damage":0.0,"enemies":"DemoMod:4_Bullet_Kins","floor":28.0,"turns":1.0},{"damage":0.0,"enemies":"DemoMod:2_Veteran_bullet_kins_and_red_shotgun_kin","floor":29.0,"turns":2.0},{"damage":0.0,"enemies":"DemoMod:Red_and_blue_shotgun_kin_with_gunsinger","floor":30.0,"turns":3.0},{"damage":0.0,"enemies":"DemoMod:Veteran_shot_gun_kin_and_blue_shotgun_kin_with_gunsinger","floor":31.0,"turns":2.0},{"damage":3.0,"enemies":"DemoMod:Veteran_shot_gun_kin_and_blue_shotgun_kin","floor":32.0,"turns":2.0},{"damage":27.0,"enemies":"DemoMod:ResourcefulRat","floor":34.0,"turns":10.0},{"damage":13.0,"enemies":"DemoMod:ResourcefulRat","floor":35.0,"turns":8.0},{"damage":0.0,"enemies":"Orb Walker","floor":37.0,"turns":2.0},{"damage":0.0,"enemies":"3 Darklings","floor":38.0,"turns":2.0},{"damage":0,"enemies":"4 Shapes","floor":40,"turns":5},{"damage":0,"enemies":"Giant Head","floor":42,"turns":4},{"damage":0,"enemies":"Nemesis","floor":47,"turns":1},{"damage":0,"enemies":"Maw","floor":48,"turns":4},{"damage":0,"enemies":"Writhing Mass","floor":50,"turns":3},{"damage":0,"enemies":"Donu and Deca","floor":52,"turns":6}],"seed_played":"7967357454314779517","potions_obtained":[{"floor":4.0,"key":"blueLaboratory:FrostheartPotion"},{"floor":7.0,"key":"blueLaboratory:NinjaPotion"},{"floor":16.0,"key":"blueLaboratory:RememoryPotion"},{"floor":24.0,"key":"Regen Potion"},{"floor":25.0,"key":"blueLaboratory:BottledHope"},{"floor":35.0,"key":"Explosive Potion"},{"floor":42,"key":"blueLaboratory:PyrophylliteBrew"}],"is_trial":false,"path_per_floor":["M","?","?","M","$","E","?","R","T","R","M","M","$","M","R","B",null,"M","?","?","M","?","E","M","E","T","R","M","M","M","M","M","R","B","B",null,"M","M","$","M","$","E","R","?","T","R","E","M","R","M","R","B",null],"character_chosen":"THE_SILENT","items_purchased":["HandDrill","Mango","Lee\u0027s Waffle","Bag of Marbles","DemoMod:Metronome","DemoMod:GnawedKey","PreservedInsect","ClockworkSouvenir","blueLaboratory:FruitPunch","Oddly Smooth Stone","Anchor","Storm of Steel","Blade Dance"],"campfire_rested":0,"item_purchase_floors":[0,0,0,0,0,0,0,0,0,39,39,39,39],"current_hp_per_floor":[89,82,82,82,82,84,84,84,84,84,84,84,93,93,93,27,77,73,73,73,73,73,64,64,73,88,88,88,88,88,88,85,85,58,45,81,81,81,93,93,93,93,93,93,93,93,93,93,93,93,93,93],"gold":54,"neow_bonus":"","is_daily":false,"chose_seed":false,"campfire_upgraded":8,"win_rate":0.0,"timestamp":1614091386,"path_taken":["M","?","?","M","?","E","?","R","T","R","M","M","$","M","R","BOSS","M","?","?","M","?","E","M","E","T","R","M","M","M","M","M","R","BOSS","BOSS","M","M","$","M","$","E","R","?","T","R","E","M","R","M","R","BOSS"],"items_purchased_type":["Relic","Relic","Relic","Relic","Relic","Relic","Relic","Relic","Potion","Relic","Relic","Card","Card"],"build_version":"2020-12-22","purchased_purges":4,"victory":true,"max_hp_per_floor":[91,91,91,91,91,93,93,93,93,93,93,93,93,93,93,93,93,93,93,93,93,93,93,93,93,93,93,93,93,93,93,93,93,93,93,93,93,93,93,93,93,93,93,93,93,93,93,93,93,93,93,93],"card_choices":[{"not_picked":["Well Laid Plans","Acrobatics"],"picked":"All Out Attack","floor":1.0},{"not_picked":["Poisoned Stab","Endless Agony"],"picked":"Escape Plan","floor":4.0},{"not_picked":["Deflect","Skewer"],"picked":"Terror","floor":6.0},{"not_picked":["Underhanded Strike","Dash"],"picked":"Dagger Spray","floor":11.0},{"not_picked":["Riddle With Holes","Flechettes"],"picked":"Backstab","floor":12.0},{"not_picked":["Deflect","Backflip","Expertise"],"picked":"SKIP","floor":14.0},{"not_picked":["Storm of Steel","Envenom"],"picked":"Unload","floor":16.0},{"not_picked":["Deadly Poison","Backflip"],"picked":"Blade Dance","floor":18.0},{"not_picked":["Prepared","Leg Sweep+1"],"picked":"Calculated Gamble+1","floor":21.0},{"not_picked":["Slice","Cloak And Dagger"],"picked":"Adrenaline","floor":23.0},{"not_picked":["Endless Agony","Concentrate+1"],"picked":"Accuracy","floor":24.0},{"not_picked":["Deflect+1","All Out Attack","Reflex+1"],"picked":"SKIP","floor":25.0},{"not_picked":["Flechettes+1","Deadly Poison+1","Terror+1"],"picked":"SKIP","floor":28.0},{"not_picked":["Escape Plan+1","Dagger Throw","Bane"],"picked":"SKIP","floor":29.0},{"not_picked":["Dodge and Roll+1","Acrobatics+1","Dagger Throw+1"],"picked":"SKIP","floor":30.0},{"not_picked":["Outmaneuver","Dagger Spray","Dagger Throw"],"picked":"SKIP","floor":31.0},{"not_picked":["Outmaneuver+1","Poisoned Stab+1","Prepared"],"picked":"SKIP","floor":32.0},{"not_picked":["Escape Plan+1","Distraction","Dagger Spray"],"picked":"SKIP","floor":37.0},{"not_picked":["Dagger Spray+1","Dagger Throw+1","Expertise+1"],"picked":"SKIP","floor":38.0},{"not_picked":["Backflip","Bane"],"picked":"Blade Dance+1","floor":40},{"not_picked":["Skewer","PiercingWail+1"],"picked":"Acrobatics+1","floor":42},{"not_picked":["Distraction","Dagger Spray","Bane"],"picked":"SKIP","floor":47},{"not_picked":["Prepared","Catalyst+1","Eviscerate"],"picked":"SKIP","floor":48},{"not_picked":["Dagger Throw+1","Bane+1","Distraction+1"],"picked":"SKIP","floor":50}],"player_experience":331470,"relics_obtained":[{"floor":6.0,"key":"Kunai"},{"floor":7.0,"key":"Odd Mushroom"},{"floor":9.0,"key":"MealTicket"},{"floor":23.0,"key":"MawBank"},{"floor":25.0,"key":"Ninja Scroll"},{"floor":36.0,"key":"DemoMod:RatBoots"},{"floor":36.0,"key":"DemoMod:ResourcefulSack"},{"floor":36.0,"key":"DemoMod:PartiallyEatenCheese"},{"floor":36.0,"key":"SlaversCollar"},{"floor":42,"key":"Incense Burner"},{"floor":45,"key":"DemoMod:DecoyRelic"},{"floor":47,"key":"Sundial"}],"event_choices":[{"damage_healed":0.0,"max_hp_gain":0.0,"max_hp_loss":0.0,"gold_gain":0.0,"event_name":"betterThird:BetterScrap","player_choice":"Relic ","floor":2.0,"gold_loss":0.0,"damage_taken":7.0,"cards_obtained":["Chaos"]},{"cards_removed":["Strike_G"],"damage_healed":0.0,"max_hp_gain":0.0,"max_hp_loss":0.0,"gold_gain":0.0,"event_name":"The Cleric","player_choice":"Card Removal","floor":3.0,"gold_loss":50.0,"damage_taken":0.0},{"damage_healed":0.0,"max_hp_gain":0.0,"max_hp_loss":0.0,"gold_gain":0.0,"event_name":"Mushrooms","player_choice":"Fought Mushrooms","floor":7.0,"gold_loss":0.0,"damage_taken":0.0},{"damage_healed":0.0,"max_hp_gain":0.0,"max_hp_loss":0.0,"gold_gain":0.0,"event_name":"The Mausoleum","player_choice":"Opened","floor":19.0,"gold_loss":0.0,"damage_taken":0.0,"relics_obtained":["Art of War"],"cards_obtained":["Writhe"]},{"damage_healed":0.0,"max_hp_gain":0.0,"max_hp_loss":0.0,"gold_gain":99.0,"event_name":"betterThird:BetterNest","player_choice":"Steal","floor":20.0,"gold_loss":0.0,"damage_taken":0.0},{"damage_healed":0.0,"max_hp_gain":0.0,"max_hp_loss":0.0,"gold_gain":100.0,"event_name":"Golden Shrine","player_choice":"Pray","floor":22.0,"gold_loss":0.0,"damage_taken":0.0},{"damage_healed":0,"gold_gain":0,"player_choice":"Paid","damage_taken":0,"relics_obtained":["Red Mask"],"max_hp_gain":0,"max_hp_loss":0,"event_name":"Tomb of Lord Red Mask","floor":44,"gold_loss":91}],"is_beta":false,"boss_relics":[{"not_picked":["Tiny House","HoveringKite"],"picked":"energizedSpire:CursedPentagram"},{"not_picked":[]}],"items_purged_floors":[5,13,39,41],"is_endless":false,"potions_floor_spawned":[4,7,12,16,18,24,25,31,32,34,35,42,47,48],"ascension_level":11}}