{"host":"lv7etzzgwahaenh9","time":1614104671,"event":{"mods":["AchievementEnabler","BaseMod","Colored Map","Colored Powertips","Highlight Path","Minty Spire (QoL Compilation)","Permanent Neow","Quick Restart","Random Character Button","StSLib"],"gold_per_floor":[213,233,308,323,338,338,373,373,373,373,388,414,414,430,430,430,430],"floor_reached":16,"language":"ENG","playtime":445,"items_purged":[],"score":190,"play_id":"7595ba77-5dd8-469e-bfb9-2e4e0595522c","local_time":"20210223102431","is_ascension_mode":true,"campfire_choices":[{"data":"Fiend Fire","floor":6,"key":"SMITH"},{"data":"Bash","floor":8,"key":"SMITH"},{"data":"Defend_R","floor":10,"key":"SMITH"},{"floor":15,"key":"REST"}],"circlet_count":0,"master_deck":["AscendersBane","Strike_R","Strike_R","Strike_R","Strike_R","Strike_R","Defend_R","Defend_R","Defend_R","Defend_R+1","Bash+1","Anger","Rampage","Wild Strike","Fiend Fire+1","Iron Wave","Armaments","True Grit"],"relics":["Burning Blood","Potion Belt","Eternal Feather","Bottled Flame","Singing Bowl"],"acts_visited":["Exordium"],"potions_floor_usage":[7,14],"damage_taken":[{"damage":1.0,"enemies":"Cultist","floor":1.0,"turns":4.0},{"damage":8.0,"enemies":"Small Slimes","floor":2.0,"turns":4.0},{"damage":14.0,"enemies":"2 Louse","floor":4.0,"turns":3.0},{"damage":7,"enemies":"Exordium Wildlife","floor":5,"turns":4},{"damage":35,"enemies":"Lagavulin","floor":7,"turns":4},{"damage":4,"enemies":"3 Louse","floor":11,"turns":3},{"damage":27,"enemies":"Gremlin Nob","floor":12,"turns":4},{"damage":19,"enemies":"Gremlin Gang","floor":14,"turns":4},{"damage":42,"enemies":"Hexaghost","floor":16,"turns":9}],"seed_played":"-6025230581795410495","potions_obtained":[{"floor":1.0,"key":"EssenceOfSteel"},{"floor":2.0,"key":"Regen Potion"},{"floor":12,"key":"Weak Potion"}],"is_trial":false,"path_per_floor":["M","M","?","M","M","R","E","R","T","R","M","E","?","M","R","B"],"character_chosen":"IRONCLAD","items_purchased":[],"campfire_rested":1,"item_purchase_floors":[],"current_hp_per_floor":[73,71,60,52,51,51,34,34,34,43,45,24,21,8,39,0,0],"gold":430,"neow_bonus":"HUNDRED_GOLD","is_daily":false,"chose_seed":false,"campfire_upgraded":3,"win_rate":0.0,"timestamp":1614104671,"path_taken":["M","?","?","M","M","R","E","R","T","R","M","E","?","M","R","BOSS"],"items_purchased_type":[],"build_version":"2020-12-22","purchased_purges":0,"victory":false,"max_hp_per_floor":[75,75,75,75,75,75,75,75,75,75,75,75,75,75,75,75,75],"card_choices":[{"not_picked":["Dual Wield","True Grit"],"picked":"Anger","floor":1.0},{"not_picked":["Combust","Warcry"],"picked":"Rampage","floor":2.0},{"not_picked":["Havoc","Clothesline"],"picked":"Wild Strike","floor":4.0},{"not_picked":["Feel No Pain","Second Wind"],"picked":"Fiend Fire","floor":5},{"not_picked":["Heavy Blade","Pummel","Dropkick"],"picked":"SKIP","floor":7},{"not_picked":["Pommel Strike","Searing Blow"],"picked":"Iron Wave","floor":11},{"not_picked":["Iron Wave","Rampage"],"picked":"Armaments","floor":12},{"not_picked":["Rupture","Dark Embrace"],"picked":"True Grit","floor":14}],"player_experience":521034,"relics_obtained":[{"floor":7,"key":"Potion Belt"},{"floor":9,"key":"Eternal Feather"},{"floor":12,"key":"Bottled Flame"}],"event_choices":[{"damage_healed":0.0,"max_hp_gain":0.0,"max_hp_loss":0.0,"gold_gain":75.0,"event_name":"World of Goop","player_choice":"Gather Gold","floor":3.0,"gold_loss":0.0,"damage_taken":11.0},{"damage_healed":0,"gold_gain":0,"player_choice":"Success","damage_taken":3,"relics_obtained":["Singing Bowl"],"max_hp_gain":0,"max_hp_loss":0,"event_name":"Scrap Ooze","floor":13,"gold_loss":0}],"is_beta":false,"boss_relics":[],"items_purged_floors":[],"is_endless":false,"potions_floor_spawned":[1,2,12],"killed_by":"Hexaghost","ascension_level":14}}