{"host":"bux1pdxjwq4dkad9","time":1614063874,"event":{"mods":["Act Like it!","BaseMod","Colored Map","Minty Spire (QoL Compilation)","Quick Restart","Ring Of Destiny","Spicy Shops","StSLib","SuperFastMode","°æ“≈ŒÔMod°øºÚµ•”Œœ∑"],"gold_per_floor":[114,64,64,82,7,48,48,71,71,115,140,165,65,101,101,220,220,234,109,129,54,54,54,54,54,79,100,118,118,118,118,118,241,241,262,595,595,595,445,476,488,332,332,352,370,370,397,417,417,417,417,417,117,143,143],"floor_reached":56,"language":"ZHS","playtime":887,"items_purged":["RingOfDestiny:Strike_MB","RingOfDestiny:Strike_MB","RingOfDestiny:RestraintRing","Shame"],"score":2130,"play_id":"8ac2bb57-4393-416b-b792-eeb6431c9733","local_time":"20210223150434","is_ascension_mode":true,"campfire_choices":[{"data":"RingOfDestiny:DeathLeakage","floor":7.0,"key":"SMITH"},{"data":"RingOfDestiny:Enchantment","floor":15.0,"key":"SMITH"},{"floor":23.0,"key":"RECALL"},{"data":"RingOfDestiny:DeathLeakage","floor":25.0,"key":"SMITH"},{"data":"RingOfDestiny:DevilKiss","floor":29.0,"key":"SMITH"},{"data":"RingOfDestiny:Determination","floor":32,"key":"SMITH"},{"data":"RingOfDestiny:Defend_MB","floor":46,"key":"SMITH"},{"data":"RingOfDestiny:TimingBreath","floor":49,"key":"SMITH"},{"data":"RingOfDestiny:InnerFocus","floor":52,"key":"SMITH"}],"circlet_count":0,"master_deck":["RingOfDestiny:Defend_MB+1","RingOfDestiny:DeathLeakage+1","RingOfDestiny:DeathLeakage+1","RingOfDestiny:DarkShield","RingOfDestiny:InnerFocus+1","RingOfDestiny:MoonCurtain","RingOfDestiny:Nightmare","RingOfDestiny:Enchantment+1","RingOfDestiny:DevilKiss+1","RingOfDestiny:TimingBreath+1","RingOfDestiny:CurtainOfNight+1"],"relics":["RingOfDestiny:Flintlock","AT_LudenTempest","Unceasing Top","FossilizedHelix","Mercury Hourglass","Darkstone Periapt","Coffee Dripper","Matryoshka","Nunchaku","Busted Crown","Whetstone","Kunai","RingOfDestiny:GothicDress","Membership Card","Toxic Egg 2","Smiling Mask","TheAbacus","ClockworkSouvenir","Anchor","Boot","Art of War"],"acts_visited":["Exordium","RingOfDestiny:IdeologyCorridor","RingOfDestiny:KnowledgeHall","TheEnding"],"potions_floor_usage":[55,55,55],"damage_taken":[{"damage":0.0,"enemies":"2 Louse","floor":1.0,"turns":1.0},{"damage":0.0,"enemies":"Jaw Worm","floor":4.0,"turns":2.0},{"damage":0.0,"enemies":"RingOfDestiny:TalkingChest","floor":6.0,"turns":2.0},{"damage":0.0,"enemies":"2 Fungi Beasts","floor":8.0,"turns":2.0},{"damage":0.0,"enemies":"RingOfDestiny:TheMonitor","floor":10.0,"turns":4.0},{"damage":0.0,"enemies":"RingOfDestiny:EvilEye","floor":11.0,"turns":2.0},{"damage":0.0,"enemies":"Exordium Thugs","floor":12.0,"turns":2.0},{"damage":0.0,"enemies":"RingOfDestiny:TalkingChest","floor":14.0,"turns":2.0},{"damage":0.0,"enemies":"Hexaghost","floor":16.0,"turns":1.0},{"damage":0.0,"enemies":"Chosen","floor":18.0,"turns":1.0},{"damage":0.0,"enemies":"2 Thieves","floor":20.0,"turns":1.0},{"damage":0.0,"enemies":"Snake Plant","floor":27.0,"turns":1.0},{"damage":0.0,"enemies":"Centurion and Healer","floor":28.0,"turns":1.0},{"damage":0,"enemies":"Collector","floor":33,"turns":1},{"damage":0,"enemies":"3 Darklings","floor":35,"turns":1},{"damage":0,"enemies":"Reptomancer","floor":40,"turns":1},{"damage":0,"enemies":"Orb Walker","floor":41,"turns":1},{"damage":0,"enemies":"Sphere and 2 Shapes","floor":44,"turns":1},{"damage":0,"enemies":"3 Darklings","floor":45,"turns":1},{"damage":0,"enemies":"Giant Head","floor":47,"turns":1},{"damage":0,"enemies":"4 Shapes","floor":48,"turns":1},{"damage":0,"enemies":"Awakened One","floor":50,"turns":2},{"damage":0,"enemies":"Shield and Spear","floor":54,"turns":1},{"damage":0,"enemies":"The Heart","floor":55,"turns":3}],"seed_played":"-7881114713364554867","potions_obtained":[{"floor":10.0,"key":"BlessingOfTheForge"},{"floor":12.0,"key":"Explosive Potion"},{"floor":14.0,"key":"Dexterity Potion"},{"floor":27.0,"key":"Swift Potion"},{"floor":33,"key":"LiquidMemories"}],"is_trial":false,"path_per_floor":["M","?","?","M","$","E","R","M","T","E","M","M","$","E","R","B",null,"M","$","M","?","?","R","?","R","T","M","M","R","?","$","R","B",null,"M","?","?","T","$","E","M","$","T","M","M","R","E","M","R","B",null,"R","$","E","B",null],"character_chosen":"MagicBullet","items_purchased":["Membership Card","TheAbacus","ClockworkSouvenir","Anchor","Boot"],"campfire_rested":0,"item_purchase_floors":[42,53,53,53,53],"current_hp_per_floor":[88,88,66,66,66,66,66,66,66,66,66,66,66,66,66,66,83,83,83,83,83,83,83,89,89,89,89,89,89,89,89,89,89,94,94,94,94,94,94,94,94,94,94,94,94,94,94,94,94,94,95,95,95,95,95],"gold":143,"neow_bonus":"THREE_RARE_CARDS","is_daily":false,"chose_seed":false,"campfire_upgraded":8,"win_rate":0.0,"timestamp":1614063874,"path_taken":["M","?","?","M","?","E","R","M","T","E","?","M","$","E","R","BOSS","M","$","M","?","?","R","?","R","T","M","M","R","?","$","R","BOSS","M","?","?","?","$","E","M","?","T","M","M","R","E","M","R","BOSS","R","$","E","BOSS"],"items_purchased_type":["Relic","Relic","Relic","Relic","Relic"],"build_version":"2020-12-22","purchased_purges":4,"victory":true,"max_hp_per_floor":[89,89,89,89,89,89,89,89,89,89,89,89,89,89,89,89,89,89,89,89,89,89,89,95,95,95,95,95,95,95,95,95,95,95,95,95,95,95,95,95,95,95,95,95,95,95,95,95,95,95,95,95,95,95,95],"card_choices":[{"not_picked":["RingOfDestiny:VolleyBullet","RingOfDestiny:Demise"],"picked":"RingOfDestiny:MoonCurtain","floor":0.0},{"not_picked":["RingOfDestiny:DeadlyShoot","RingOfDestiny:DeathLeakage","RingOfDestiny:EtchSpirit"],"picked":"SKIP","floor":1.0},{"not_picked":["RingOfDestiny:Crimson","RingOfDestiny:RapidFire"],"picked":"RingOfDestiny:Nightmare","floor":4.0},{"not_picked":["RingOfDestiny:SecretAmmunition","RingOfDestiny:EtchPhantom"],"picked":"RingOfDestiny:Determination","floor":6.0},{"not_picked":["RingOfDestiny:Flash","RingOfDestiny:Epilogue","RingOfDestiny:Determination"],"picked":"SKIP","floor":8.0},{"not_picked":["RingOfDestiny:NimbleShield","RingOfDestiny:Reload"],"picked":"RingOfDestiny:Enchantment","floor":10.0},{"not_picked":["RingOfDestiny:Potential","RingOfDestiny:Illusion","RingOfDestiny:Enchantment"],"picked":"SKIP","floor":11.0},{"not_picked":["RingOfDestiny:VolleyBullet","RingOfDestiny:Illusion","RingOfDestiny:RapidFire"],"picked":"SKIP","floor":12.0},{"not_picked":["RingOfDestiny:AmmoRain","RingOfDestiny:BloodyLeakage","RingOfDestiny:InitialBullet"],"picked":"SKIP","floor":14.0},{"not_picked":["RingOfDestiny:Apoptosis+1","RingOfDestiny:DevilKiss","RingOfDestiny:DanceOfDeath"],"picked":"SKIP","floor":18.0},{"not_picked":["RingOfDestiny:GrowBullet","RingOfDestiny:Residual+1","RingOfDestiny:Prelude+1"],"picked":"SKIP","floor":20.0},{"not_picked":["RingOfDestiny:CurtainOfNight","RingOfDestiny:AmmoRain","RingOfDestiny:Nightmare"],"picked":"SKIP","floor":27.0},{"not_picked":["RingOfDestiny:DeathLeakage+1","RingOfDestiny:RapidFire","RingOfDestiny:DevilKiss"],"picked":"SKIP","floor":28.0},{"not_picked":["RingOfDestiny:DeathLeakage+1","RingOfDestiny:RapidFire"],"picked":"RingOfDestiny:DevilKiss","floor":28.0},{"not_picked":["RingOfDestiny:LethalTwins","RingOfDestiny:Elegance"],"picked":"RingOfDestiny:TimingBreath","floor":33},{"not_picked":["RingOfDestiny:EtchPhantom+1"],"picked":"SKIP","floor":35},{"not_picked":["RingOfDestiny:Strafing+1"],"picked":"SKIP","floor":40},{"not_picked":["RingOfDestiny:BlastBullet"],"picked":"SKIP","floor":41},{"not_picked":["RingOfDestiny:BlackLight"],"picked":"SKIP","floor":44},{"not_picked":["RingOfDestiny:RapidFire+1"],"picked":"SKIP","floor":45},{"not_picked":["RingOfDestiny:Strafing"],"picked":"SKIP","floor":47},{"not_picked":[],"picked":"RingOfDestiny:CurtainOfNight+1","floor":48},{"not_picked":["RingOfDestiny:ForgeBullet+1"],"picked":"SKIP","floor":54}],"player_experience":2449377,"relics_obtained":[{"floor":6.0,"key":"Unceasing Top"},{"floor":9.0,"key":"FossilizedHelix"},{"floor":10.0,"key":"Mercury Hourglass"},{"floor":14.0,"key":"Darkstone Periapt"},{"floor":26.0,"key":"Nunchaku"},{"floor":38,"key":"Whetstone"},{"floor":38,"key":"Kunai"},{"floor":40,"key":"RingOfDestiny:GothicDress"},{"floor":43,"key":"Toxic Egg 2"},{"floor":47,"key":"Smiling Mask"},{"floor":54,"key":"Art of War"}],"event_choices":[{"cards_removed":["RingOfDestiny:Strike_MB"],"damage_healed":0.0,"max_hp_gain":0.0,"max_hp_loss":0.0,"gold_gain":0.0,"event_name":"The Cleric","player_choice":"Card Removal","floor":2.0,"gold_loss":50.0,"damage_taken":0.0},{"damage_healed":0.0,"max_hp_gain":0.0,"max_hp_loss":0.0,"gold_gain":0.0,"event_name":"Golden Idol","player_choice":"Take Damage","floor":3.0,"gold_loss":0.0,"damage_taken":22.0,"relics_obtained":["Golden Idol"]},{"cards_removed":["RingOfDestiny:GrowBullet"],"damage_healed":0.0,"max_hp_gain":0.0,"max_hp_loss":0.0,"gold_gain":0.0,"event_name":"Beggar","player_choice":"Gave Gold","floor":21.0,"gold_loss":75.0,"damage_taken":0.0},{"damage_healed":0.0,"max_hp_gain":0.0,"max_hp_loss":0.0,"gold_gain":0.0,"event_name":"Vampires","player_choice":"Ignored","floor":22.0,"gold_loss":0.0,"damage_taken":0.0},{"damage_healed":0.0,"max_hp_gain":0.0,"max_hp_loss":0.0,"gold_gain":0.0,"event_name":"Addict","player_choice":"Stole Relic","floor":24.0,"gold_loss":0.0,"damage_taken":0.0,"relics_obtained":["Matryoshka"],"cards_obtained":["Shame"]},{"damage_healed":0,"gold_gain":0,"player_choice":"Ignored","damage_taken":0,"max_hp_gain":0,"max_hp_loss":0,"event_name":"Cursed Tome","floor":30,"gold_loss":0},{"damage_healed":0,"gold_gain":333,"player_choice":"Gave Idol","damage_taken":0,"max_hp_gain":0,"max_hp_loss":0,"event_name":"The Moai Head","floor":36,"relics_lost":["Golden Idol"],"gold_loss":0},{"cards_removed":["RingOfDestiny:Determination"],"damage_healed":0,"gold_gain":0,"player_choice":"Removed Skill","damage_taken":0,"max_hp_gain":0,"max_hp_loss":0,"event_name":"Falling","floor":37,"gold_loss":0}],"is_beta":false,"boss_relics":[{"not_picked":["Pandora\u0027s Box","Velvet Choker"],"picked":"Coffee Dripper"},{"not_picked":["Calling Bell","Fusion Hammer"],"picked":"Busted Crown"}],"items_purged_floors":[5,13,19,39],"is_endless":false,"potions_floor_spawned":[10,12,14,16,18,27,33,44,45,48],"ascension_level":9}}