{"host":"gfybn4j1d26rvz5e","time":1614054261,"event":{"mods":["BaseMod","Better Altar","Better Match","Better Note","Better Sensory Stone","Better Skull","Better Third Choice","BetterRewards","Highlight Path","Minty Spire (QoL Compilation)","Random Character Button","Relic Stats","StSLib"],"gold_per_floor":[114,134,149,168,178,178,192,223,273,273,273,288,318,333,333,436,436,452,462,109,109,109,136,136,136,187,187,197,2,31,47,47,146,146,163,183,183,183,196,196,211,211,211,211,211,21,40,4,4,4],"floor_reached":51,"language":"ENG","playtime":2250,"items_purged":["Strike_R","Strike_R","Strike_R+1"],"score":1389,"play_id":"67a2a582-e30a-45dc-bfda-7b89c3664135","local_time":"20210222222421","is_ascension_mode":true,"campfire_choices":[{"data":"Apotheosis","floor":6,"key":"SMITH"},{"data":"Intimidate","floor":10,"key":"SMITH"},{"data":"Inflame","floor":15,"key":"SMITH"},{"data":"Limit Break","floor":24,"key":"SMITH"},{"floor":32,"key":"REST"},{"floor":40,"key":"REST"},{"floor":42,"key":"REST"},{"data":"Demon Form","floor":44,"key":"SMITH"},{"floor":49,"key":"REST"}],"circlet_count":0,"master_deck":["AscendersBane","Strike_R+1","Defend_R+1","Defend_R+1","Defend_R+1","Defend_R+1","Bash","Apotheosis+1","Inflame+1","Twin Strike","Body Slam","Shrug It Off","Headbutt","Intimidate+1","Sword Boomerang","Limit Break+1","Metallicize","Fire Breathing+1","Madness+1","Wild Strike+1","Immolate","CurseOfTheBell","Demon Form+1","Battle Trance","Metallicize"],"relics":["Burning Blood","Bronze Scales","Smiling Mask","Nunchaku","Bottled Tornado","Busted Crown","Torii","Pen Nib","Boot","PreservedInsect","Calling Bell","Regal Pillow","Darkstone Periapt","Thread and Needle","Bottled Flame","Lee\u0027s Waffle"],"acts_visited":["Exordium","TheCity","TheBeyond"],"potions_floor_usage":[8,13,28,33,38,38,50,50],"damage_taken":[{"damage":2,"enemies":"Jaw Worm","floor":1,"turns":6},{"damage":2,"enemies":"Cultist","floor":2,"turns":4},{"damage":8,"enemies":"2 Louse","floor":3,"turns":3},{"damage":42,"enemies":"Gremlin Gang","floor":4,"turns":4},{"damage":6,"enemies":"Looter","floor":5,"turns":3},{"damage":1,"enemies":"Exordium Wildlife","floor":7,"turns":3},{"damage":8,"enemies":"Gremlin Nob","floor":8,"turns":3},{"damage":5,"enemies":"3 Louse","floor":12,"turns":3},{"damage":0,"enemies":"Lagavulin","floor":13,"turns":5},{"damage":7,"enemies":"2 Fungi Beasts","floor":14,"turns":3},{"damage":16,"enemies":"Hexaghost","floor":16,"turns":7},{"damage":2,"enemies":"3 Byrds","floor":18,"turns":4},{"damage":14,"enemies":"Shell Parasite","floor":19,"turns":3},{"damage":50,"enemies":"Slavers","floor":23,"turns":6},{"damage":6,"enemies":"Snake Plant","floor":28,"turns":4},{"damage":9,"enemies":"Book of Stabbing","floor":30,"turns":4},{"damage":0,"enemies":"3 Cultists","floor":31,"turns":3},{"damage":10,"enemies":"Automaton","floor":33,"turns":6},{"damage":19,"enemies":"3 Shapes","floor":35,"turns":7},{"damage":21,"enemies":"3 Darklings","floor":36,"turns":3},{"damage":24,"enemies":"Sphere and 2 Shapes","floor":38,"turns":4},{"damage":13,"enemies":"Maw","floor":39,"turns":7},{"damage":29,"enemies":"Spire Growth","floor":41,"turns":4},{"damage":36,"enemies":"3 Darklings","floor":47,"turns":4},{"damage":83,"enemies":"Donu and Deca","floor":50,"turns":7}],"seed_played":"3764253329545922323","potions_obtained":[{"floor":4,"key":"FearPotion"},{"floor":5,"key":"FearPotion"},{"floor":7,"key":"Weak Potion"},{"floor":14,"key":"GamblersBrew"},{"floor":23,"key":"LiquidMemories"},{"floor":27,"key":"SmokeBomb"},{"floor":28,"key":"LiquidBronze"},{"floor":41,"key":"BlessingOfTheForge"},{"floor":47,"key":"DistilledChaos"}],"is_trial":false,"path_per_floor":["M","M","M","M","M","R","M","E","T","R","?","M","E","M","R","B",null,"M","M","$","?","?","E","R","?","T","?","M","$","E","M","R","B",null,"M","M","?","M","M","R","M","R","T","R","?","$","M","$","R","B",null],"character_chosen":"IRONCLAD","items_purchased":["Apotheosis","Torii","Immolate","Battle Trance","Lee\u0027s Waffle","Metallicize"],"campfire_rested":4,"item_purchase_floors":[0,20,29,46,46,48],"current_hp_per_floor":[76,80,78,42,42,42,47,45,45,45,45,46,52,55,55,45,74,81,73,73,73,73,32,32,32,32,32,32,32,29,35,62,58,82,73,58,40,26,19,63,44,89,89,89,89,109,79,79,109,32],"gold":4,"neow_bonus":"","is_daily":false,"chose_seed":false,"campfire_upgraded":5,"win_rate":0.0,"timestamp":1614054261,"path_taken":["M","M","M","M","M","R","M","E","T","R","?","M","E","?","R","BOSS","M","M","$","?","?","E","R","?","T","?","M","$","E","M","R","BOSS","M","?","?","M","M","R","M","R","T","R","?","$","M","?","R","BOSS"],"items_purchased_type":["Card","Relic","Card","Card","Relic","Card"],"build_version":"2020-12-22","purchased_purges":3,"victory":true,"max_hp_per_floor":[80,80,80,80,80,80,80,80,80,80,80,80,80,84,84,84,84,87,87,87,87,87,90,90,90,90,90,90,90,90,90,90,90,90,94,94,94,98,98,98,102,102,102,102,102,109,109,109,109,109],"relic_stats":{"Darkstone Periapt":0,"Regal Pillow":30,"Lee\u0027s Waffle":20,"Torii":30,"counters":[146,667],"Pen Nib":[7],"PreservedInsect":0,"Smiling Mask":125,"Boot":[7],"Burning Blood":779,"Nunchaku":[12],"Busted Crown":32,"Bronze Scales":[328],"obtain_stats":[{"Ice Cream":7,"Calipers":0,"Vajra":29,"Bottled Tornado":13,"Boot":12,"Sling":21,"FaceOfCleric":28,"Prayer Wheel":0,"MealTicket":7,"Oddly Smooth Stone":41,"Eternal Feather":9,"Pen Nib":13,"Du-Vu Doll":8,"SlaversCollar":17,"Bottled Flame":43,"Bird Faced Urn":9,"Bronze Scales":43,"Snecko Eye":34,"Molten Egg 2":7,"Mark of Pain":17,"Unceasing Top":6,"Meat on the Bone":24,"Darkstone Periapt":34,"Lantern":27,"Regal Pillow":11,"Torii":36,"Mango":25,"Bag of Preparation":0,"Empty Cage":34,"Smiling Mask":26,"Burning Blood":0,"Dream Catcher":9,"Nunchaku":9,"Matryoshka":9,"Mummified Hand":13,"Pantograph":24,"Tiny Chest":29,"WingedGreaves":29,"Red Skull":47,"Paper Frog":19,"Potion Belt":26,"Lee\u0027s Waffle":46,"Self Forming Clay":31,"Golden Idol":5,"Thread and Needle":34,"The Courier":31,"PreservedInsect":0,"Omamori":26,"MawBank":26,"Calling Bell":34,"Anchor":19,"CaptainsWheel":0,"Busted Crown":17,"Ornamental Fan":45,"Art of War":14,"Coffee Dripper":17,"Membership Card":0,"Champion Belt":24,"Bottled Lightning":26,"Toy Ornithopter":7,"FossilizedHelix":0},{"Ice Cream":78,"Calipers":56,"Vajra":29,"Bottled Tornado":130,"Boot":101,"Sling":105,"FaceOfCleric":53,"Prayer Wheel":74,"MealTicket":90,"Oddly Smooth Stone":36,"Eternal Feather":78,"Pen Nib":22,"Du-Vu Doll":4,"SlaversCollar":6,"Bottled Flame":144,"Bird Faced Urn":4,"Bronze Scales":37,"Snecko Eye":13,"Molten Egg 2":114,"Mark of Pain":48,"Unceasing Top":3,"Meat on the Bone":68,"Darkstone Periapt":139,"Lantern":28,"Regal Pillow":62,"Torii":33,"Mango":52,"Bag of Preparation":41,"Empty Cage":31,"Smiling Mask":69,"Burning Blood":0,"Dream Catcher":19,"Nunchaku":128,"Matryoshka":60,"Mummified Hand":92,"Pantograph":9,"Tiny Chest":72,"WingedGreaves":54,"Red Skull":40,"Paper Frog":7,"Potion Belt":69,"Lee\u0027s Waffle":144,"Self Forming Clay":30,"Golden Idol":98,"Thread and Needle":139,"The Courier":12,"PreservedInsect":15,"Omamori":27,"MawBank":9,"Calling Bell":139,"Anchor":66,"CaptainsWheel":86,"Busted Crown":65,"Ornamental Fan":39,"Art of War":5,"Coffee Dripper":82,"Membership Card":74,"Champion Belt":107,"Bottled Lightning":107,"Toy Ornithopter":19,"FossilizedHelix":41},{"Ice Cream":351,"Calipers":254,"Vajra":120,"Bottled Tornado":591,"Boot":460,"Sling":482,"FaceOfCleric":235,"Prayer Wheel":336,"MealTicket":401,"Oddly Smooth Stone":152,"Eternal Feather":351,"Pen Nib":98,"Du-Vu Doll":14,"SlaversCollar":22,"Bottled Flame":656,"Bird Faced Urn":14,"Bronze Scales":155,"Snecko Eye":62,"Molten Egg 2":521,"Mark of Pain":214,"Unceasing Top":11,"Meat on the Bone":305,"Darkstone Periapt":631,"Lantern":117,"Regal Pillow":276,"Torii":140,"Mango":230,"Bag of Preparation":177,"Empty Cage":131,"Smiling Mask":309,"Burning Blood":0,"Dream Catcher":86,"Nunchaku":583,"Matryoshka":270,"Mummified Hand":412,"Pantograph":37,"Tiny Chest":326,"WingedGreaves":241,"Red Skull":170,"Paper Frog":26,"Potion Belt":309,"Lee\u0027s Waffle":656,"Self Forming Clay":124,"Golden Idol":445,"Thread and Needle":631,"The Courier":53,"PreservedInsect":71,"Omamori":114,"MawBank":37,"Calling Bell":631,"Anchor":295,"CaptainsWheel":385,"Busted Crown":292,"Ornamental Fan":165,"Art of War":16,"Coffee Dripper":369,"Membership Card":336,"Champion Belt":487,"Bottled Lightning":487,"Toy Ornithopter":86,"FossilizedHelix":177}]},"card_choices":[{"not_picked":["Anger","Clothesline"],"picked":"Inflame","floor":1},{"not_picked":["Sever Soul","Sword Boomerang"],"picked":"Twin Strike","floor":2},{"not_picked":["Armaments","Pommel Strike"],"picked":"Body Slam","floor":3},{"not_picked":["Metallicize","Thunderclap"],"picked":"Shrug It Off","floor":4},{"not_picked":["Thunderclap","Second Wind","Wild Strike"],"picked":"SKIP","floor":5},{"not_picked":["Armaments","Twin Strike"],"picked":"Headbutt","floor":7},{"not_picked":["Evolve","Flex"],"picked":"Intimidate","floor":8},{"not_picked":["Flex","Perfected Strike"],"picked":"Sword Boomerang","floor":12},{"not_picked":["Thunderclap","Anger"],"picked":"Feed","floor":13},{"not_picked":["Thunderclap","Blood for Blood","Inflame"],"picked":"SKIP","floor":14},{"not_picked":["Double Tap","Feed"],"picked":"Limit Break","floor":16},{"not_picked":["Body Slam"],"picked":"SKIP","floor":18},{"not_picked":["Metallicize"],"picked":"SKIP","floor":19},{"not_picked":[],"picked":"Metallicize","floor":19},{"not_picked":[],"picked":"Fire Breathing+1","floor":21},{"not_picked":[],"picked":"Madness+1","floor":21},{"not_picked":[],"picked":"Wild Strike+1","floor":23},{"not_picked":["Anger"],"picked":"SKIP","floor":28},{"not_picked":["Seeing Red"],"picked":"SKIP","floor":30},{"not_picked":["Intimidate"],"picked":"SKIP","floor":31},{"not_picked":["Iron Wave+1"],"picked":"SKIP","floor":35},{"not_picked":["Pommel Strike"],"picked":"SKIP","floor":36},{"not_picked":["Sword Boomerang"],"picked":"SKIP","floor":39},{"not_picked":["Headbutt"],"picked":"SKIP","floor":41},{"not_picked":["Sword Boomerang+1"],"picked":"SKIP","floor":47}],"player_experience":675566,"relics_obtained":[{"floor":8,"key":"Smiling Mask"},{"floor":9,"key":"Nunchaku"},{"floor":13,"key":"Bottled Tornado"},{"floor":23,"key":"Pen Nib"},{"floor":26,"key":"Boot"},{"floor":30,"key":"PreservedInsect"},{"floor":34,"key":"Regal Pillow"},{"floor":34,"key":"Darkstone Periapt"},{"floor":34,"key":"Thread and Needle"},{"floor":43,"key":"Bottled Flame"}],"event_choices":[{"cards_removed":["Strike_R"],"damage_healed":0,"gold_gain":0,"player_choice":"Purged","damage_taken":0,"max_hp_gain":0,"max_hp_loss":0,"event_name":"Purifier","floor":11,"gold_loss":0},{"damage_healed":0,"gold_gain":0,"player_choice":"2","damage_taken":0,"max_hp_gain":0,"max_hp_loss":0,"event_name":"betterMatch:BetterMatch","floor":21,"gold_loss":0,"cards_obtained":["betterMatch:UncommonCard","betterMatch:ColorlessUncommonCard"]},{"damage_healed":0,"gold_gain":0,"player_choice":"Ignored","damage_taken":0,"max_hp_gain":0,"max_hp_loss":0,"event_name":"Vampires","floor":22,"gold_loss":0},{"damage_healed":0,"gold_gain":0,"player_choice":"Simplicity","damage_taken":0,"max_hp_gain":0,"max_hp_loss":6,"event_name":"betterThird:BetterWriting","floor":25,"gold_loss":0},{"damage_healed":0,"gold_gain":0,"player_choice":"Got Potions","damage_taken":0,"max_hp_gain":0,"max_hp_loss":0,"event_name":"Lab","floor":27,"gold_loss":0},{"damage_healed":0,"gold_gain":3,"player_choice":"2","damage_taken":0,"max_hp_gain":0,"max_hp_loss":18,"event_name":"betterStone:BetterStone","floor":37,"gold_loss":0},{"cards_removed":["Feed"],"damage_healed":0,"gold_gain":0,"player_choice":"Removed Attack","damage_taken":0,"max_hp_gain":0,"max_hp_loss":0,"event_name":"Falling","floor":45,"gold_loss":0}],"is_beta":false,"boss_relics":[{"not_picked":["SacredBark","Tiny House"],"picked":"Busted Crown"},{"not_picked":["Black Star","Mark of Pain"],"picked":"Calling Bell"}],"items_purged_floors":[0,20,29],"is_endless":false,"potions_floor_spawned":[4,5,7,14,23,28,30,41,47],"ascension_level":10}}