{"host":"znuunkttinnn1f17","time":1614079151,"event":{"mods":["BaseMod","Colored Map","Downfall","Minty Spire (QoL Compilation)","Replay The Spire","StSLib"],"gold_per_floor":[111,111,123,48,61,93,109,109,163,163,210,60,60,79,79,180,180,200,200,10,38,60,60,89,89,114,114,141,171,194,223,223,327,327,246,121,173,193,391,391,407,407,407,425,425,427,427],"floor_reached":46,"language":"ENG","playtime":4049,"items_purged":["Strike_P","downfall:Haunted","downfall:Aged"],"score":577,"play_id":"63360ce9-830b-4f4a-ba67-458e5aaf0034","local_time":"20210223121911","is_ascension_mode":false,"campfire_choices":[{"data":"PathToVictory","floor":10.0,"key":"SMITH"},{"floor":13.0,"key":"REST"},{"data":"PathToVictory","floor":15.0,"key":"SMITH"},{"data":"LikeWater","floor":23.0,"key":"SMITH"},{"data":"Scrawl","floor":27.0,"key":"SMITH"},{"data":"DevaForm","floor":32.0,"key":"SMITH"},{"data":"Nirvana","floor":40.0,"key":"SMITH"},{"data":"PathToVictory","floor":42.0,"key":"SMITH"}],"circlet_count":0,"master_deck":["Defend_P","Defend_P","Defend_P","Defend_P","Eruption+1","Vigilance","Consecrate+1","PathToVictory+1","LikeWater+1","PathToVictory+1","Nirvana+1","ThirdEye","Scrawl+1","DeceiveReality+1","Sadistic Nature","Sanctity","Writhe","Replay:ManipulateFuture","Study","ThirdEye+1","DevaForm+1","CommonCold","CutThroughFate+1","Fasting2+1","Meditate","PathToVictory+1","PathToVictory+1","Amnesia","downfall:Bewildered","CommonCold"],"relics":["HolyWater","NeowsBlessing","Replay:Bottled Flurry","downfall:ExtraCursedKey","Replay:Bandana","Regal Pillow","Toy Ornithopter","Divine Protection","Kintsugi","Prayer Wheel","Whetstone","Ring of Chaos"],"acts_visited":["Exordium","TheCity","TheBeyond"],"potions_floor_usage":[46],"damage_taken":[{"damage":0.0,"enemies":"2 Louse","floor":1.0,"turns":1.0},{"damage":0.0,"enemies":"Cultist","floor":3.0,"turns":1.0},{"damage":0.0,"enemies":"Jaw Worm","floor":5.0,"turns":1.0},{"damage":18.0,"enemies":"Lagavulin","floor":6.0,"turns":6.0},{"damage":15.0,"enemies":"Exordium Thugs","floor":7.0,"turns":4.0},{"damage":25.0,"enemies":"3 Sentries","floor":11.0,"turns":10.0},{"damage":0.0,"enemies":"3 Louse","floor":14.0,"turns":1.0},{"damage":17.0,"enemies":"The Guardian","floor":16.0,"turns":7.0},{"damage":2.0,"enemies":"3 Byrds","floor":18.0,"turns":5.0},{"damage":0.0,"enemies":"Spheric Guardian","floor":21.0,"turns":3.0},{"damage":1.0,"enemies":"Centurion and Healer","floor":22.0,"turns":6.0},{"damage":0.0,"enemies":"3 Cultists","floor":24.0,"turns":4.0},{"damage":12.0,"enemies":"Shelled Parasite and Fungi","floor":28.0,"turns":5.0},{"damage":19.0,"enemies":"Book of Stabbing","floor":29.0,"turns":6.0},{"damage":6.0,"enemies":"Snake Plant","floor":30.0,"turns":5.0},{"damage":0.0,"enemies":"Centurion and Healer","floor":31.0,"turns":6.0},{"damage":28.0,"enemies":"Pondfish","floor":33.0,"turns":10.0},{"damage":21.0,"enemies":"Orb Walker","floor":35.0,"turns":5.0},{"damage":2.0,"enemies":"Mind Bloom Boss Battle","floor":37.0,"turns":7.0},{"damage":8.0,"enemies":"3 Shapes","floor":38.0,"turns":5.0},{"damage":13.0,"enemies":"Writhing Mass","floor":41.0,"turns":6.0},{"damage":7.0,"enemies":"3 Darklings","floor":44.0,"turns":5.0},{"damage":37,"enemies":"Nemesis","floor":46,"turns":3}],"seed_played":"3743865655434658457","potions_obtained":[{"floor":5.0,"key":"Adrenaline Potion"},{"floor":7.0,"key":"ColorlessPotion"},{"floor":14.0,"key":"SmokeBomb"},{"floor":16.0,"key":"SkillPotion"},{"floor":21.0,"key":"Ancient Potion"},{"floor":22.0,"key":"DuplicationPotion"},{"floor":28.0,"key":"Explosive Potion"},{"floor":37.0,"key":"AttackPotion"},{"floor":44.0,"key":"PowerPotion"}],"is_trial":false,"path_per_floor":["M","?","M","$","M","E","M","?","T","R","E","$","R","M","R","B",null,"M","?","$","M","M","R","M","$","T","R","M","E","M","M","R","B",null,"M","$","?","M","?","R","M","R","T","M","?","E"],"character_chosen":"WATCHER","items_purchased":["ThirdEye","Sadistic Nature"],"campfire_rested":1,"item_purchase_floors":[12,20],"current_hp_per_floor":[72,72,72,72,72,54,39,39,39,39,14,14,50,50,50,33,72,70,70,70,70,69,69,69,69,69,69,57,38,32,32,32,9,72,51,51,54,46,46,46,38,38,38,31,31,0,0],"gold":427,"neow_bonus":"THREE_ENEMY_KILL","is_daily":false,"chose_seed":false,"campfire_upgraded":7,"win_rate":0.0,"timestamp":1614079151,"path_taken":["M","?","M","$","?","E","M","?","T","R","E","?","R","M","R","BOSS","M","?","$","M","M","R","M","?","T","R","M","E","?","M","R","BOSS","M","$","?","M","?","R","M","R","T","?","?","E"],"items_purchased_type":["Card","Card"],"build_version":"2020-12-22","purchased_purges":3,"victory":false,"max_hp_per_floor":[72,72,72,72,72,72,72,72,72,72,72,72,72,72,72,72,72,72,72,72,72,72,72,72,72,72,72,72,72,72,72,72,72,72,72,72,72,72,72,72,72,72,72,72,72,72,72],"card_choices":[{"not_picked":["Protect","InnerPeace"],"picked":"Consecrate","floor":1.0},{"not_picked":["SandsOfTime","Evaluate"],"picked":"PathToVictory","floor":3.0},{"not_picked":["Evaluate","Replay:AtTheReady"],"picked":"LikeWater","floor":5.0},{"not_picked":["Halt","PathToVictory","CrushJoints"],"picked":"SKIP","floor":6.0},{"not_picked":["Halt","CrushJoints"],"picked":"PathToVictory","floor":6.0},{"not_picked":["BowlingBash","JustLucky"],"picked":"Nirvana","floor":7.0},{"not_picked":["SashWhip","Wallop","FlyingSleeves"],"picked":"SKIP","floor":11.0},{"not_picked":["Brilliance","FlurryOfBlows","Replay:Vibes"],"picked":"SKIP","floor":14.0},{"not_picked":["Judgement","LessonLearned"],"picked":"Scrawl","floor":16.0},{"not_picked":["SignatureMove","BattleHymn"],"picked":"DeceiveReality+1","floor":18.0},{"not_picked":["Indignation","FlurryOfBlows"],"picked":"Sanctity","floor":21.0},{"not_picked":["Crescendo","BowlingBash","Consecrate"],"picked":"SKIP","floor":22.0},{"not_picked":["Protect+1","EmptyFist","Vengeance+1"],"picked":"SKIP","floor":24.0},{"not_picked":["DeceiveReality","Consecrate+1"],"picked":"Replay:ManipulateFuture","floor":28.0},{"not_picked":["WreathOfFlame+1","CrushJoints"],"picked":"Study","floor":29.0},{"not_picked":["SashWhip","CrushJoints"],"picked":"ThirdEye+1","floor":30.0},{"not_picked":["Consecrate","SashWhip"],"picked":"DevaForm","floor":31.0},{"not_picked":["Replay:Battleflow","Meditate"],"picked":"CutThroughFate","floor":35.0},{"not_picked":["Halt+1","JustLucky+1"],"picked":"Fasting2+1","floor":37.0},{"not_picked":["SignatureMove","InnerPeace"],"picked":"Meditate","floor":38.0},{"not_picked":["Collect+1","Vengeance+1","SignatureMove"],"picked":"SKIP","floor":38.0},{"not_picked":["BowlingBash","CutThroughFate"],"picked":"PathToVictory+1","floor":39.0},{"not_picked":["Protect","WheelKick+1"],"picked":"PathToVictory","floor":41.0},{"not_picked":["EmptyBody+1","Replay:AtTheReady","CrushJoints+1"],"picked":"SKIP","floor":41.0},{"not_picked":["Wallop","Weave+1","CutThroughFate+1"],"picked":"SKIP","floor":44.0},{"not_picked":["Sanctity","ClearTheMind","Indignation"],"picked":"SKIP","floor":44.0}],"player_experience":243469,"relics_obtained":[{"floor":6.0,"key":"Replay:Bottled Flurry"},{"floor":9.0,"key":"Replay:Bandana"},{"floor":11.0,"key":"Regal Pillow"},{"floor":26.0,"key":"Toy Ornithopter"},{"floor":29.0,"key":"Divine Protection"},{"floor":37.0,"key":"Prayer Wheel"},{"floor":43.0,"key":"Whetstone"},{"floor":45.0,"key":"Ring of Chaos"}],"event_choices":[{"damage_healed":0.0,"max_hp_gain":0.0,"max_hp_loss":0.0,"gold_gain":0.0,"event_name":"Upgrade Shrine","player_choice":"Upgraded","floor":2.0,"gold_loss":0.0,"damage_taken":0.0,"cards_upgraded":["Consecrate"]},{"cards_removed":["Overencumbered"],"damage_healed":0.0,"max_hp_gain":0.0,"max_hp_loss":0.0,"gold_gain":0.0,"event_name":"Purifier","player_choice":"Purged","floor":19.0,"gold_loss":0.0,"damage_taken":0.0},{"damage_healed":0.0,"max_hp_gain":0.0,"max_hp_loss":0.0,"gold_gain":0.0,"event_name":"MindBloom","player_choice":"Fight","floor":37.0,"gold_loss":0.0,"damage_taken":0.0}],"is_beta":false,"boss_relics":[{"not_picked":["Calling Bell","Replay:Drink Me"],"picked":"HolyWater"},{"not_picked":["Replay:Grab Bag","Fusion Hammer"],"picked":"Kintsugi"}],"items_purged_floors":[4,12,36],"is_endless":false,"potions_floor_spawned":[5,7,14,16,21,22,28,30,37,44],"killed_by":"Nemesis","ascension_level":0}}