{"host":"zxd2l8an9de7z7b9","time":1614095977,"event":{"mods":["100% Spire Juice","2.2 Compatiblity","AchievementEnabler","BaseMod","CapriCore","Colored Map","Colored Powertips","Marisa£¨Ùöéë¡¡Øª×âÞÞ£©","Minty Spire (QoL Compilation)","Rare Cards Sparkle","StSLib","SuperFastMode","Td1madao Mod","everything is the same but u backflip on backflip"],"gold_per_floor":[110,60,60,60,78,78,108,108,108,108,121,121,179,198,198,302,302,313,60,72,83,97,97,128,128,128,128,5,104,178,278,278,377,377,390,408,408,408,156,184,184,184,184,111,126,1,1,16,16,16],"floor_reached":51,"language":"KOR","playtime":2104,"items_purged":["Defend_P","Strike_P","Defend_P"],"score":864,"play_id":"b82279f9-3e90-486e-99a1-4e9127576499","local_time":"20210224005937","is_ascension_mode":false,"campfire_choices":[{"data":"CrushJoints","floor":6.0,"key":"SMITH"},{"data":"Tantrum","floor":8.0,"key":"SMITH"},{"data":"MentalFortress","floor":10.0,"key":"SMITH"},{"floor":15.0,"key":"REST"},{"data":"Adaptation","floor":23.0,"key":"SMITH"},{"data":"MentalFortress","floor":25.0,"key":"SMITH"},{"data":"Prostrate","floor":27.0,"key":"SMITH"},{"data":"FlurryOfBlows","floor":32.0,"key":"SMITH"},{"data":"Evaluate","floor":42.0,"key":"SMITH"},{"data":"Adaptation","floor":47.0,"key":"SMITH"},{"data":"Vigilance","floor":49.0,"key":"SMITH"}],"circlet_count":0,"master_deck":["Strike_P","Strike_P","Defend_P","Eruption+1","Vigilance+1","Evaluate+1","CrushJoints+1","Tantrum+1","MentalFortress+1","Prostrate+1","Adaptation+1","ClearTheMind","FlurryOfBlows+1","Halt+1","Perseverance+1","SashWhip+1","MentalFortress+1","Evaluate+1","BowlingBash+1","Study+1","Jack Of All Trades+1","Madness+1","Madness+1","Adaptation+1","ClearTheMind+1"],"relics":["PureWater","Anchor","White Beast Statue","Shuriken","Dream Catcher","Coffee Dripper","Toxic Egg 2","Mummified Hand","Blue Candle","Ornamental Fan","FossilizedHelix","Pantograph","VioletLotus","Lantern","Potion Belt","Mercury Hourglass"],"acts_visited":["Exordium","TheCity","TheBeyond"],"potions_floor_usage":[50,50],"damage_taken":[{"damage":9.0,"enemies":"Small Slimes","floor":1.0,"turns":5.0},{"damage":0.0,"enemies":"Cultist","floor":5.0,"turns":2.0},{"damage":10.0,"enemies":"Lagavulin","floor":7.0,"turns":4.0},{"damage":0.0,"enemies":"2 Louse","floor":11.0,"turns":1.0},{"damage":0.0,"enemies":"Lagavulin Event","floor":13.0,"turns":2.0},{"damage":0.0,"enemies":"2 Fungi Beasts","floor":14.0,"turns":2.0},{"damage":0.0,"enemies":"Slime Boss","floor":16.0,"turns":5.0},{"damage":0.0,"enemies":"3 Byrds","floor":18.0,"turns":4.0},{"damage":0.0,"enemies":"Shell Parasite","floor":20.0,"turns":2.0},{"damage":0.0,"enemies":"Centurion and Healer","floor":21.0,"turns":3.0},{"damage":6.0,"enemies":"Snecko","floor":22.0,"turns":4.0},{"damage":0.0,"enemies":"Slavers","floor":24.0,"turns":3.0},{"damage":0.0,"enemies":"Colosseum Slavers","floor":31.0,"turns":2.0},{"damage":5.0,"enemies":"Colosseum Nobs","floor":31.0,"turns":4.0},{"damage":0.0,"enemies":"Collector","floor":33.0,"turns":8.0},{"damage":0.0,"enemies":"Orb Walker","floor":35.0,"turns":3.0},{"damage":0.0,"enemies":"3 Shapes","floor":36.0,"turns":4.0},{"damage":12.0,"enemies":"Nemesis","floor":40.0,"turns":7.0},{"damage":0.0,"enemies":"3 Darklings","floor":45.0,"turns":4.0},{"damage":0.0,"enemies":"Sphere and 2 Shapes","floor":48.0,"turns":3.0},{"damage":68,"enemies":"Time Eater","floor":50,"turns":6}],"seed_played":"-2558226269188314348","potions_obtained":[{"floor":1.0,"key":"Ancient Potion"},{"floor":4.0,"key":"DistilledChaos"},{"floor":4.0,"key":"PowerPotion"},{"floor":7.0,"key":"ColorlessPotion"},{"floor":11.0,"key":"DistilledChaos"},{"floor":13.0,"key":"Block Potion"},{"floor":14.0,"key":"SkillPotion"},{"floor":16.0,"key":"BottledMiracle"},{"floor":18.0,"key":"ColorlessPotion"},{"floor":20.0,"key":"GamblersBrew"},{"floor":21.0,"key":"Block Potion"},{"floor":22.0,"key":"ColorlessPotion"},{"floor":24.0,"key":"SpeedPotion"},{"floor":31.0,"key":"SkillPotion"},{"floor":33.0,"key":"AttackPotion"},{"floor":35.0,"key":"BottledMiracle"},{"floor":40.0,"key":"FairyPotion"},{"floor":45.0,"key":"BottledMiracle"},{"floor":48.0,"key":"Swift Potion"}],"is_trial":false,"path_per_floor":["M","?","?","?","M","R","E","R","T","R","M","?","?","M","R","B",null,"M","$","M","M","M","R","E","R","T","R","$","?","T","?","R","B",null,"M","M","?","?","$","E","?","R","T","$","M","$","R","M","R","B",null],"character_chosen":"WATCHER","items_purchased":["Toxic Egg 2","Evaluate+1","Lantern","Adaptation"],"campfire_rested":1,"item_purchase_floors":[19,28,39,44],"current_hp_per_floor":[63,63,63,63,63,63,53,53,53,53,53,20,20,20,41,41,72,72,72,72,72,66,66,66,66,66,66,66,66,66,61,61,72,72,72,72,72,72,72,60,51,51,51,51,51,51,51,51,51,4],"gold":16,"neow_bonus":"UPGRADE_CARD","is_daily":false,"chose_seed":false,"campfire_upgraded":10,"win_rate":0.0,"timestamp":1614095977,"path_taken":["M","?","?","?","?","R","E","R","T","R","M","?","?","M","R","BOSS","M","$","M","M","M","R","E","R","T","R","$","?","?","?","R","BOSS","M","M","?","?","?","E","?","R","T","$","?","$","R","M","R","BOSS"],"items_purchased_type":["Relic","Card","Relic","Card"],"build_version":"2020-12-22","purchased_purges":3,"victory":true,"max_hp_per_floor":[72,72,72,72,72,72,72,72,72,72,72,72,72,72,72,72,72,72,72,72,72,72,72,72,72,72,72,72,72,72,72,72,72,72,72,72,72,72,72,72,72,72,72,72,72,72,72,72,72,72],"card_choices":[{"not_picked":["Meditate","SashWhip"],"picked":"Evaluate","floor":1.0},{"not_picked":["Pray","EmptyBody"],"picked":"Tantrum","floor":5.0},{"not_picked":["FlyingSleeves","CrushJoints"],"picked":"MentalFortress","floor":7.0},{"not_picked":["LikeWater","FollowUp"],"picked":"Prostrate","floor":11.0},{"not_picked":["Vengeance","InnerPeace"],"picked":"Adaptation","floor":13.0},{"not_picked":["ThirdEye","CutThroughFate"],"picked":"ClearTheMind","floor":14.0},{"not_picked":["ReachHeaven","FollowUp"],"picked":"FlurryOfBlows","floor":15.0},{"not_picked":["Wireheading","ForeignInfluence+1","CrushJoints"],"picked":"SKIP","floor":18.0},{"not_picked":["FlyingSleeves","Worship+1"],"picked":"Halt+1","floor":20.0},{"not_picked":["Protect+1","WheelKick"],"picked":"Perseverance+1","floor":21.0},{"not_picked":["Consecrate","Scrawl+1"],"picked":"SashWhip+1","floor":22.0},{"not_picked":["TalkToTheHand","MasterReality"],"picked":"MentalFortress","floor":24.0},{"not_picked":["CutThroughFate","Halt+1"],"picked":"BowlingBash+1","floor":31.0},{"not_picked":["CrushJoints","FlyingSleeves","Evaluate+1"],"picked":"SKIP","floor":35.0},{"not_picked":["CrushJoints","FlyingSleeves","Evaluate+1"],"picked":"SKIP","floor":35.0},{"not_picked":["FlyingSleeves+1","Fasting2+1"],"picked":"Study+1","floor":36.0},{"not_picked":["Mind Blast","Enlightenment+1"],"picked":"Jack Of All Trades+1","floor":37.0},{"not_picked":["Protect+1","CarveReality","Collect+1"],"picked":"SKIP","floor":40.0},{"not_picked":["SignatureMove","Crescendo+1"],"picked":"ClearTheMind+1","floor":45.0},{"not_picked":["Crescendo+1","ThirdEye+1","CarveReality"],"picked":"SKIP","floor":48.0}],"player_experience":462785,"relics_obtained":[{"floor":7.0,"key":"Anchor"},{"floor":9.0,"key":"White Beast Statue"},{"floor":13.0,"key":"Dream Catcher"},{"floor":24.0,"key":"Mummified Hand"},{"floor":26.0,"key":"Blue Candle"},{"floor":30.0,"key":"Ornamental Fan"},{"floor":31.0,"key":"FossilizedHelix"},{"floor":31.0,"key":"Pantograph"},{"floor":40.0,"key":"Potion Belt"},{"floor":43.0,"key":"Mercury Hourglass"}],"event_choices":[{"cards_removed":["Defend_P"],"damage_healed":0.0,"max_hp_gain":0.0,"max_hp_loss":0.0,"gold_gain":0.0,"event_name":"The Cleric","player_choice":"Card Removal","floor":2.0,"gold_loss":50.0,"damage_taken":0.0},{"damage_healed":0.0,"max_hp_gain":0.0,"max_hp_loss":0.0,"gold_gain":0.0,"cards_transformed":["Strike_P"],"event_name":"Living Wall","player_choice":"Change","floor":3.0,"gold_loss":0.0,"damage_taken":0.0,"cards_obtained":["CrushJoints"]},{"damage_healed":0.0,"max_hp_gain":0.0,"max_hp_loss":0.0,"gold_gain":0.0,"event_name":"Lab","player_choice":"Got Potions","floor":4.0,"gold_loss":0.0,"damage_taken":0.0},{"damage_healed":0.0,"max_hp_gain":0.0,"max_hp_loss":0.0,"gold_gain":0.0,"event_name":"Scrap Ooze","player_choice":"Success","floor":12.0,"gold_loss":0.0,"damage_taken":33.0,"relics_obtained":["Shuriken"]},{"damage_healed":0.0,"max_hp_gain":0.0,"max_hp_loss":0.0,"gold_gain":30.0,"event_name":"Dead Adventurer","player_choice":"Searched \u00273\u0027 times","floor":13.0,"gold_loss":0.0,"damage_taken":0.0},{"damage_healed":0.0,"max_hp_gain":0.0,"max_hp_loss":0.0,"gold_gain":99.0,"event_name":"Nest","player_choice":"Stole From Cult","floor":29.0,"gold_loss":0.0,"damage_taken":0.0},{"damage_healed":0.0,"max_hp_gain":0.0,"max_hp_loss":0.0,"gold_gain":0.0,"event_name":"Colosseum","player_choice":"Fight","floor":31.0,"gold_loss":0.0,"damage_taken":0.0},{"damage_healed":0.0,"max_hp_gain":0.0,"max_hp_loss":0.0,"gold_gain":0.0,"event_name":"Colosseum","player_choice":"Fought Nobs","floor":31.0,"gold_loss":0.0,"damage_taken":0.0},{"damage_healed":0.0,"max_hp_gain":0.0,"max_hp_loss":0.0,"gold_gain":0.0,"event_name":"SensoryStone","player_choice":"Memory 1","floor":37.0,"gold_loss":0.0,"damage_taken":0.0},{"damage_healed":0.0,"max_hp_gain":0.0,"max_hp_loss":0.0,"gold_gain":0.0,"event_name":"Tomb of Lord Red Mask","player_choice":"Ignored","floor":38.0,"gold_loss":0.0,"damage_taken":0.0},{"damage_healed":0.0,"max_hp_gain":0.0,"max_hp_loss":0.0,"gold_gain":0.0,"event_name":"Winding Halls","player_choice":"Embrace Madness","floor":41.0,"gold_loss":0.0,"damage_taken":9.0,"cards_obtained":["Madness","Madness"]}],"is_beta":false,"boss_relics":[{"not_picked":["Velvet Choker","Runic Dome"],"picked":"Coffee Dripper"},{"not_picked":["Busted Crown","Pandora\u0027s Box"],"picked":"VioletLotus"}],"items_purged_floors":[28,39,46],"is_endless":false,"potions_floor_spawned":[1,5,7,11,13,14,16,18,20,21,22,24,31,31,33,35,36,40,45,48],"ascension_level":0}}