{"host":"5jyeqch4fosnsiz2","time":1614049031,"event":{"mods":["BaseMod","Bestiary","Colored Map","Colored Powertips","Filter the Spire","Minty Spire (QoL Compilation)","Relic Stats","StSLib","Waifu the Spire","ojb\u0027s Better Paths Mod","ojb\u0027s Info Mod"],"gold_per_floor":[112,131,131,150,167,167,195,195,195,227,247,247,287,302,302,421,421,440,440,195,294,125,160,100,100],"floor_reached":24,"language":"ENG","playtime":1215,"items_purged":["Capacitor","Strike_B"],"score":234,"play_id":"ab9261a7-97ea-42b5-a0ca-cd52c9e739fe","local_time":"20210222215711","is_ascension_mode":false,"campfire_choices":[{"data":"Streamline","floor":6,"key":"SMITH"},{"data":"Creative AI","floor":8,"key":"SMITH"},{"floor":15,"key":"REST"}],"circlet_count":0,"master_deck":["Strike_B","Strike_B","Strike_B","Defend_B+1","Defend_B","Defend_B","Zap","Dualcast+1","Streamline+1","Leap","Lockon","Creative AI+1","Double Energy","Echo Form","CurseOfTheBell","Static Discharge","Conserve Battery","Self Repair","Biased Cognition"],"relics":["Velvet Choker","Pantograph","StrikeDummy","War Paint","Bloody Idol","Anchor","Calling Bell","Tiny Chest","Shuriken","Ice Cream","Mummified Hand"],"acts_visited":["Exordium","TheCity"],"potions_floor_usage":[7,7,7,23,23],"damage_taken":[{"damage":0,"enemies":"2 Louse","floor":1,"turns":3},{"damage":0,"enemies":"Cultist","floor":2,"turns":4},{"damage":0,"enemies":"Small Slimes","floor":4,"turns":3},{"damage":0,"enemies":"Exordium Wildlife","floor":5,"turns":3},{"damage":12,"enemies":"3 Sentries","floor":7,"turns":8},{"damage":14,"enemies":"Gremlin Nob","floor":10,"turns":4},{"damage":13,"enemies":"Exordium Thugs","floor":11,"turns":4},{"damage":5,"enemies":"3 Sentries","floor":13,"turns":6},{"damage":2,"enemies":"Blue Slaver","floor":14,"turns":2},{"damage":32,"enemies":"Slime Boss","floor":16,"turns":10},{"damage":60,"enemies":"3 Byrds","floor":18,"turns":6},{"damage":12,"enemies":"Gremlin Leader","floor":23,"turns":6},{"damage":15,"enemies":"2 Thieves","floor":24,"turns":2}],"seed_played":"-6161369310543299371","potions_obtained":[{"floor":1,"key":"Swift Potion"},{"floor":4,"key":"EssenceOfSteel"},{"floor":5,"key":"DuplicationPotion"},{"floor":18,"key":"DistilledChaos"}],"is_trial":false,"path_per_floor":["M","M","?","M","M","R","E","R","T","E","M","?","E","M","R","B",null,"M","?","$","?","$","E","M"],"character_chosen":"DEFECT","items_purchased":["Static Discharge","Conserve Battery","Block Potion","Self Repair"],"campfire_rested":1,"item_purchase_floors":[20,20,20,22],"current_hp_per_floor":[75,75,75,75,75,75,63,63,63,49,36,36,31,29,49,37,69,9,9,9,14,14,14,0,0],"gold":100,"neow_bonus":"BOSS_RELIC","is_daily":false,"chose_seed":false,"campfire_upgraded":2,"win_rate":0.0,"timestamp":1614049031,"path_taken":["M","M","?","M","M","R","E","R","T","E","?","?","E","M","R","BOSS","M","?","?","?","$","E","M"],"items_purchased_type":["Card","Card","Potion","Card"],"build_version":"2020-12-22","purchased_purges":2,"victory":false,"max_hp_per_floor":[75,75,75,75,75,75,75,75,75,75,75,69,69,69,69,69,69,69,69,69,69,69,69,69,69],"relic_stats":{"counters":[13,60],"Shuriken":[0],"Mummified Hand":[5],"Pantograph":20,"Bloody Idol":10,"Tiny Chest":0,"War Paint":["Defend_B","Dualcast"],"obtain_stats":[{"Ice Cream":17,"Golden Idol":12,"Velvet Choker":0,"War Paint":10,"Calling Bell":17,"Anchor":13,"Shuriken":17,"Mummified Hand":23,"Pantograph":7,"Bloody Idol":19,"Tiny Chest":17,"Cracked Core":0,"StrikeDummy":9},{"Ice Cream":10,"Golden Idol":7,"Velvet Choker":0,"War Paint":6,"Calling Bell":10,"Anchor":8,"Shuriken":10,"Mummified Hand":12,"Pantograph":5,"Bloody Idol":11,"Tiny Chest":10,"Cracked Core":0,"StrikeDummy":5},{"Ice Cream":46,"Golden Idol":29,"Velvet Choker":0,"War Paint":25,"Calling Bell":46,"Anchor":34,"Shuriken":46,"Mummified Hand":58,"Pantograph":21,"Bloody Idol":52,"Tiny Chest":46,"Cracked Core":0,"StrikeDummy":21}]},"card_choices":[{"not_picked":["Turbo","Heatsinks"],"picked":"Capacitor","floor":1},{"not_picked":["Rebound","Turbo"],"picked":"Streamline","floor":2},{"not_picked":["Leap","Melter"],"picked":"Lockon","floor":4},{"not_picked":["Compile Driver","Recycle","Stack"],"picked":"SKIP","floor":5},{"not_picked":["Steam","Leap"],"picked":"Creative AI","floor":7},{"not_picked":["Turbo","Blizzard","Coolheaded"],"picked":"SKIP","floor":10},{"not_picked":["Coolheaded","Steam"],"picked":"Double Energy","floor":11},{"not_picked":["Sweeping Beam","Beam Cell","Cold Snap"],"picked":"SKIP","floor":13},{"not_picked":["Beam Cell","Sweeping Beam","Fusion"],"picked":"SKIP","floor":14},{"not_picked":["Biased Cognition","Fission"],"picked":"Echo Form","floor":16},{"not_picked":["Rebound","Loop","Beam Cell"],"picked":"SKIP","floor":18},{"not_picked":["Conserve Battery","Hello World"],"picked":"Biased Cognition","floor":23}],"player_experience":406493,"relics_obtained":[{"floor":7,"key":"Pantograph"},{"floor":9,"key":"StrikeDummy"},{"floor":10,"key":"War Paint"},{"floor":13,"key":"Anchor"},{"floor":17,"key":"Tiny Chest"},{"floor":17,"key":"Shuriken"},{"floor":17,"key":"Ice Cream"},{"floor":23,"key":"Mummified Hand"}],"event_choices":[{"damage_healed":0,"gold_gain":0,"cards_transformed":["Defend_B"],"player_choice":"Transformed","damage_taken":0,"max_hp_gain":0,"max_hp_loss":0,"event_name":"Transmorgrifier","floor":3,"gold_loss":0,"cards_obtained":["Leap"]},{"damage_healed":0,"gold_gain":0,"player_choice":"Lose Max HP","damage_taken":0,"relics_obtained":["Golden Idol"],"max_hp_gain":0,"max_hp_loss":6,"event_name":"Golden Idol","floor":12,"gold_loss":0},{"damage_healed":0,"gold_gain":0,"player_choice":"Gave Idol","damage_taken":0,"relics_obtained":["Bloody Idol"],"max_hp_gain":0,"max_hp_loss":0,"event_name":"Forgotten Altar","floor":19,"relics_lost":["Golden Idol"],"gold_loss":0},{"damage_healed":0,"gold_gain":99,"player_choice":"Stole From Cult","damage_taken":0,"max_hp_gain":0,"max_hp_loss":0,"event_name":"Nest","floor":21,"gold_loss":0}],"is_beta":false,"boss_relics":[{"not_picked":["Ectoplasm","Astrolabe"],"picked":"Calling Bell"}],"items_purged_floors":[20,22],"is_endless":false,"potions_floor_spawned":[1,4,5,18],"killed_by":"2 Thieves","ascension_level":0}}