{"host":"p4v0hquynnreu717","time":1614109689,"event":{"mods":["BaseMod","DeckTracker","Googly Eyes","Marisa£¨ìFÓê¡¡Ä§ÀíÉ³£©","Minty Spire (QoL Compilation)","MostiFishMod","Quick Restart","RumiaBox-Â¶Ã×æ«µÄÉñÃØºÐ×Ó","StSLib","SuperFastMode","[IsaacMod]ÒÔÈö¼âËþ","¡¾ÒÅÎï¿¨ÅÆ¡¿REMEMod"],"gold_per_floor":[153,207,132,132,132,132,174,174,197,292,28,28,131,237,237,433,433,521,521,396,88,145,317,317,353,353,554,647,941,1193,1550,1550,2188,2188,2262,2262,1185,1192,393,720,720,720,720],"floor_reached":42,"language":"ZHS","playtime":1724,"items_purged":["Defend_P","Defend_P","Strike_P","Strike_P","Strike_P","Eruption+1","Defend_P+1"],"score":1733,"play_id":"0f5d14a7-ff53-4274-ab57-7ace41861b80","local_time":"20210224034809","daily_mods":["Heirloom","Flight"],"is_ascension_mode":true,"campfire_choices":[{"floor":6.0,"key":"REST"},{"data":"Acceleration","floor":8.0,"key":"SMITH"},{"floor":12.0,"key":"REST"},{"data":"MilkyWay","floor":15.0,"key":"SMITH"},{"data":"PowerUp","floor":24.0,"key":"SMITH"},{"data":"Adaptation","floor":32.0,"key":"SMITH"},{"floor":41.0,"key":"RECALL"}],"circlet_count":0,"master_deck":["AscendersBane","Vigilance","Robbery+1","UltimateShortwave","Acceleration+1","MilkyWay+1","InnerPeace","Crescendo","MostiFishMod:Speedup","Adaptation+1","Crescendo","MostiFishMod:Adaptation","PowerUp+1","Crescendo","OortCloud+1","Vault","PropBag","Robbery","REME_FirmDetermination","EmptyBody+1"],"relics":["PureWater","HushsDoor","GuppysHead","Void","ShadowXiaoBlade","SynthV:TestCard","Vajra","MagicDraw4","Bag of Preparation","Philosopher\u0027s Stone","DoctorsRemote","GodSword7","Gremlin Horn","SalivaCoin","Pen Nib","UnicornStump","Coffee Dripper","Chemical X","Du-Vu Doll","Bird Faced Urn","Toxic Egg 2","Happy Flower","Chi","Ling","Blood Vial"],"acts_visited":["Exordium","TheCity","TheBeyond"],"potions_floor_usage":[],"damage_taken":[{"damage":14.0,"enemies":"Jaw Worm","floor":1.0,"turns":4.0},{"damage":12.0,"enemies":"Cultist","floor":2.0,"turns":5.0},{"damage":0.0,"enemies":"2 Louse","floor":7.0,"turns":3.0},{"damage":0.0,"enemies":"Gremlin Nob","floor":10.0,"turns":2.0},{"damage":21.0,"enemies":"3 Sentries","floor":13.0,"turns":5.0},{"damage":0.0,"enemies":"Lagavulin","floor":14.0,"turns":4.0},{"damage":12.0,"enemies":"Slime Boss","floor":16.0,"turns":6.0},{"damage":22.0,"enemies":"2 Thieves","floor":18.0,"turns":3.0},{"damage":0.0,"enemies":"Spheric Guardian","floor":22.0,"turns":2.0},{"damage":3.0,"enemies":"Gremlin Leader","floor":23.0,"turns":3.0},{"damage":16.0,"enemies":"Slavers","floor":25.0,"turns":5.0},{"damage":0.0,"enemies":"Book of Stabbing","floor":27.0,"turns":3.0},{"damage":0.0,"enemies":"Slavers","floor":28.0,"turns":2.0},{"damage":0.0,"enemies":"Book of Stabbing","floor":29.0,"turns":3.0},{"damage":0.0,"enemies":"Snecko","floor":30.0,"turns":6.0},{"damage":15.0,"enemies":"Gremlin Leader","floor":31.0,"turns":3.0},{"damage":0.0,"enemies":"Collector","floor":33.0,"turns":4.0},{"damage":0.0,"enemies":"3 Darklings","floor":35.0,"turns":4.0},{"damage":3.0,"enemies":"Reptomancer","floor":40.0,"turns":2.0},{"damage":0,"enemies":"Giant Head","floor":42,"turns":1}],"seed_played":"8932416216454766623","potions_obtained":[{"floor":1.0,"key":"Dexterity Potion"},{"floor":2.0,"key":"SpeedPotion"},{"floor":29.0,"key":"Ancient Potion"},{"floor":31.0,"key":"FairyPotion"}],"is_trial":true,"path_per_floor":["M","M","$","?","?","R","M","R","T","E","$","R","E","E","R","B",null,"M","?","$","$","M","E","R","E","T","E","E","E","M","E","R","B",null,"M","?","$","?","$","E","R","E"],"character_chosen":"WATCHER","items_purchased":["Orrery","PreservedInsect","Robbery","Chemical X","Du-Vu Doll","Bird Faced Urn","Toxic Egg 2","Happy Flower","ChiLing"],"campfire_rested":2,"item_purchase_floors":[11,21,37,37,37,37,39,39,39],"current_hp_per_floor":[47,35,35,35,15,35,35,35,35,35,35,55,36,38,38,26,58,36,36,36,36,36,35,35,21,21,23,25,27,29,16,16,16,51,51,51,51,41,41,54,54,58,58],"gold":720,"neow_bonus":"","is_daily":false,"chose_seed":false,"campfire_upgraded":4,"win_rate":0.0,"timestamp":1614109689,"path_taken":["M","M","$","?","?","R","M","R","T","E","$","R","E","E","R","BOSS","M","?","$","$","M","E","R","E","T","E","E","E","?","E","R","BOSS","M","?","$","?","$","E","R","E"],"items_purchased_type":["Relic","Relic","Card","Relic","Relic","Relic","Relic","Relic","Relic"],"build_version":"2020-12-22","purchased_purges":7,"victory":false,"max_hp_per_floor":[68,68,68,68,68,68,68,68,68,68,68,68,68,68,68,68,68,68,68,68,68,68,68,68,68,68,68,68,68,68,68,68,68,63,63,63,63,63,63,63,63,63,63],"card_choices":[{"not_picked":["MysteriousBeam","DC","SporeBomb"],"picked":"SKIP","floor":1.0},{"not_picked":["NonDirectionalLaser","DoubleSpark","GravityBeat","WaveOfTheHand","MysteriousBeam"],"picked":"SKIP","floor":2.0},{"not_picked":["GrandCross","ClearTheMind","6A","SporeBomb"],"picked":"Acceleration","floor":7.0},{"not_picked":["Establishment","Meditate","Acceleration","FlurryOfBlows"],"picked":"MilkyWay","floor":10.0},{"not_picked":["EmptyMind","ShootingEcho","SporeBomb","WheelKick"],"picked":"InnerPeace","floor":11.0},{"not_picked":["MagicChant","JustLucky","FlyingSleeves","CutThroughFate"],"picked":"Crescendo","floor":11.0},{"not_picked":["Protect","ShootingEcho","PulseMagic","REME_WorshipGod"],"picked":"MostiFishMod:Speedup","floor":11.0},{"not_picked":["ThirdEye","ClearTheMind","SashWhip","BattleHymn"],"picked":"Adaptation","floor":11.0},{"not_picked":["DarkSpark","ChargingUp","EmptyFist","BowlingBash","ThirdEye"],"picked":"SKIP","floor":13.0},{"not_picked":["ManaRampage","REME_Repentance","SuperPerseids","Vengeance"],"picked":"Crescendo","floor":14.0},{"not_picked":["SpiritShield","MillisecondPulsars","CasketOfStar","REME_WorshipGod"],"picked":"MostiFishMod:Adaptation","floor":16.0},{"not_picked":["DragonMeteor+1","EmptyFist","Consecrate","WitchOfGreed"],"picked":"PowerUp","floor":18.0},{"not_picked":["Weave","FlurryOfBlows","Evaluate","GravityBeat+1","Study"],"picked":"SKIP","floor":22.0},{"not_picked":["Occultation","DC","SandsOfTime","Pray","EventHorizon"],"picked":"SKIP","floor":23.0},{"not_picked":["Study","EmptyMind","Fasting2","Acceleration","MostiFishMod:ScryFuture"],"picked":"SKIP","floor":25.0},{"not_picked":["EscapeVelocity","StarlightTyphoon","Study","ThirdEye"],"picked":"Crescendo","floor":27.0},{"not_picked":["MilkyWay","DarkSpark","Conclude","MachineGunSpark","PathToVictory"],"picked":"SKIP","floor":28.0},{"not_picked":["Acceleration","SporeBomb+1","Perseverance","PowerUp","BowlingBash"],"picked":"SKIP","floor":29.0},{"not_picked":["Prostrate+1","FearNoEvil","AlicesGift+1","MysteriousBeam"],"picked":"OortCloud+1","floor":30.0},{"not_picked":["BlazeAway","DC","PathToVictory","OpenUniverse","ThirdEye"],"picked":"SKIP","floor":31.0},{"not_picked":["Brilliance","Alpha","FinalSpark","AbsoluteMagnitude"],"picked":"Vault","floor":33.0},{"not_picked":["BowlingBash","WindmillStrike","DarkMatter","WitchOfGreed","Wireheading"],"picked":"SKIP","floor":35.0},{"not_picked":["Panacea","MostiFishMod:JungleRules","Dramatic Entrance","Mayhem"],"picked":"REME_FirmDetermination","floor":38.0},{"not_picked":["ShootingEcho+1","FlyingSleeves+1","RefractionSpark+1","ChargeUpSpray+1"],"picked":"EmptyBody+1","floor":40.0}],"player_experience":1171843,"relics_obtained":[{"floor":1.0,"key":"SynthV:TestCard"},{"floor":9.0,"key":"Vajra"},{"floor":10.0,"key":"MagicDraw4"},{"floor":13.0,"key":"Bag of Preparation"},{"floor":14.0,"key":"Letter Opener"},{"floor":23.0,"key":"DoctorsRemote"},{"floor":25.0,"key":"GodSword7"},{"floor":26.0,"key":"Gremlin Horn"},{"floor":27.0,"key":"SalivaCoin"},{"floor":28.0,"key":"Pen Nib"},{"floor":29.0,"key":"UnicornStump"},{"floor":31.0,"key":"SynthV:C4"},{"floor":40.0,"key":"Blood Vial"}],"event_choices":[{"damage_healed":0.0,"max_hp_gain":0.0,"max_hp_loss":0.0,"gold_gain":0.0,"event_name":"Shining Light","player_choice":"Entered Light","floor":5.0,"gold_loss":0.0,"damage_taken":20.0,"cards_upgraded":["Defend_P","Eruption"]},{"cards_removed":["Defend_P"],"damage_healed":0.0,"max_hp_gain":0.0,"max_hp_loss":0.0,"gold_gain":0.0,"event_name":"Bonfire Elementals","player_choice":"Offered Basic","floor":19.0,"gold_loss":0.0,"damage_taken":0.0},{"damage_healed":0.0,"max_hp_gain":0.0,"max_hp_loss":0.0,"gold_gain":0.0,"cards_transformed":["Strike_P"],"event_name":"Transmorgrifier","player_choice":"Transformed","floor":36.0,"gold_loss":0.0,"damage_taken":0.0,"cards_obtained":["PropBag"]},{"damage_healed":0.0,"max_hp_gain":0.0,"max_hp_loss":0.0,"gold_gain":0.0,"event_name":"SensoryStone","player_choice":"Memory 3","floor":38.0,"gold_loss":0.0,"damage_taken":10.0}],"is_beta":false,"boss_relics":[{"not_picked":["REME_ChargedStone","REME_DuelDisc"],"picked":"Philosopher\u0027s Stone"},{"not_picked":[]},{"not_picked":["FixedStarFall","MagicMushroom"],"picked":"Coffee Dripper"},{"not_picked":[]}],"items_purged_floors":[3,11,20,21,34,37,39],"is_endless":false,"potions_floor_spawned":[1,2,10,25,27,29,31,40],"killed_by":"Giant Head","ascension_level":20}}