{"host":"idmgg8r816nmas40","time":1614063481,"event":{"mods":["AchievementEnabler","AlwaysNeverKeys","BaseMod","BetterRewards","Block Reminder","Colored Map","Colored Powertips","DeckTracker","Googly Eyes","Highlight Path","Minty Spire (QoL Compilation)","Quick Restart","Relic Stats","Shop Mod","StSLib","SuperFastMode","Synergy Search","Transform Curses"],"gold_per_floor":[119,84,99,118,128,128,153,153,202,235,235,235,235,235,235,311,311,321,336,336,10,28,28,28,55,55,55,55,55,55,75,75,147,147,163,163,179,105,116,116,116,116],"floor_reached":41,"language":"ENG","playtime":1217,"items_purged":["Writhe"],"score":688,"play_id":"1b5ad4ff-7c97-419b-86bf-2e8792b4b0f8","local_time":"20210222235801","is_ascension_mode":true,"campfire_choices":[{"data":"BattleHymn","floor":6,"key":"SMITH"},{"floor":8,"key":"REST"},{"floor":15,"key":"REST"},{"floor":23,"key":"REST"},{"floor":27,"key":"REST"},{"floor":30,"key":"REST"},{"floor":32,"key":"REST"},{"floor":40,"key":"REST"}],"circlet_count":0,"master_deck":["AscendersBane","Strike_P","Defend_P+1","Defend_P","Defend_P","Defend_P","Eruption","Vigilance+1","CrushJoints+1","MentalFortress","BattleHymn+1","Conclude","Perseverance+1","BattleHymn","Weave","Alpha","Wireheading","FlurryOfBlows","TalkToTheHand","CarveReality","FollowUp","Necronomicurse","BowlingBash","MasterReality","Halt+1","Tantrum+1","Collect+1","FlyingSleeves+1","BowlingBash","JustLucky","Fasting2+1"],"relics":["Black Star","Shuriken","Tiny Chest","Juzu Bracelet","HornCleat","WingedGreaves","Happy Flower","Fusion Hammer","Gremlin Horn","Smiling Mask","Meat on the Bone","War Paint","Question Card","Necronomicon","Astrolabe"],"acts_visited":["Exordium","TheCity","TheBeyond"],"potions_floor_usage":[1,5,10,16,25,33],"damage_taken":[{"damage":2,"enemies":"Cultist","floor":1,"turns":3},{"damage":0,"enemies":"2 Louse","floor":3,"turns":3},{"damage":0,"enemies":"Small Slimes","floor":4,"turns":3},{"damage":15,"enemies":"Exordium Thugs","floor":5,"turns":3},{"damage":33,"enemies":"Gremlin Nob","floor":7,"turns":5},{"damage":20,"enemies":"3 Sentries","floor":10,"turns":6},{"damage":40,"enemies":"The Guardian","floor":16,"turns":10},{"damage":16,"enemies":"Spheric Guardian","floor":18,"turns":4},{"damage":14,"enemies":"Shell Parasite","floor":19,"turns":4},{"damage":16,"enemies":"Snecko","floor":22,"turns":4},{"damage":48,"enemies":"Book of Stabbing","floor":25,"turns":6},{"damage":7,"enemies":"Centurion and Healer","floor":31,"turns":4},{"damage":58,"enemies":"Champ","floor":33,"turns":8},{"damage":13,"enemies":"3 Shapes","floor":35,"turns":2},{"damage":16,"enemies":"Orb Walker","floor":37,"turns":3},{"damage":50,"enemies":"Maw","floor":39,"turns":5},{"damage":48,"enemies":"Writhing Mass","floor":41,"turns":4}],"seed_played":"7216306098459117272","potions_obtained":[{"floor":1,"key":"Fruit Juice"},{"floor":4,"key":"PowerPotion"},{"floor":7,"key":"Strength Potion"},{"floor":10,"key":"StancePotion"},{"floor":22,"key":"ColorlessPotion"},{"floor":31,"key":"FearPotion"},{"floor":33,"key":"Explosive Potion"},{"floor":39,"key":"Energy Potion"}],"is_trial":false,"path_per_floor":["M","$","M","M","M","R","E","R","T","E","?","?","?","T","R","B",null,"M","M","?","$","M","R","?","E","T","R","T","?","R","M","R","B",null,"M","?","M","$","M","R","M"],"character_chosen":"WATCHER","items_purchased":["MentalFortress","Gremlin Horn","TalkToTheHand","JustLucky"],"campfire_rested":7,"item_purchase_floors":[2,21,21,38],"current_hp_per_floor":[68,68,68,68,53,53,20,43,43,23,16,41,41,41,64,24,64,48,34,34,34,18,41,66,18,18,41,41,25,48,41,64,18,62,49,68,52,52,14,37,0,0],"gold":116,"neow_bonus":"BOSS_RELIC","is_daily":false,"chose_seed":false,"campfire_upgraded":1,"win_rate":0.0,"timestamp":1614063481,"path_taken":["M","$","M","M","M","R","E","R","T","E","?","?","?","?","R","BOSS","M","M","?","?","M","R","?","E","T","R","?","?","R","M","R","BOSS","M","?","M","$","M","R","M"],"items_purchased_type":["Card","Relic","Card","Card"],"build_version":"2020-12-22","purchased_purges":1,"victory":false,"max_hp_per_floor":[77,77,77,77,77,77,77,77,77,77,77,77,77,77,77,77,77,77,77,77,77,77,77,77,77,77,77,77,77,77,77,77,77,77,77,77,77,77,77,77,77,77],"relic_stats":{"Happy Flower":[18],"Gremlin Horn":[3,3],"counters":[17,77],"Astrolabe":["Halt","Tantrum","Collect"],"Juzu Bracelet":2,"War Paint":["Vigilance","Defend_P"],"Smiling Mask":25,"Question Card":5,"Shuriken":[27],"Tiny Chest":2,"Black Star":3,"Necronomicon":[1],"obtain_stats":[{"Happy Flower":14,"Gremlin Horn":21,"Astrolabe":34,"Juzu Bracelet":9,"War Paint":26,"Smiling Mask":25,"Question Card":28,"HornCleat":10,"Shuriken":7,"Tiny Chest":7,"WingedGreaves":10,"Fusion Hammer":17,"Black Star":0,"Necronomicon":29,"PureWater":0,"Meat on the Bone":25},{"Happy Flower":6,"Gremlin Horn":9,"Astrolabe":13,"Juzu Bracelet":5,"War Paint":11,"Smiling Mask":11,"Question Card":11,"HornCleat":6,"Shuriken":5,"Tiny Chest":5,"WingedGreaves":6,"Fusion Hammer":7,"Black Star":0,"Necronomicon":11,"PureWater":0,"Meat on the Bone":11},{"Happy Flower":23,"Gremlin Horn":41,"Astrolabe":63,"Juzu Bracelet":17,"War Paint":51,"Smiling Mask":51,"Question Card":51,"HornCleat":23,"Shuriken":17,"Tiny Chest":17,"WingedGreaves":23,"Fusion Hammer":33,"Black Star":0,"Necronomicon":51,"PureWater":0,"Meat on the Bone":51}],"Meat on the Bone":24},"card_choices":[{"not_picked":["Sanctity","EmptyBody"],"picked":"CrushJoints","floor":1},{"not_picked":["Weave","Study"],"picked":"BattleHymn","floor":3},{"not_picked":["CutThroughFate","Evaluate"],"picked":"Conclude","floor":4},{"not_picked":["CrushJoints","FlyingSleeves"],"picked":"Perseverance","floor":5},{"not_picked":["CutThroughFate","EmptyFist"],"picked":"BattleHymn","floor":7},{"not_picked":["CutThroughFate","PathToVictory"],"picked":"Weave","floor":10},{"not_picked":["DevaForm","Scrawl"],"picked":"Alpha","floor":16},{"not_picked":["Halt","CutThroughFate"],"picked":"Wireheading","floor":18},{"not_picked":["Prostrate","Halt"],"picked":"FlurryOfBlows","floor":19},{"not_picked":["SashWhip","Evaluate"],"picked":"CarveReality","floor":22},{"not_picked":["SashWhip","ClearTheMind"],"picked":"FollowUp","floor":25},{"not_picked":["EmptyMind","FearNoEvil","Halt"],"picked":"BowlingBash","floor":31},{"not_picked":["DeusExMachina","Brilliance","Omniscience"],"picked":"MasterReality","floor":33},{"not_picked":["EmptyBody","Protect","ForeignInfluence"],"picked":"FlyingSleeves+1","floor":35},{"not_picked":["CutThroughFate","Prostrate","Vengeance"],"picked":"BowlingBash","floor":37},{"not_picked":["Halt","EmptyBody","Protect+1"],"picked":"Fasting2+1","floor":39}],"player_experience":1110066,"relics_obtained":[{"floor":7,"key":"Shuriken"},{"floor":7,"key":"Tiny Chest"},{"floor":9,"key":"Juzu Bracelet"},{"floor":10,"key":"HornCleat"},{"floor":10,"key":"WingedGreaves"},{"floor":14,"key":"Happy Flower"},{"floor":25,"key":"Smiling Mask"},{"floor":25,"key":"Meat on the Bone"},{"floor":26,"key":"War Paint"},{"floor":28,"key":"Question Card"},{"floor":29,"key":"Necronomicon"}],"event_choices":[{"damage_healed":0,"gold_gain":0,"player_choice":"Fled","damage_taken":7,"max_hp_gain":0,"max_hp_loss":0,"event_name":"Scrap Ooze","floor":11,"gold_loss":0},{"damage_healed":25,"gold_gain":0,"player_choice":"Banana","damage_taken":0,"max_hp_gain":0,"max_hp_loss":0,"event_name":"Big Fish","floor":12,"gold_loss":0},{"damage_healed":0,"gold_gain":0,"player_choice":"Grow","damage_taken":0,"max_hp_gain":0,"max_hp_loss":0,"event_name":"Living Wall","floor":13,"gold_loss":0,"cards_upgraded":["CrushJoints"]},{"damage_healed":0,"gold_gain":0,"player_choice":"Upgraded","damage_taken":0,"max_hp_gain":0,"max_hp_loss":0,"event_name":"Upgrade Shrine","floor":20,"gold_loss":0,"cards_upgraded":["Perseverance"]},{"damage_healed":25,"gold_gain":0,"player_choice":"Heal","damage_taken":0,"max_hp_gain":0,"max_hp_loss":0,"event_name":"The Library","floor":24,"gold_loss":0},{"damage_healed":0,"gold_gain":0,"player_choice":"Obtained Book","damage_taken":16,"max_hp_gain":0,"max_hp_loss":0,"event_name":"Cursed Tome","floor":29,"gold_loss":0},{"damage_healed":19,"gold_gain":0,"player_choice":"Writhe","damage_taken":0,"max_hp_gain":0,"max_hp_loss":0,"event_name":"Winding Halls","floor":36,"gold_loss":0,"cards_obtained":["Writhe"]}],"is_beta":false,"boss_relics":[{"not_picked":["Coffee Dripper","Philosopher\u0027s Stone"],"picked":"Fusion Hammer"},{"not_picked":["Runic Pyramid","Runic Dome"],"picked":"Astrolabe"}],"items_purged_floors":[38],"is_endless":false,"potions_floor_spawned":[1,4,7,10,22,31,33,39],"killed_by":"Writhing Mass","ascension_level":13}}