{"host":"IMPacifista","time":1614065563,"event":{"mods":["BaseMod","Minty Spire (QoL Compilation)"],"gold_per_floor":[109,119,194,194,42,73,73,98,124,157,173,173,186,200,200,200,200],"floor_reached":16,"language":"ENG","playtime":625,"items_purged":[],"score":210,"play_id":"c4a766ca-c654-4faa-873b-3fd93af1207a","local_time":"20210222233243","is_ascension_mode":true,"campfire_choices":[{"data":"Infernal Blade","floor":7,"key":"SMITH"},{"floor":12,"key":"REST"},{"floor":15,"key":"REST"}],"circlet_count":0,"master_deck":["Strike_R","Strike_R","Strike_R","Strike_R","Defend_R","Defend_R","Defend_R","Defend_R","Bash","Thunderclap","Spot Weakness","Infernal Blade+1","Pommel Strike","Demon Form","Whirlwind","Twin Strike"],"relics":["Burning Blood","NeowsBlessing","Lantern","Art of War","Unceasing Top","Potion Belt","Calipers"],"acts_visited":["Exordium"],"potions_floor_usage":[8,10],"damage_taken":[{"damage":0,"enemies":"Cultist","floor":1,"turns":1},{"damage":0,"enemies":"Small Slimes","floor":2,"turns":1},{"damage":0,"enemies":"Gremlin Nob","floor":6,"turns":1},{"damage":35,"enemies":"3 Sentries","floor":8,"turns":7},{"damage":37,"enemies":"Lagavulin","floor":10,"turns":7},{"damage":2,"enemies":"2 Louse","floor":11,"turns":2},{"damage":5,"enemies":"Gremlin Gang","floor":13,"turns":3},{"damage":11,"enemies":"Looter","floor":14,"turns":3},{"damage":71,"enemies":"The Guardian","floor":16,"turns":7}],"seed_played":"-3000192179461508643","potions_obtained":[{"floor":6,"key":"ColorlessPotion"},{"floor":8,"key":"CultistPotion"},{"floor":10,"key":"Explosive Potion"}],"is_trial":false,"path_per_floor":["M","M","?","?","$","E","R","E","T","E","M","R","M","M","R","B"],"character_chosen":"IRONCLAD","items_purchased":["Lantern"],"campfire_rested":2,"item_purchase_floors":[5],"current_hp_per_floor":[78,80,69,69,69,75,75,46,46,15,19,43,44,39,63,0,0],"gold":200,"neow_bonus":"THREE_ENEMY_KILL","is_daily":false,"chose_seed":false,"campfire_upgraded":1,"win_rate":0.0,"timestamp":1614065563,"path_taken":["M","M","?","?","$","E","R","E","T","E","M","R","M","M","R","BOSS"],"items_purchased_type":["Relic"],"build_version":"2020-12-18","purchased_purges":0,"victory":false,"max_hp_per_floor":[80,80,80,80,80,80,80,80,80,80,80,80,80,80,80,80,80],"card_choices":[{"not_picked":["Headbutt","Anger"],"picked":"Thunderclap","floor":1},{"not_picked":["Dark Embrace","Second Wind","Rage"],"picked":"SKIP","floor":2},{"not_picked":["Infernal Blade","Headbutt","Heavy Blade"],"picked":"SKIP","floor":6},{"not_picked":["Headbutt","Heavy Blade"],"picked":"Infernal Blade","floor":6},{"not_picked":["Power Through","Havoc"],"picked":"Pommel Strike","floor":8},{"not_picked":["Juggernaut","Power Through"],"picked":"Demon Form","floor":10},{"not_picked":["Dual Wield","Dark Embrace","Clash"],"picked":"SKIP","floor":11},{"not_picked":["Thunderclap","Heavy Blade"],"picked":"Whirlwind","floor":13},{"not_picked":["Flame Barrier","Dark Embrace"],"picked":"Twin Strike","floor":14}],"player_experience":328396,"relics_obtained":[{"floor":6,"key":"Art of War"},{"floor":8,"key":"Unceasing Top"},{"floor":9,"key":"Potion Belt"},{"floor":10,"key":"Calipers"}],"event_choices":[{"damage_healed":0,"gold_gain":75,"player_choice":"Gather Gold","damage_taken":11,"max_hp_gain":0,"max_hp_loss":0,"event_name":"World of Goop","floor":3,"gold_loss":0},{"damage_healed":0,"gold_gain":0,"cards_transformed":["Strike_R"],"player_choice":"Change","damage_taken":0,"max_hp_gain":0,"max_hp_loss":0,"event_name":"Living Wall","floor":4,"gold_loss":0,"cards_obtained":["Spot Weakness"]}],"is_beta":true,"boss_relics":[],"items_purged_floors":[],"is_endless":false,"potions_floor_spawned":[6,8,10],"killed_by":"The Guardian","ascension_level":9}}