{"host":"m2qkn877fkm57m2k","time":1614121817,"event":{"mods":["AchievementEnabler","Bartender","BaseMod","Colored Map","Koishi","Magitek Elite","Minty Spire (QoL Compilation)","Permanent Neow","Relic Sorter","StSLib"],"gold_per_floor":[113,113,133,133,208,208,244,244,544,544,567,580,601,201,201,332,332,351,94,117,142,166,187,187,205,205,246,246,290,19,53,53,181,181,195,258,258,283,301,301,320,320,320,56,99,117,155,180,180,180],"floor_reached":51,"language":"ENG","playtime":9878,"items_purged":["Koishi:BasicStrike","Koishi:BasicStrike","Koishi:BasicStrike"],"score":844,"play_id":"0ba1045e-1de6-400b-b2b5-b8555a22e3a4","local_time":"20210224001017","is_ascension_mode":false,"campfire_choices":[{"data":"Koishi:PhantomBarrier","floor":6.0,"key":"SMITH"},{"data":"Koishi:StingingMind","floor":8.0,"key":"SMITH"},{"data":"Koishi:Provoke","floor":10.0,"key":"SMITH"},{"data":"Koishi:HauntingSlash","floor":15.0,"key":"SMITH"},{"data":"Koishi:JumpScare","floor":24.0,"key":"SMITH"},{"data":"Koishi:MentalBreakdown","floor":28.0,"key":"SMITH"},{"data":"Koishi:VengefulSpirit","floor":32,"key":"SMITH"},{"data":"Koishi:Heartbroken","floor":40,"key":"SMITH"},{"data":"Koishi:DNAsFlaw","floor":42,"key":"SMITH"},{"data":"Koishi:BramblyRoseGarden","floor":49,"key":"SMITH"}],"circlet_count":0,"master_deck":["Koishi:BasicDefend","Koishi:BasicDefend","Koishi:BasicDefend","Koishi:Provoke+1","Koishi:HauntingSlash+1","Koishi:VengefulSpirit+1","Koishi:PhantomBarrier+1","Koishi:StingingMind+1","Koishi:PhilosophyOfTheDespised","Koishi:ImGoingToCallYouNow","Koishi:DanmakuParanoia","Koishi:DNAsFlaw+1","Koishi:YoukaiPolygraph","Koishi:MentalBreakdown+1","Koishi:BramblyRoseGarden+1","Koishi:PhantomBarrier","Koishi:Untouchable+1","Koishi:ParalyzingFear","Koishi:JumpScare+1","Koishi:FleetingPhantom","Koishi:GrowingPain","Koishi:PhilosophyOfTheDespised","Koishi:Heartbroken+1","Koishi:UnconsciousUprising+1","Koishi:MindNumbingTerror","Koishi:ApparitionsStalkTheNight","Koishi:Untouchable+1","Koishi:TremblingHands","Koishi:ApparitionsStalkTheNight","Koishi:DanmakuParanoia+1"],"relics":["Koishi:ImaginaryFriend","Golden Idol","Blood Vial","Old Coin","Orichalcum","Black Star","Cleaning_Rag","StoneCalendar","Meat on the Bone","CaptainsWheel","Bronze Scales","Koishi:AHoleWhereASisterShouldBe","Centennial Puzzle","Mythril_Glove","Bag of Preparation","Empty Cage","Choco_Feather","Ornamental Fan","PreservedInsect","Koishi:LettersToReimu","Toxic Egg 2","Unceasing Top","Gambling Chip"],"acts_visited":["Exordium","TheCity","TheBeyond"],"potions_floor_usage":[50,50],"damage_taken":[{"damage":1.0,"enemies":"Jaw Worm","floor":1.0,"turns":5.0},{"damage":1.0,"enemies":"Cultist","floor":3.0,"turns":4.0},{"damage":12.0,"enemies":"Gremlin Nob","floor":7.0,"turns":10.0},{"damage":0.0,"enemies":"2 Louse","floor":11.0,"turns":5.0},{"damage":5.0,"enemies":"Lots of Slimes","floor":12.0,"turns":7.0},{"damage":0.0,"enemies":"Large Slime","floor":13.0,"turns":7.0},{"damage":7.0,"enemies":"Hexaghost","floor":16.0,"turns":15.0},{"damage":5.0,"enemies":"Chosen","floor":18.0,"turns":6.0},{"damage":9.0,"enemies":"Spheric Guardian","floor":20.0,"turns":11.0},{"damage":8.0,"enemies":"Shelled Parasite and Fungi","floor":21.0,"turns":7.0},{"damage":13.0,"enemies":"Centurion and Healer","floor":22.0,"turns":8.0},{"damage":20.0,"enemies":"Snake Plant","floor":23.0,"turns":6.0},{"damage":2.0,"enemies":"Shelled Parasite and Fungi","floor":25.0,"turns":11.0},{"damage":6.0,"enemies":"Gremlin Leader","floor":27.0,"turns":7.0},{"damage":6.0,"enemies":"Slavers","floor":29.0,"turns":7.0},{"damage":4,"enemies":"Gremlin Leader","floor":31,"turns":8},{"damage":2,"enemies":"Automaton","floor":33,"turns":12},{"damage":6,"enemies":"3 Darklings","floor":35,"turns":7},{"damage":0,"enemies":"Mind Bloom Boss Battle","floor":36,"turns":7},{"damage":0,"enemies":"3 Shapes","floor":38,"turns":6},{"damage":1,"enemies":"Transient","floor":39,"turns":5},{"damage":9,"enemies":"Writhing Mass","floor":41,"turns":6},{"damage":0,"enemies":"Nemesis","floor":45,"turns":4},{"damage":0,"enemies":"Spire Growth","floor":46,"turns":4},{"damage":0,"enemies":"Giant Head","floor":47,"turns":6},{"damage":0,"enemies":"Jaw Worm Horde","floor":48,"turns":5},{"damage":0,"enemies":"Awakened One","floor":50,"turns":11}],"seed_played":"681069992892767897","potions_obtained":[{"floor":1.0,"key":"ColorlessPotion"},{"floor":11.0,"key":"Ancient Potion"},{"floor":12.0,"key":"SkillPotion"},{"floor":16.0,"key":"EntropicBrew"},{"floor":22.0,"key":"Explosive Potion"},{"floor":29.0,"key":"BlessingOfTheForge"},{"floor":31,"key":"Fire Potion"},{"floor":35,"key":"Strength Potion"},{"floor":38,"key":"EssenceOfSteel"},{"floor":45,"key":"EssenceOfSteel"}],"is_trial":false,"path_per_floor":["M","?","M","?","?","R","E","R","T","R","M","M","M","$","R","B",null,"M","$","M","M","M","M","R","M","T","E","R","E","$","E","R","B",null,"M","?","?","M","M","R","M","R","T","$","E","M","E","M","R","B",null],"character_chosen":"KOISHI","items_purchased":["Koishi:DanmakuParanoia","Koishi:DNAsFlaw","Koishi:YoukaiPolygraph","Orichalcum","Cleaning_Rag","Centennial Puzzle","PreservedInsect","Koishi:TremblingHands","Koishi:ApparitionsStalkTheNight"],"campfire_rested":0,"item_purchase_floors":[14,14,14,14,19,30,44,44,44],"current_hp_per_floor":[60,54,55,40,34,34,25,25,25,25,28,28,32,32,32,60,60,60,60,60,60,60,58,58,60,60,60,60,60,60,60,60,60,60,60,60,60,60,60,60,60,60,60,60,60,60,60,60,60,60],"gold":180,"neow_bonus":"ONE_RANDOM_RARE_CARD","is_daily":false,"chose_seed":false,"campfire_upgraded":10,"win_rate":0.0,"timestamp":1614121817,"path_taken":["M","?","?","?","?","R","E","R","T","R","M","M","M","$","R","BOSS","M","$","M","M","M","M","R","M","T","E","R","E","?","E","R","BOSS","M","?","?","?","M","R","M","R","T","$","E","M","E","M","R","BOSS"],"items_purchased_type":["Card","Card","Card","Relic","Relic","Relic","Relic","Card","Card"],"build_version":"2020-12-22","purchased_purges":3,"victory":true,"max_hp_per_floor":[60,60,60,60,60,60,60,60,60,60,60,60,60,60,60,60,60,60,60,60,60,60,60,60,60,60,60,60,60,60,60,60,60,60,60,60,60,60,60,60,60,60,60,60,60,60,60,60,60,60],"card_choices":[{"not_picked":["Koishi:BloodcurdlingScream","Koishi:ParalyzingFear"],"picked":"Koishi:VengefulSpirit","floor":1.0},{"not_picked":["Koishi:IdleWhim","Koishi:FleetingPhantom"],"picked":"Koishi:PhantomBarrier","floor":3.0},{"not_picked":["Koishi:Bloodlust","Koishi:MassHysteria"],"picked":"Koishi:StingingMind","floor":7.0},{"not_picked":["Koishi:Prune","Koishi:UnconsciousUprising"],"picked":"Koishi:PhilosophyOfTheDespised","floor":11.0},{"not_picked":["Koishi:UnansweredLove","Koishi:RacingHeart","Koishi:JumpScare"],"picked":"SKIP","floor":12.0},{"not_picked":["Koishi:RorschachInDanmaku","Koishi:EmbryosDream"],"picked":"Koishi:ImGoingToCallYouNow","floor":13.0},{"not_picked":["Koishi:FadingMemory","Koishi:MindStellarRelief"],"picked":"Koishi:MentalBreakdown","floor":16.0},{"not_picked":["Koishi:SubterraneanRose+1","Koishi:HeartfeltFancy"],"picked":"Koishi:BramblyRoseGarden","floor":18.0},{"not_picked":["Koishi:GhostParty","Koishi:Prune"],"picked":"Koishi:PhantomBarrier","floor":20.0},{"not_picked":["Koishi:GeneticsOfTheUnconscious","Koishi:FadingMemory"],"picked":"Koishi:Untouchable+1","floor":21.0},{"not_picked":["Koishi:SprinkleStarAndHeart","Koishi:ReleaseOfTheId"],"picked":"Koishi:ParalyzingFear","floor":22.0},{"not_picked":["Koishi:Prune+1","Koishi:SpiritedAway"],"picked":"Koishi:JumpScare","floor":23.0},{"not_picked":["Koishi:PhilosophyOfTheDespised","Koishi:JumpScare","Koishi:StingingMind"],"picked":"SKIP","floor":25.0},{"not_picked":["Koishi:PhantomStrike","Koishi:LastRemote"],"picked":"Koishi:FleetingPhantom","floor":27.0},{"not_picked":["Koishi:UnansweredLove","Koishi:ReleaseOfTheId"],"picked":"Koishi:GrowingPain","floor":29.0},{"not_picked":["Koishi:SpiritedAway","Koishi:SubconsciousSweep"],"picked":"Koishi:PhilosophyOfTheDespised","floor":31},{"not_picked":["Koishi:Ego","Koishi:RollingInRichesHeart"],"picked":"Koishi:Heartbroken","floor":33},{"not_picked":["Koishi:HeartfeltFancy+1","Koishi:ParalyzingFear+1"],"picked":"Koishi:UnconsciousUprising+1","floor":35},{"not_picked":["Koishi:SprinkleStarAndHeart+1","Koishi:UnseenTerror+1"],"picked":"Koishi:MindNumbingTerror","floor":38},{"not_picked":["Koishi:ParalyzingFear+1","Koishi:SubconsciousSweep+1"],"picked":"Koishi:ApparitionsStalkTheNight","floor":39},{"not_picked":["Koishi:Bloodlust","Koishi:SubterraneanRose"],"picked":"Koishi:Untouchable+1","floor":41},{"not_picked":["Koishi:SubterraneanRose+1","Koishi:Jaunt","Koishi:ParalyzingFear+1"],"picked":"SKIP","floor":45},{"not_picked":["Koishi:Heartbroken","Koishi:ReleaseOfTheId+1","Koishi:SubterraneanRose+1"],"picked":"SKIP","floor":46},{"not_picked":["Koishi:StingingMind+1","Koishi:PhilosophyOfTheDespised+1","Koishi:HeartfeltFancy+1"],"picked":"SKIP","floor":47},{"not_picked":["Koishi:ParalyzingFear+1","Koishi:StrangeCloudFist"],"picked":"Koishi:DanmakuParanoia+1","floor":48}],"player_experience":36564,"relics_obtained":[{"floor":7.0,"key":"Blood Vial"},{"floor":9.0,"key":"Old Coin"},{"floor":26.0,"key":"StoneCalendar"},{"floor":27.0,"key":"Meat on the Bone"},{"floor":27.0,"key":"CaptainsWheel"},{"floor":29.0,"key":"Bronze Scales"},{"floor":29.0,"key":"Koishi:AHoleWhereASisterShouldBe"},{"floor":31,"key":"Mythril_Glove"},{"floor":31,"key":"Bag of Preparation"},{"floor":36,"key":"Choco_Feather"},{"floor":43,"key":"Ornamental Fan"},{"floor":45,"key":"Koishi:LettersToReimu"},{"floor":45,"key":"Toxic Egg 2"},{"floor":47,"key":"Unceasing Top"},{"floor":47,"key":"Gambling Chip"}],"event_choices":[{"damage_healed":0.0,"max_hp_gain":0.0,"max_hp_loss":0.0,"gold_gain":0.0,"event_name":"Wheel of Change","player_choice":"Damaged","floor":2.0,"gold_loss":0.0,"damage_taken":6.0},{"damage_healed":0.0,"max_hp_gain":0.0,"max_hp_loss":0.0,"gold_gain":0.0,"event_name":"Golden Idol","player_choice":"Take Damage","floor":4.0,"gold_loss":0.0,"damage_taken":15.0,"relics_obtained":["Golden Idol"]},{"damage_healed":0.0,"max_hp_gain":0.0,"max_hp_loss":0.0,"gold_gain":75.0,"event_name":"FaceTrader","player_choice":"Touch","floor":5.0,"gold_loss":0.0,"damage_taken":6.0},{"damage_healed":0,"gold_gain":0,"player_choice":"Fight","damage_taken":0,"max_hp_gain":0,"max_hp_loss":0,"event_name":"MindBloom","floor":36,"gold_loss":0},{"damage_healed":0,"gold_gain":0,"player_choice":"Ignored","damage_taken":0,"max_hp_gain":0,"max_hp_loss":0,"event_name":"NoteForYourself","floor":37,"gold_loss":0}],"is_beta":false,"boss_relics":[{"not_picked":["Velvet Choker","Busted Crown"],"picked":"Black Star"},{"not_picked":["Runic Dome","SacredBark"],"picked":"Empty Cage"}],"items_purged_floors":[14,19,30],"is_endless":false,"potions_floor_spawned":[1,11,12,16,22,29,31,35,38,45,47,48],"ascension_level":0}}