{"host":"gobyjzz6xbwq9f9i","time":1614049456,"event":{"mods":["AchievementEnabler","BaseMod","Bestiary","Colored Map","Minty Spire (QoL Compilation)","Relic Stats","ojb\u0027s Info Mod"],"gold_per_floor":[116,136,154,154,168,198,198,234,257,293,312,73,73,92,92,198,198,217,132,157,169,214,214,248,3,3,12,46,46,75,184,184,288,288,316,316,343,343,365,365,40,40,40,75,100,129,159,57,57,57,57,57,6,38,38],"floor_reached":56,"language":"ENG","playtime":3490,"items_purged":["Strike_B","Strike_B"],"score":2065,"play_id":"caeb0d6b-30e6-441c-abbc-2e0f561643d0","local_time":"20210222190416","is_ascension_mode":true,"campfire_choices":[{"data":"Apotheosis","floor":7,"key":"SMITH"},{"floor":13,"key":"REST"},{"data":"Buffer","floor":15,"key":"SMITH"},{"data":"Doom and Gloom","floor":23,"key":"SMITH"},{"floor":29,"key":"RECALL"},{"data":"Ghostly","floor":32,"key":"SMITH"},{"data":"Defragment","floor":40,"key":"SMITH"},{"data":"Echo Form","floor":49,"key":"SMITH"},{"data":"Steam Power","floor":52,"key":"SMITH"}],"circlet_count":0,"master_deck":["AscendersBane","Strike_B","Defend_B","Defend_B","Defend_B","Defend_B","Zap","Dualcast","Apotheosis+1","Lockon","Turbo","Sweeping Beam","Leap","Buffer+1","Darkness","Doom and Gloom+1","Chill","Redo","Multi-Cast","Heatsinks+1","Defragment+1","Ghostly+1","Ghostly","Ghostly","Ghostly","Ghostly","White Noise","Genetic Algorithm","Loop","Steam Power+1","Echo Form+1","Redo+1","Loop+1","Cold Snap+1","Capacitor","Biased Cognition","Hologram+1","Double Energy+1"],"relics":["Cracked Core","Potion Belt","Juzu Bracelet","CeramicFish","Strawberry","Ornamental Fan","Question Card","Coffee Dripper","Bronze Scales","Dream Catcher","Bottled Lightning","TungstenRod","Eternal Feather","WingedGreaves","InkBottle","SlaversCollar","Membership Card","Omamori","Bag of Preparation","Toy Ornithopter","Toxic Egg 2","Ginger"],"acts_visited":["Exordium","TheCity","TheBeyond","TheEnding"],"potions_floor_usage":[8,10,20,24,28,30,31,41,46,50,55,55,55,55,55,55,55,55],"damage_taken":[{"damage":0,"enemies":"Small Slimes","floor":1,"turns":3},{"damage":0,"enemies":"2 Louse","floor":2,"turns":2},{"damage":0,"enemies":"Cultist","floor":3,"turns":3},{"damage":0,"enemies":"Large Slime","floor":5,"turns":4},{"damage":23,"enemies":"3 Sentries","floor":6,"turns":8},{"damage":0,"enemies":"Lagavulin","floor":8,"turns":7},{"damage":32,"enemies":"3 Sentries","floor":10,"turns":7},{"damage":10,"enemies":"2 Fungi Beasts","floor":11,"turns":3},{"damage":0,"enemies":"Looter","floor":14,"turns":3},{"damage":0,"enemies":"The Guardian","floor":16,"turns":11},{"damage":3,"enemies":"Chosen","floor":18,"turns":6},{"damage":0,"enemies":"3 Byrds","floor":20,"turns":2},{"damage":8,"enemies":"Centurion and Healer","floor":21,"turns":7},{"damage":6,"enemies":"Gremlin Leader","floor":24,"turns":8},{"damage":1,"enemies":"Book of Stabbing","floor":28,"turns":6},{"damage":8,"enemies":"Snake Plant","floor":30,"turns":3},{"damage":0,"enemies":"Colosseum Slavers","floor":31,"turns":5},{"damage":2,"enemies":"Colosseum Nobs","floor":31,"turns":6},{"damage":5,"enemies":"Champ","floor":33,"turns":5},{"damage":34,"enemies":"3 Darklings","floor":35,"turns":6},{"damage":0,"enemies":"3 Shapes","floor":37,"turns":8},{"damage":0,"enemies":"Maw","floor":39,"turns":4},{"damage":0,"enemies":"Reptomancer","floor":44,"turns":8},{"damage":0,"enemies":"Jaw Worm Horde","floor":45,"turns":7},{"damage":0,"enemies":"Giant Head","floor":46,"turns":7},{"damage":0,"enemies":"Reptomancer","floor":47,"turns":7},{"damage":18,"enemies":"Time Eater","floor":50,"turns":9},{"damage":3,"enemies":"Shield and Spear","floor":54,"turns":6},{"damage":28,"enemies":"The Heart","floor":55,"turns":11}],"seed_played":"-6977143613921055420","potions_obtained":[{"floor":3,"key":"DuplicationPotion"},{"floor":5,"key":"Weak Potion"},{"floor":6,"key":"FocusPotion"},{"floor":8,"key":"GamblersBrew"},{"floor":14,"key":"Weak Potion"},{"floor":18,"key":"Regen Potion"},{"floor":20,"key":"Weak Potion"},{"floor":24,"key":"SkillPotion"},{"floor":30,"key":"Ancient Potion"},{"floor":37,"key":"Energy Potion"},{"floor":44,"key":"Block Potion"},{"floor":46,"key":"Regen Potion"}],"is_trial":false,"path_per_floor":["M","M","M","?","M","E","R","E","T","E","M","$","R","M","R","B",null,"M","?","M","M","?","R","E","$","T","?","E","R","M","?","R","B",null,"M","?","M","?","M","R","$","?","T","E","M","E","E","$","R","B",null,"R","$","E","B",null],"character_chosen":"DEFECT","items_purchased":["Question Card","Bottled Lightning","Membership Card","Capacitor","Omamori","Fruit Juice","EntropicBrew","Hologram+1","Double Energy+1","SteroidPotion"],"campfire_rested":1,"item_purchase_floors":[12,25,41,41,41,41,48,48,53,53],"current_hp_per_floor":[68,68,68,65,65,42,42,42,49,17,7,7,29,29,29,29,64,61,61,61,53,37,37,31,31,31,31,30,37,29,27,37,32,36,2,2,2,2,2,23,28,28,28,28,28,28,28,28,42,24,38,42,42,39,25],"gold":38,"neow_bonus":"RANDOM_COLORLESS_2","is_daily":false,"chose_seed":false,"campfire_upgraded":7,"win_rate":0.0,"timestamp":1614049456,"path_taken":["M","M","M","?","M","E","R","E","T","E","M","$","R","M","R","BOSS","M","?","M","M","?","R","E","$","T","?","E","R","M","?","R","BOSS","M","?","M","?","M","R","$","?","T","E","M","E","E","$","R","BOSS","R","$","E","BOSS"],"items_purchased_type":["Relic","Relic","Relic","Card","Relic","Potion","Potion","Card","Card","Potion"],"build_version":"2020-12-22","purchased_purges":2,"victory":true,"max_hp_per_floor":[68,68,68,68,68,68,68,68,75,75,75,75,75,75,75,75,75,75,75,75,75,37,37,37,37,37,37,37,37,37,37,37,37,37,37,37,37,37,37,37,42,42,42,42,42,42,42,42,42,42,42,42,42,42,42],"relic_stats":{"counters":[29,172],"CeramicFish":216,"Eternal Feather":56,"Juzu Bracelet":1,"Bag of Preparation":[12],"Ginger":[2],"Question Card":18,"Dream Catcher":0,"Ornamental Fan":[60],"Bronze Scales":[616],"obtain_stats":[{"Potion Belt":4,"CeramicFish":8,"Eternal Feather":28,"Juzu Bracelet":6,"Omamori":41,"Bag of Preparation":44,"Ginger":54,"Question Card":12,"SlaversCollar":34,"Dream Catcher":24,"Ornamental Fan":10,"Strawberry":9,"Bronze Scales":19,"WingedGreaves":31,"Coffee Dripper":17,"Bottled Lightning":25,"Membership Card":41,"Toxic Egg 2":47,"Cracked Core":0,"TungstenRod":26,"InkBottle":31,"Toy Ornithopter":46},{"Potion Belt":3,"CeramicFish":6,"Eternal Feather":15,"Juzu Bracelet":5,"Omamori":22,"Bag of Preparation":23,"Ginger":28,"Question Card":8,"SlaversCollar":19,"Dream Catcher":14,"Ornamental Fan":7,"Strawberry":6,"Bronze Scales":11,"WingedGreaves":18,"Coffee Dripper":10,"Bottled Lightning":14,"Membership Card":22,"Toxic Egg 2":26,"Cracked Core":0,"TungstenRod":14,"InkBottle":18,"Toy Ornithopter":25},{"Potion Belt":8,"CeramicFish":27,"Eternal Feather":80,"Juzu Bracelet":20,"Omamori":117,"Bag of Preparation":125,"Ginger":161,"Question Card":37,"SlaversCollar":99,"Dream Catcher":74,"Ornamental Fan":34,"Strawberry":27,"Bronze Scales":57,"WingedGreaves":94,"Coffee Dripper":51,"Bottled Lightning":74,"Membership Card":117,"Toxic Egg 2":146,"Cracked Core":0,"TungstenRod":74,"InkBottle":94,"Toy Ornithopter":139}],"TungstenRod":68,"InkBottle":[37],"Toy Ornithopter":5},"card_choices":[{"not_picked":["Violence","Master of Strategy"],"picked":"Apotheosis","floor":0},{"not_picked":["Sweeping Beam","Conserve Battery"],"picked":"Lockon","floor":1},{"not_picked":["Aggregate","Beam Cell"],"picked":"Turbo","floor":2},{"not_picked":["Aggregate","Turbo"],"picked":"Sweeping Beam","floor":3},{"not_picked":["White Noise","Steam"],"picked":"Leap","floor":5},{"not_picked":["Hologram","Coolheaded"],"picked":"Buffer","floor":6},{"not_picked":["Rip and Tear","Reboot"],"picked":"Darkness","floor":8},{"not_picked":["Darkness","Static Discharge"],"picked":"Doom and Gloom","floor":10},{"not_picked":["Beam Cell","Double Energy"],"picked":"Chill","floor":11},{"not_picked":["Tempest","Stack","Streamline"],"picked":"Redo","floor":14},{"not_picked":["Core Surge","Creative AI","Meteor Strike"],"picked":"Multi-Cast","floor":16},{"not_picked":["Rip and Tear","BootSequence","Turbo+1"],"picked":"Heatsinks","floor":18},{"not_picked":["Turbo","Leap+1","Streamline"],"picked":"Defragment","floor":20},{"not_picked":["Leap","Ball Lightning+1","Sunder","Storm"],"picked":"SKIP","floor":21},{"not_picked":["Melter","Darkness","Go for the Eyes"],"picked":"White Noise","floor":24},{"not_picked":["Steam","Streamline","Rebound","Ball Lightning+1"],"picked":"SKIP","floor":28},{"not_picked":["Steam","Conserve Battery","Rebound"],"picked":"Loop","floor":30},{"not_picked":["Blizzard+1","Stack","Undo"],"picked":"Steam Power","floor":31},{"not_picked":["Core Surge","Rainbow","Seek"],"picked":"Echo Form","floor":33},{"not_picked":["Ball Lightning+1","Rebound+1","Steam Power"],"picked":"Redo+1","floor":35},{"not_picked":["Sunder","Recycle+1","Ball Lightning+1"],"picked":"Loop+1","floor":37},{"not_picked":["Stack+1","Go for the Eyes+1","Doom and Gloom+1"],"picked":"Cold Snap+1","floor":39},{"not_picked":["Beam Cell+1","Redo","Barrage","Doom and Gloom+1"],"picked":"SKIP","floor":44},{"not_picked":["Ball Lightning+1","Conserve Battery+1","Blizzard"],"picked":"Biased Cognition","floor":45},{"not_picked":["Fusion","Compile Driver+1","Force Field","Leap+1"],"picked":"SKIP","floor":46},{"not_picked":["All For One","Blizzard+1","Leap+1","Steam+1"],"picked":"SKIP","floor":47},{"not_picked":["Compile Driver","Beam Cell","Heatsinks","Hologram+1"],"picked":"SKIP","floor":54}],"player_experience":1377721,"relics_obtained":[{"floor":6,"key":"Juzu Bracelet"},{"floor":8,"key":"CeramicFish"},{"floor":9,"key":"Strawberry"},{"floor":10,"key":"Ornamental Fan"},{"floor":24,"key":"Dream Catcher"},{"floor":26,"key":"TungstenRod"},{"floor":28,"key":"Eternal Feather"},{"floor":31,"key":"WingedGreaves"},{"floor":31,"key":"InkBottle"},{"floor":44,"key":"Bag of Preparation"},{"floor":46,"key":"Toy Ornithopter"},{"floor":47,"key":"Toxic Egg 2"},{"floor":54,"key":"Ginger"}],"event_choices":[{"damage_healed":0,"gold_gain":0,"player_choice":"Success","damage_taken":3,"relics_obtained":["Potion Belt"],"max_hp_gain":0,"max_hp_loss":0,"event_name":"Scrap Ooze","floor":4,"gold_loss":0},{"damage_healed":0,"gold_gain":0,"player_choice":"Obtained Relic","damage_taken":0,"relics_obtained":["Bronze Scales"],"max_hp_gain":0,"max_hp_loss":0,"event_name":"Addict","floor":19,"gold_loss":85},{"damage_healed":0,"gold_gain":0,"player_choice":"Became a Ghost","damage_taken":0,"max_hp_gain":0,"max_hp_loss":38,"event_name":"Ghosts","floor":22,"gold_loss":0,"cards_obtained":["Ghostly","Ghostly","Ghostly","Ghostly","Ghostly"]},{"damage_healed":0,"gold_gain":0,"cards_transformed":["Strike_B"],"player_choice":"Transformed","damage_taken":0,"max_hp_gain":0,"max_hp_loss":0,"event_name":"Transmorgrifier","floor":27,"gold_loss":0,"cards_obtained":["Genetic Algorithm"]},{"damage_healed":0,"gold_gain":0,"player_choice":"Fight","damage_taken":0,"max_hp_gain":0,"max_hp_loss":0,"event_name":"Colosseum","floor":31,"gold_loss":0},{"damage_healed":0,"gold_gain":0,"player_choice":"Fought Nobs","damage_taken":0,"max_hp_gain":0,"max_hp_loss":0,"event_name":"Colosseum","floor":31,"gold_loss":0},{"damage_healed":0,"gold_gain":0,"player_choice":"Ignored","damage_taken":0,"max_hp_gain":0,"max_hp_loss":0,"event_name":"Mysterious Sphere","floor":36,"gold_loss":0},{"damage_healed":0,"gold_gain":0,"player_choice":"Ignored","damage_taken":0,"max_hp_gain":0,"max_hp_loss":0,"event_name":"Tomb of Lord Red Mask","floor":38,"gold_loss":0},{"damage_healed":0,"gold_gain":0,"player_choice":"Forge","damage_taken":0,"max_hp_gain":0,"max_hp_loss":0,"event_name":"Accursed Blacksmith","floor":42,"gold_loss":0,"cards_upgraded":["Heatsinks"]}],"is_beta":false,"boss_relics":[{"not_picked":["Ectoplasm","FrozenCore"],"picked":"Coffee Dripper"},{"not_picked":["Philosopher\u0027s Stone","SacredBark"],"picked":"SlaversCollar"}],"items_purged_floors":[41,48],"is_endless":false,"potions_floor_spawned":[3,5,6,8,14,18,20,24,30,31,37,44,46],"ascension_level":10}}