{"host":"Jz","time":1614104647,"event":{"mods":["AchievementEnabler","BaseMod","Colored Map","Colored Powertips","Minty Spire (QoL Compilation)","Relic Stats","Slay-I","StSLib"],"gold_per_floor":[11,24,42,42,58,58,77,95,95,121,121,150,150,150,150,150,150],"floor_reached":16,"language":"ENG","playtime":1101,"items_purged":[],"score":224,"play_id":"9865bc90-9351-4407-8679-e2a8a00c45a5","local_time":"20210224012407","is_ascension_mode":true,"campfire_choices":[{"data":"Self Repair","floor":6,"key":"SMITH"},{"data":"Fission","floor":11,"key":"SMITH"},{"data":"Dualcast","floor":13,"key":"SMITH"},{"data":"Zap","floor":15,"key":"SMITH"}],"circlet_count":0,"master_deck":["AscendersBane","Strike_B","Strike_B","Strike_B","Strike_B","Defend_B","Defend_B","Defend_B","Defend_B","Zap+1","Dualcast+1","Cold Snap","Self Repair+1","Auto Shields","Ball Lightning","Fission+1"],"relics":["Cracked Core","CaptainsWheel","NlothsMask","Incense Burner","Frozen Egg 2","Cables"],"acts_visited":["Exordium"],"potions_floor_usage":[16],"damage_taken":[{"damage":7,"enemies":"Small Slimes","floor":1,"turns":3},{"damage":0,"enemies":"Cultist","floor":2,"turns":4},{"damage":3,"enemies":"2 Louse","floor":3,"turns":2},{"damage":1,"enemies":"Exordium Wildlife","floor":5,"turns":3},{"damage":9,"enemies":"Red Slaver","floor":7,"turns":4},{"damage":5,"enemies":"3 Louse","floor":8,"turns":4},{"damage":30,"enemies":"3 Sentries","floor":10,"turns":7},{"damage":15,"enemies":"Lagavulin","floor":12,"turns":6},{"damage":22,"enemies":"Hexaghost","floor":16,"turns":9}],"seed_played":"5416305680379162485","potions_obtained":[{"floor":2,"key":"SmokeBomb"},{"floor":12,"key":"Swift Potion"}],"is_trial":false,"path_per_floor":["M","M","M","?","M","R","M","M","T","E","R","E","R","?","R","B"],"character_chosen":"DEFECT","items_purchased":[],"campfire_rested":0,"item_purchase_floors":[],"current_hp_per_floor":[57,57,54,54,60,60,61,66,66,36,36,31,31,20,20,0,0],"gold":150,"neow_bonus":"ONE_RARE_RELIC","is_daily":false,"chose_seed":false,"campfire_upgraded":4,"win_rate":0.0,"timestamp":1614104647,"path_taken":["M","M","M","?","M","R","M","?","T","E","R","E","R","?","R","BOSS"],"items_purchased_type":[],"build_version":"2020-12-18","purchased_purges":0,"victory":false,"max_hp_per_floor":[71,71,71,71,71,71,71,71,71,71,71,71,71,71,71,71,71],"relic_stats":{"counters":[9,42],"obtain_stats":[{"CaptainsWheel":0,"Incense Burner":10,"Frozen Egg 2":12,"Cracked Core":0,"NlothsMask":4,"Cables":14},{"CaptainsWheel":0,"Incense Burner":7,"Frozen Egg 2":8,"Cracked Core":0,"NlothsMask":3,"Cables":8},{"CaptainsWheel":0,"Incense Burner":27,"Frozen Egg 2":33,"Cracked Core":0,"NlothsMask":9,"Cables":33}],"Cables":[7,4,3,0,0]},"card_choices":[{"not_picked":["Gash","Stack"],"picked":"Cold Snap","floor":1},{"not_picked":["Coolheaded","Fusion"],"picked":"Self Repair","floor":2},{"not_picked":["Consume","Sunder"],"picked":"Auto Shields","floor":3},{"not_picked":["Stack","Turbo"],"picked":"Ball Lightning","floor":5},{"not_picked":["Rebound","Heatsinks"],"picked":"Fission","floor":7},{"not_picked":["Reinforced Body","Rebound","Sweeping Beam"],"picked":"SKIP","floor":8},{"not_picked":["Reprogram","Sweeping Beam","Steam"],"picked":"SKIP","floor":10},{"not_picked":["Turbo","Fusion","Skim"],"picked":"SKIP","floor":12}],"player_experience":398982,"relics_obtained":[{"floor":10,"key":"Incense Burner"},{"floor":12,"key":"Frozen Egg 2"}],"event_choices":[{"damage_healed":0,"gold_gain":0,"player_choice":"Trade","damage_taken":0,"relics_obtained":["NlothsMask"],"max_hp_gain":0,"max_hp_loss":0,"event_name":"FaceTrader","floor":4,"gold_loss":0},{"damage_healed":0,"gold_gain":0,"player_choice":"Success","damage_taken":11,"relics_obtained":["Cables"],"max_hp_gain":0,"max_hp_loss":0,"event_name":"Scrap Ooze","floor":14,"gold_loss":0}],"is_beta":true,"boss_relics":[],"items_purged_floors":[],"is_endless":false,"potions_floor_spawned":[2,12],"killed_by":"Hexaghost","ascension_level":20}}