{"host":"moon9xuhyn08cqjw","time":1614073697,"event":{"mods":["2.2 Compatiblity","AchievementEnabler","Ascension Reborn","BaseMod","Better Third Choice","Colored Map","DeckTracker","GungeonMod","Jedi Mod","Minty Spire (QoL Compilation)","Potionbrewer","Quick Restart","Rare Cards Sparkle","StSLib","Synergy Search","Td1madao Mod","The Blackbeard","The Necromancer","The Saiyan","The Wild Card","[IsaacMod]????"],"gold_per_floor":[111,111,121,121,135,163,183,217,241,241,259,259,269,295,295,495,495,527,70,70,110,138,138,173,173],"floor_reached":24,"language":"RUS","playtime":1653,"items_purged":[],"score":258,"play_id":"09d8fb01-7dba-4ee6-84f7-4f98dec8a175","local_time":"20210223174817","is_ascension_mode":true,"campfire_choices":[{"floor":10,"key":"REST"},{"floor":12,"key":"REST"},{"data":"potionbrewer:SpecialFormula","floor":15,"key":"SMITH"},{"floor":23,"key":"REST"}],"circlet_count":0,"master_deck":["potionbrewer:Collect","potionbrewer:ChemicalSpill","BloodyBrimstone","potionbrewer:ChemicalWeapons","potionbrewer:Refill","potionbrewer:ChokingPowder","potionbrewer:UnstableFormula","potionbrewer:SpecialFormula+1","potionbrewer:WizBang","potionbrewer:IronFist","potionbrewer:AlchemistForm","potionbrewer:RefinedProcess","potionbrewer:TheFinalStraw","potionbrewer:EmptyBottle","potionbrewer:ChemicalShroud","potionbrewer:TestFormula","potionbrewer:TimeBomb","potionbrewer:FuelCell","potionbrewer:Shovel","potionbrewer:ChemicalShroud","potionbrewer:Toxicity+1","Apotheosis","potionbrewer:TestSubject","potionbrewer:IronHeart","potionbrewer:BlindingMist+1","Necronomicurse"],"relics":["potionbrewer:PotionKit","HushsDoor","NeowsBlessing","TuHaoJin","Toy Ornithopter","NineVolt","Singing Bowl","DemoMod:PoisonVial","SalivaCoin","Pandora\u0027s Box","Lantern","Necronomicon"],"acts_visited":["Exordium","TheCity"],"potions_floor_usage":[11,16,18,21],"damage_taken":[{"damage":0,"enemies":"Jaw Worm","floor":1,"turns":1},{"damage":0,"enemies":"2 Louse","floor":3,"turns":1},{"damage":0,"enemies":"Cultist","floor":5,"turns":1},{"damage":25,"enemies":"3 Sentries","floor":6,"turns":13},{"damage":9,"enemies":"Red Slaver","floor":7,"turns":4},{"damage":0,"enemies":"Gremlin Nob","floor":8,"turns":1},{"damage":0,"enemies":"Lots of Slimes","floor":11,"turns":5},{"damage":0,"enemies":"Exordium Wildlife","floor":13,"turns":4},{"damage":6,"enemies":"Exordium Thugs","floor":14,"turns":4},{"damage":67,"enemies":"The Guardian","floor":16,"turns":15},{"damage":19,"enemies":"3 Byrds","floor":18,"turns":4},{"damage":19,"enemies":"Chosen","floor":21,"turns":8},{"damage":53,"enemies":"Shelled Parasite and Fungi","floor":24,"turns":3}],"seed_played":"2084108836625009398","potions_obtained":[{"floor":3,"key":"DuplicationPotion"},{"floor":5,"key":"Block Potion"},{"floor":7,"key":"DuplicationPotion"},{"floor":13,"key":"SteroidPotion"},{"floor":18,"key":"Block Potion"},{"floor":21,"key":"potionbrewer:SplittingPotion"}],"is_trial":false,"path_per_floor":["M","?","M","?","M","E","M","E","T","R","M","R","M","M","R","B",null,"M","$","?","M","?","R","M"],"character_chosen":"POTIONBREWER","items_purchased":["Apotheosis","Lantern","potionbrewer:TestSubject","potionbrewer:IronHeart"],"campfire_rested":3,"item_purchase_floors":[19,19,19,19],"current_hp_per_floor":[75,75,75,60,60,35,26,26,26,48,53,75,75,69,69,7,75,56,56,56,42,26,48,0,0],"gold":173,"neow_bonus":"THREE_ENEMY_KILL","is_daily":false,"chose_seed":false,"campfire_upgraded":1,"win_rate":0.0,"timestamp":1614073697,"path_taken":["M","?","M","?","?","E","M","E","T","R","M","R","M","M","R","BOSS","M","$","?","M","?","R","M"],"items_purchased_type":["Card","Relic","Card","Card"],"build_version":"2020-12-22","purchased_purges":0,"victory":false,"max_hp_per_floor":[75,75,75,75,75,75,75,75,75,75,75,75,75,75,75,75,75,75,75,75,75,75,75,75,75],"card_choices":[{"not_picked":[],"picked":"BloodyBrimstone","floor":0},{"not_picked":["potionbrewer:FortifiedSerum","potionbrewer:TimeBomb"],"picked":"potionbrewer:ChemicalWeapons","floor":1},{"not_picked":["potionbrewer:TwoForOne","potionbrewer:ChemicalRage"],"picked":"potionbrewer:Refill","floor":3},{"not_picked":["potionbrewer:Shovel","Bomb"],"picked":"potionbrewer:ChokingPowder","floor":5},{"not_picked":["potionbrewer:Discombobulate","Bomb"],"picked":"potionbrewer:UnstableFormula","floor":6},{"not_picked":["potionbrewer:MicrobeSpray","potionbrewer:AcidCloud"],"picked":"potionbrewer:SpecialFormula","floor":7},{"not_picked":["potionbrewer:AnotherRound","potionbrewer:LabJournal"],"picked":"potionbrewer:WizBang","floor":8},{"not_picked":["potionbrewer:Toxicity","potionbrewer:Biohazard"],"picked":"Bomb","floor":11},{"not_picked":["potionbrewer:Brandish","potionbrewer:Experimentation"],"picked":"potionbrewer:IronFist","floor":13},{"not_picked":["potionbrewer:Fuel","potionbrewer:UnstableFormula"],"picked":"potionbrewer:AlchemistForm","floor":14},{"not_picked":["potionbrewer:Accelerant","potionbrewer:BeatDown"],"picked":"potionbrewer:RefinedProcess","floor":16},{"not_picked":["potionbrewer:LabAccident","potionbrewer:FlashPowder","potionbrewer:Prototype"],"picked":"potionbrewer:Toxicity+1","floor":18},{"not_picked":["potionbrewer:FortifiedSerum+1","potionbrewer:Biohazard","potionbrewer:Prototype"],"picked":"potionbrewer:BlindingMist+1","floor":21}],"player_experience":1166696,"relics_obtained":[{"floor":6,"key":"Singing Bowl"},{"floor":8,"key":"DemoMod:PoisonVial"},{"floor":9,"key":"SalivaCoin"},{"floor":22,"key":"Necronomicon"}],"event_choices":[{"damage_healed":0,"gold_gain":0,"player_choice":"Ignored","damage_taken":0,"max_hp_gain":0,"max_hp_loss":0,"event_name":"Golden Wing","floor":2,"gold_loss":0},{"damage_healed":0,"gold_gain":1,"player_choice":"Relic Relic ","damage_taken":15,"max_hp_gain":0,"max_hp_loss":0,"event_name":"betterThird:BetterScrap","floor":4,"gold_loss":0,"cards_obtained":["Core Surge"]},{"damage_healed":0,"gold_gain":0,"player_choice":"Obtained Book","damage_taken":16,"max_hp_gain":0,"max_hp_loss":0,"event_name":"Cursed Tome","floor":22,"gold_loss":0}],"is_beta":false,"boss_relics":[{"not_picked":["Philosopher\u0027s Stone","Coffee Dripper"],"picked":"Pandora\u0027s Box"},{"not_picked":[]}],"items_purged_floors":[],"is_endless":false,"potions_floor_spawned":[3,5,7,8,13,14,18,21],"killed_by":"Shelled Parasite and Fungi","ascension_level":0}}