{"host":"5bsc0nab6whpyrbj","time":1614040265,"event":{"mods":["BaseMod","Highlight Path","Minty Spire (QoL Compilation)"],"gold_per_floor":[118,193,213,213,225,225,225,244,270,270,193,193,209,223,223,327,377,393,408,507,507,507,507,507,507,507,517,517,517],"floor_reached":28,"language":"ENG","playtime":562,"items_purged":[],"score":208,"play_id":"68c12d7d-4d09-4dd5-9279-f8e57ba38324","local_time":"20210222193105","is_ascension_mode":false,"campfire_choices":[{"floor":6.0,"key":"REST"},{"floor":12.0,"key":"REST"},{"floor":15.0,"key":"REST"},{"floor":23.0,"key":"REST"},{"floor":25.0,"key":"REST"}],"circlet_count":0,"master_deck":["Strike_B","Strike_B","Strike_B","Strike_B","Defend_B","Defend_B","Defend_B","Defend_B+1","Zap","Doom and Gloom","Storm","White Noise","Barrage","Thunder Strike","Ball Lightning","Doom and Gloom","Necronomicurse","Darkness"],"relics":["Cracked Core","Question Card","Art of War","Tiny House","Necronomicon","Kunai","Letter Opener"],"acts_visited":["Exordium","TheCity"],"potions_floor_usage":[28,28],"damage_taken":[{"damage":6.0,"enemies":"Cultist","floor":1.0,"turns":3.0},{"damage":8.0,"enemies":"Jaw Worm","floor":3.0,"turns":3.0},{"damage":13.0,"enemies":"2 Louse","floor":5.0,"turns":2.0},{"damage":13.0,"enemies":"Red Slaver","floor":8.0,"turns":3.0},{"damage":25.0,"enemies":"Exordium Wildlife","floor":13.0,"turns":4.0},{"damage":14.0,"enemies":"Blue Slaver","floor":14.0,"turns":4.0},{"damage":40.0,"enemies":"The Guardian","floor":16.0,"turns":8.0},{"damage":44.0,"enemies":"Shell Parasite","floor":18.0,"turns":5.0},{"damage":10.0,"enemies":"Chosen","floor":19.0,"turns":4.0},{"damage":51.0,"enemies":"Shelled Parasite and Fungi","floor":27.0,"turns":4.0},{"damage":17,"enemies":"Colosseum Slavers","floor":28,"turns":2}],"seed_played":"-3258147402760653942","potions_obtained":[{"floor":1.0,"key":"EssenceOfDarkness"},{"floor":5.0,"key":"SpeedPotion"},{"floor":8.0,"key":"Energy Potion"},{"floor":17.0,"key":"SkillPotion"},{"floor":27.0,"key":"Fruit Juice"}],"is_trial":false,"path_per_floor":["M","?","M","T","M","R","?","M","T","?","$","R","M","M","R","B",null,"M","M","?","?","?","R","T","R","T","M","?"],"character_chosen":"DEFECT","items_purchased":["Storm"],"campfire_rested":5,"item_purchase_floors":[11],"current_hp_per_floor":[69,58,50,50,37,59,52,39,39,44,44,66,41,27,49,9,80,36,26,26,26,10,34,34,58,58,12,0,0],"gold":517,"neow_bonus":"TRANSFORM_CARD","is_daily":false,"chose_seed":false,"campfire_upgraded":0,"win_rate":0.0,"timestamp":1614040265,"path_taken":["M","?","M","?","M","R","?","?","T","?","$","R","M","?","R","BOSS","M","M","?","?","?","R","?","R","T","?","?"],"items_purchased_type":["Card"],"build_version":"2020-12-22","purchased_purges":0,"victory":false,"max_hp_per_floor":[75,75,75,75,75,75,75,75,75,75,75,75,75,75,75,75,80,80,80,80,80,80,80,80,80,80,85,85,85],"card_choices":[{"not_picked":["Coolheaded","Rip and Tear"],"picked":"Doom and Gloom","floor":1.0},{"not_picked":["Rebound","Chill","Turbo"],"picked":"SKIP","floor":3.0},{"not_picked":["Lockon","Tempest","Conserve Battery","Compile Driver"],"picked":"SKIP","floor":5.0},{"not_picked":["Cold Snap","Hologram","Conserve Battery","Glacier"],"picked":"SKIP","floor":8.0},{"not_picked":["Redo","Undo","Stack"],"picked":"White Noise","floor":13.0},{"not_picked":["BootSequence","Go for the Eyes","Compile Driver"],"picked":"Barrage","floor":14.0},{"not_picked":["Buffer","Machine Learning","Core Surge"],"picked":"Thunder Strike","floor":16.0},{"not_picked":["Sunder","Steam Power","Undo"],"picked":"Ball Lightning","floor":17.0},{"not_picked":["Coolheaded","Sweeping Beam+1","Fusion","Reinforced Body"],"picked":"SKIP","floor":18.0},{"not_picked":["Cold Snap","Skim+1","Beam Cell"],"picked":"Doom and Gloom","floor":19.0},{"not_picked":["Melter","Tempest","Consume"],"picked":"Darkness","floor":27.0}],"player_experience":106841,"relics_obtained":[{"floor":4.0,"key":"Question Card"},{"floor":9.0,"key":"Art of War"},{"floor":22.0,"key":"Necronomicon"},{"floor":24.0,"key":"Kunai"},{"floor":26.0,"key":"Letter Opener"}],"event_choices":[{"damage_healed":0.0,"max_hp_gain":0.0,"max_hp_loss":0.0,"gold_gain":75.0,"event_name":"World of Goop","player_choice":"Gather Gold","floor":2.0,"gold_loss":0.0,"damage_taken":11.0},{"damage_healed":0.0,"max_hp_gain":0.0,"max_hp_loss":0.0,"gold_gain":0.0,"event_name":"Wheel of Change","player_choice":"Damaged","floor":7.0,"gold_loss":0.0,"damage_taken":7.0},{"cards_removed":["Sweeping Beam"],"damage_healed":5.0,"max_hp_gain":0.0,"max_hp_loss":0.0,"gold_gain":0.0,"event_name":"Bonfire Elementals","player_choice":"Offered Common","floor":10.0,"gold_loss":0.0,"damage_taken":0.0},{"cards_removed":["Sweeping Beam"],"damage_healed":5.0,"max_hp_gain":0.0,"max_hp_loss":0.0,"gold_gain":0.0,"event_name":"Bonfire Elementals","player_choice":"Offered Special","floor":10.0,"gold_loss":0.0,"damage_taken":0.0},{"damage_healed":0.0,"max_hp_gain":0.0,"max_hp_loss":0.0,"gold_gain":99.0,"event_name":"Nest","player_choice":"Stole From Cult","floor":20.0,"gold_loss":0.0,"damage_taken":0.0},{"damage_healed":0.0,"max_hp_gain":0.0,"max_hp_loss":0.0,"gold_gain":0.0,"event_name":"Ghosts","player_choice":"Ignored","floor":21.0,"gold_loss":0.0,"damage_taken":0.0},{"damage_healed":0.0,"max_hp_gain":0.0,"max_hp_loss":0.0,"gold_gain":0.0,"event_name":"Cursed Tome","player_choice":"Obtained Book","floor":22.0,"gold_loss":0.0,"damage_taken":16.0},{"damage_healed":0,"gold_gain":0,"player_choice":"Fight","damage_taken":0,"max_hp_gain":0,"max_hp_loss":0,"event_name":"Colosseum","floor":28,"gold_loss":0}],"is_beta":false,"boss_relics":[{"not_picked":["Runic Pyramid","SlaversCollar"],"picked":"Tiny House"}],"items_purged_floors":[],"is_endless":false,"potions_floor_spawned":[1,5,8,27],"killed_by":"Colosseum Slavers","ascension_level":0}}