{"host":"9tdhussg6z28ni1x","time":1614090768,"event":{"mods":["2.2 Compatiblity","Act Like it!","Arknights","BaseMod","CapriCore","KOR Keyword Fix","Minty Spire (QoL Compilation)","Relic Stats","Replay The Spire","StSLib","SuperFastMode","The Dragon Tamer","The Hierophant","The Poker Player","WarShipGirlsR/??á´Ò³R mod"],"gold_per_floor":[116,391,404,404,419,419,453,453,453,466,495,525,525,525,525,525,525],"floor_reached":16,"language":"KOR","playtime":410,"items_purged":[],"score":146,"play_id":"b1d56070-aa8a-4a68-b44d-87fba6c89ec2","local_time":"20210223233248","is_ascension_mode":true,"campfire_choices":[{"data":"Armaments","floor":6,"key":"SMITH"},{"floor":8,"key":"REST"},{"floor":13,"key":"REST"},{"floor":15,"key":"REST"}],"circlet_count":0,"master_deck":["Strike_R","Strike_R","Strike_R","Strike_R","Strike_R","Defend_R","Defend_R","Defend_R","Defend_R","Bash","Armaments+1","ReplayTheSpireMod:Strike From Hell","Offering","Ghostly Armor","Power Through"],"relics":["Burning Blood","NeowsBlessing","Letter Opener","Replay:Rubber Ducky","Odd Mushroom","Champion Belt"],"acts_visited":["Exordium"],"potions_floor_usage":[16,16],"damage_taken":[{"damage":0,"enemies":"Jaw Worm","floor":1,"turns":1},{"damage":0,"enemies":"Cultist","floor":3,"turns":1},{"damage":0,"enemies":"Small Slimes","floor":5,"turns":1},{"damage":45,"enemies":"Gremlin Nob","floor":7,"turns":5},{"damage":14,"enemies":"Blue Slaver","floor":10,"turns":2},{"damage":27,"enemies":"The Mushroom Lair","floor":11,"turns":4},{"damage":32,"enemies":"Lagavulin","floor":12,"turns":9},{"damage":83,"enemies":"The Guardian","floor":16,"turns":19}],"seed_played":"-2322032504984358412","potions_obtained":[{"floor":5,"key":"Energy Potion"},{"floor":11,"key":"Energy Potion"},{"floor":12,"key":"BloodPotion"}],"is_trial":false,"path_per_floor":["M","?","M","?","M","R","E","R","T","M","?","E","R","?","R","B"],"character_chosen":"IRONCLAD","items_purchased":[],"campfire_rested":3,"item_purchase_floors":[],"current_hp_per_floor":[78,78,80,80,80,80,41,65,65,57,36,10,34,34,58,0,0],"gold":525,"neow_bonus":"THREE_ENEMY_KILL","is_daily":false,"chose_seed":false,"campfire_upgraded":1,"win_rate":0.0,"timestamp":1614090768,"path_taken":["M","?","?","?","M","R","E","R","T","?","?","E","R","?","R","BOSS"],"items_purchased_type":[],"build_version":"2020-12-22","purchased_purges":0,"victory":false,"max_hp_per_floor":[80,80,80,80,80,80,80,80,80,80,80,80,80,80,80,80,80],"relic_stats":{"counters":[8,42],"Letter Opener":[15],"Champion Belt":[5],"obtain_stats":[{"NeowsBlessing":0,"Letter Opener":7,"Champion Belt":12,"Odd Mushroom":11,"Burning Blood":0,"Replay:Rubber Ducky":9},{"NeowsBlessing":0,"Letter Opener":4,"Champion Belt":7,"Odd Mushroom":6,"Burning Blood":0,"Replay:Rubber Ducky":4},{"NeowsBlessing":0,"Letter Opener":8,"Champion Belt":23,"Odd Mushroom":14,"Burning Blood":0,"Replay:Rubber Ducky":8}],"Burning Blood":32},"card_choices":[{"not_picked":["Blood for Blood","Seeing Red"],"picked":"Armaments","floor":1},{"not_picked":["Sword Boomerang","Body Slam","Clash"],"picked":"SKIP","floor":3},{"not_picked":["Shrug It Off","Perfected Strike"],"picked":"ReplayTheSpireMod:Strike From Hell","floor":5},{"not_picked":["Shrug It Off","Sever Soul"],"picked":"Offering","floor":7},{"not_picked":["Clash","Entrench","Run Through"],"picked":"SKIP","floor":10},{"not_picked":["Headbutt","Anger"],"picked":"Ghostly Armor","floor":11},{"not_picked":["Sever Soul","Shrug It Off"],"picked":"Power Through","floor":12}],"player_experience":267242,"relics_obtained":[{"floor":7,"key":"Letter Opener"},{"floor":9,"key":"Replay:Rubber Ducky"},{"floor":11,"key":"Odd Mushroom"},{"floor":12,"key":"Champion Belt"}],"event_choices":[{"damage_healed":0,"gold_gain":275,"player_choice":"Desecrate","damage_taken":0,"max_hp_gain":0,"max_hp_loss":0,"event_name":"Golden Shrine","floor":2,"gold_loss":0,"cards_obtained":["Regret"]},{"cards_removed":["Regret"],"damage_healed":0,"gold_gain":0,"player_choice":"Removed Curses","damage_taken":0,"max_hp_gain":0,"max_hp_loss":0,"event_name":"Fountain of Cleansing","floor":4,"gold_loss":0},{"damage_healed":0,"gold_gain":0,"player_choice":"Fought Mushrooms","damage_taken":0,"max_hp_gain":0,"max_hp_loss":0,"event_name":"Mushrooms","floor":11,"gold_loss":0}],"is_beta":false,"boss_relics":[],"items_purged_floors":[],"is_endless":false,"potions_floor_spawned":[5,11,12],"killed_by":"The Guardian","ascension_level":7}}