{"host":"uceopoba4zvqsgiy","time":1614120254,"event":{"mods":["2.2 Compatiblity","Act Like it!","BaseMod","Better Skull","Better Third Choice","Elementarium","Evolution","GifTheSpireLib","Hermit","Humility","Infinite Spire","Jorbs\u0027s Wanderer Trilogy","Marked Mod","Minty Spire (QoL Compilation)","Potionbrewer","Reliquary","Replay The Spire","Robot Space Explorer","Shade Mod","Spicy Shops","StS++","StSLib","Stuff the Spire","The Blue Laboratory","The Caster","The Cursed","The Dragon Tamer","The Dragonkin","The Hierophant","The Judge","The Jungle","TheSurvivalist","Wandering Minibosses"],"gold_per_floor":[117,117,117,127,127,127,159,169,169,196,213,55,71,101,101,201,201,212,212,244,256,256,256,256],"floor_reached":23,"language":"ENG","playtime":1573,"items_purged":[],"score":426,"play_id":"b7cdc6f9-acef-493b-a128-325d5a4b9ec6","local_time":"20210224091414","is_ascension_mode":true,"campfire_choices":[{"data":"Bash","floor":6,"key":"SMITH"},{"floor":15,"key":"REST"}],"circlet_count":0,"master_deck":["Barrage","Barrage","Barrage","Barrage","Leap","Leap","Leap","Leap","Zap","Bash+1","Ball Lightning","WeaponsOverheat","Barrage","Static Discharge","Gash","Glacier","StuffTheSpire:CopiaOfFamine","Thunder Strike","StuffTheSpire:CuriosityCurse"],"relics":["EVO:Axolotl","NeowsBlessing","Iron Core","reliquary:OuijaBoard","StSpp:Monolith","StSpp:GiftCard","infinitespire:WardingShard","potionbrewer:BhaskarasWheel","Prayer Wheel","Red Mask","infinitespire:Golems Mask"],"acts_visited":["Exordium","TheCity"],"potions_floor_usage":[10,10,10,14,16,20,23],"damage_taken":[{"damage":0,"enemies":"2 Louse","floor":1,"turns":1},{"damage":0,"enemies":"Small Slimes","floor":4,"turns":1},{"damage":0,"enemies":"3 Sentries","floor":7,"turns":2},{"damage":0,"enemies":"Jaw Worm","floor":8,"turns":4},{"damage":0,"enemies":"Gremlin Nob","floor":10,"turns":2},{"damage":0,"enemies":"2 Fungi Beasts","floor":11,"turns":2},{"damage":2,"enemies":"Looter","floor":13,"turns":2},{"damage":20,"enemies":"Lagavulin","floor":14,"turns":3},{"damage":36,"enemies":"Hexaghost","floor":16,"turns":6},{"damage":23,"enemies":"3 Byrds","floor":18,"turns":5},{"damage":19,"enemies":"Masked Bandits","floor":20,"turns":3},{"damage":1,"enemies":"Shell Parasite","floor":21,"turns":4},{"damage":13,"enemies":"Nightmare","floor":23,"turns":6}],"seed_played":"-8102404909580230537","potions_obtained":[{"floor":1,"key":"Block Potion"},{"floor":7,"key":"BlessingOfTheForge"},{"floor":8,"key":"GamblersBrew"},{"floor":13,"key":"Strength Potion"},{"floor":14,"key":"LiquidMemories"},{"floor":18,"key":"blueLaboratory:NullPotion"},{"floor":20,"key":"SkillPotion"}],"is_trial":false,"path_per_floor":["M","?","$","M","?","R","E","M","T","E","M","$","M","E","R","B",null,"M","?","?","M","?","NM"],"character_chosen":"DEFECT","items_purchased":["Barrage","Static Discharge"],"campfire_rested":1,"item_purchase_floors":[12,12],"current_hp_per_floor":[73,73,73,73,73,73,73,73,73,73,73,73,71,51,75,39,70,47,27,8,7,7,0,0],"gold":256,"neow_bonus":"THREE_ENEMY_KILL","is_daily":false,"chose_seed":false,"campfire_upgraded":1,"win_rate":0.0,"timestamp":1614120254,"path_taken":["M","?","$","M","?","R","E","M","T","E","M","$","M","E","R","BOSS","M","?","?","M","?","NM"],"items_purchased_type":["Card","Card"],"build_version":"2020-12-22","purchased_purges":0,"victory":false,"max_hp_per_floor":[80,80,80,80,80,80,80,80,80,80,80,80,80,80,80,80,80,80,80,80,80,80,80,80],"card_choices":[{"not_picked":["Skim","ReplayGash","Sweeping Beam"],"picked":"SKIP","floor":1},{"not_picked":["Anger","Glacier","Headbutt"],"picked":"SKIP","floor":4},{"not_picked":["StuffTheSpire:LoadUp","Compile Driver","BasicCrystalCard"],"picked":"SKIP","floor":7},{"not_picked":["Beam Cell","Recycle","Body Slam"],"picked":"SKIP","floor":8},{"not_picked":["Sweeping Beam","Blizzard"],"picked":"Ball Lightning","floor":10},{"not_picked":["Streamline","Genetic Algorithm"],"picked":"WeaponsOverheat","floor":11},{"not_picked":["StuffTheSpire:Plugnplay","StSpp:Pointer"],"picked":"Gash","floor":13},{"not_picked":["Glacier","Double Energy","Headbutt"],"picked":"SKIP","floor":14},{"not_picked":["StuffTheSpire:EventHorizon","Offering"],"picked":"ReplayTheSpireMod:Fabricate Wheel","floor":16},{"not_picked":["Cold Snap","ReplaySort"],"picked":"Glacier","floor":18},{"not_picked":["Steam+1","Compile Driver","Turbo"],"picked":"SKIP","floor":18},{"not_picked":["Stack","Coolheaded"],"picked":"Thunder Strike","floor":21},{"not_picked":["FTL+1","Steam","Rebound"],"picked":"SKIP","floor":21}],"player_experience":1871022,"relics_obtained":[{"floor":7,"key":"reliquary:OuijaBoard"},{"floor":9,"key":"StSpp:Monolith"},{"floor":10,"key":"StSpp:GiftCard"},{"floor":14,"key":"infinitespire:WardingShard"},{"floor":20,"key":"Red Mask"}],"event_choices":[{"damage_healed":0,"gold_gain":0,"player_choice":"Ignored","damage_taken":0,"max_hp_gain":0,"max_hp_loss":0,"event_name":"Golden Wing","floor":5,"gold_loss":0},{"damage_healed":0,"gold_gain":0,"player_choice":"Fought Bandits","damage_taken":0,"max_hp_gain":0,"max_hp_loss":0,"event_name":"Masked Bandits","floor":20,"gold_loss":0}],"is_beta":false,"boss_relics":[{"not_picked":["Ectoplasm","reliquary:KinkedSpring"],"picked":"potionbrewer:BhaskarasWheel"}],"items_purged_floors":[],"is_endless":false,"potions_floor_spawned":[1,7,8,13,14,18,20],"killed_by":"Nightmare","ascension_level":9,"is_humility":true}}