{"host":"2d926qfvvz477zl6","time":1614110289,"event":{"mods":["Aspiration","BaseMod","Challenge The Spire","Conspire","Downfall","GifTheSpireLib","GungeonMod","Halation","Hermit","Hubris","Infinite Spire","Minty Spire (QoL Compilation)","Morshu Shopkeeper","Permanent Neow","Quick Restart","Rare Cards Sparkle","Reliquary","Replay The Spire","Shedinja","Somnambulant","Spicy Shops","StSLib","Stuff the Spire","Td1madao Mod","The Blue Laboratory","The Bug Knight","The Construct","The Cursed","The Disciple","The Forsaken","The Hierophant","TheFirefly","Wandering Minibosses","Wide Potions","everything is the same but u backflip on backflip","slay the spire mod where everything is the same but ironclad has a cowboy hat"],"gold_per_floor":[112,112,112,112,132,132,209,222,273,308,325,325,358,375,375,375,375],"floor_reached":16,"language":"ENG","playtime":511,"items_purged":[],"score":223,"play_id":"c5eb41b6-561b-4a0c-ade9-158e520b940e","local_time":"20210223145809","is_ascension_mode":true,"campfire_choices":[{"data":"Apotheosis","floor":6,"key":"SMITH"},{"data":"ReplayTheSpireMod:Dual Polarity","floor":12,"key":"SMITH"},{"floor":15,"key":"REST"}],"circlet_count":0,"master_deck":["AscendersBane","Strike_B","Strike_B","Strike_B","Strike_B","Defend_B","Defend_B","Defend_B","Defend_B","Zap","Dualcast","bronze:Defend","HollowMod:QuickDashStart","Apotheosis+1","FTL","Compile Driver","Loop+1","ReplayTheSpireMod:Dual Polarity+1","Gash","Glacier","Glacier"],"relics":["Cracked Core","halation:EternalFortune","halation:YellowSoulGem","hubris:Metronome","Frozen Egg 2","Bag of Marbles","Bronze Scales","StuffTheSpire:Expresso"],"acts_visited":["Exordium"],"potions_floor_usage":[5,13,16],"damage_taken":[{"damage":19,"enemies":"Small Slimes","floor":1,"turns":4},{"damage":3,"enemies":"Jaw Worm","floor":5,"turns":3},{"damage":0,"enemies":"2 Louse","floor":8,"turns":1},{"damage":0,"enemies":"Gremlin Nob","floor":10,"turns":2},{"damage":9,"enemies":"Exordium Wildlife","floor":11,"turns":2},{"damage":17,"enemies":"3 Sentries","floor":13,"turns":4},{"damage":11,"enemies":"Looter","floor":14,"turns":2},{"damage":68,"enemies":"Fading Forest","floor":16,"turns":10}],"seed_played":"-7842439560650543152","potions_obtained":[{"floor":1,"key":"AttackPotion"},{"floor":11,"key":"BlessingOfTheForge"},{"floor":14,"key":"blueLaboratory:FruitPreserves"}],"is_trial":false,"path_per_floor":["M","?","?","?","M","R","T","M","T","E","M","R","E","M","R","B"],"character_chosen":"DEFECT","items_purchased":[],"campfire_rested":1,"item_purchase_floors":[],"current_hp_per_floor":[49,52,52,52,49,49,49,49,49,49,40,40,23,15,39,0,0],"gold":375,"neow_bonus":"RANDOM_COLORLESS_2","is_daily":false,"chose_seed":false,"campfire_upgraded":2,"win_rate":0.0,"timestamp":1614110289,"path_taken":["M","?","?","?","?","R","?","M","T","E","M","R","E","M","R","BOSS"],"items_purchased_type":[],"build_version":"2020-12-22","purchased_purges":0,"victory":false,"max_hp_per_floor":[75,78,78,78,78,78,78,78,78,78,78,78,78,81,81,81,81],"card_choices":[{"not_picked":["Transmutation","Panache"],"picked":"Apotheosis","floor":0},{"not_picked":["Sweeping Beam","Go for the Eyes"],"picked":"FTL","floor":1},{"not_picked":["Heatsinks","Steam"],"picked":"Compile Driver","floor":5},{"not_picked":["Double Energy","Leap"],"picked":"Loop+1","floor":8},{"not_picked":["Steam","BasicCrystalCard"],"picked":"ReplayTheSpireMod:Dual Polarity","floor":10},{"not_picked":["Steam","Turbo"],"picked":"Gash","floor":11},{"not_picked":["Conserve Battery","StuffTheSpire:ShieldGenerator"],"picked":"Glacier","floor":13},{"not_picked":["Redo","Consume"],"picked":"Glacier","floor":14}],"player_experience":505708,"relics_obtained":[{"floor":4,"key":"hubris:Metronome"},{"floor":7,"key":"Frozen Egg 2"},{"floor":9,"key":"Bag of Marbles"},{"floor":10,"key":"Bronze Scales"},{"floor":13,"key":"StuffTheSpire:Expresso"},{"floor":14,"key":"halation:EternalFortune"}],"event_choices":[],"is_beta":false,"boss_relics":[],"items_purged_floors":[],"is_endless":false,"potions_floor_spawned":[1,11,14],"killed_by":"Fading Forest","ascension_level":13}}