{"host":"birdoosa9v9yfc1w","time":1614112738,"event":{"mods":["2.2 Compatiblity","BaseMod","Bossed Relics","Colored Map","Colored Powertips","Dark Map","Halation","Highlight Path","Minty Spire (QoL Compilation)","Rare Cards Sparkle","Relic Filter","SacredBarkPlus","StSLib","The Jungle","Thrall Mod"],"gold_per_floor":[115,115,128,128,146,175,245,245,245,318,330,367,379,410,422,508,520,548,610,699,74,134,162,162,173,198,198,231,231,248,265,265,341,341,356,406,456,466,61,89,10,10,34,34,59,109,208,220,220,220,220,220,25,59,59,59],"floor_reached":55,"language":"ENG","playtime":2582,"items_purged":["Defend_Thrall"],"score":1384,"play_id":"c00fa81e-3d0e-4ab9-812d-f4de41393a77","local_time":"20210223153858","is_ascension_mode":true,"campfire_choices":[{"floor":8,"key":"REST"},{"data":"Doomhammer","floor":13,"key":"SMITH"},{"data":"Flametonguetotem","floor":15,"key":"SMITH"},{"data":"Apotheosis","floor":24,"key":"SMITH"},{"floor":27,"key":"REST"},{"floor":29,"key":"REST"},{"floor":32,"key":"RECALL"},{"data":"Hallazeal","floor":42,"key":"SMITH"},{"data":"Manatidetotem","floor":44,"key":"SMITH"},{"data":"Manatidetotem","floor":49,"key":"SMITH"},{"data":"Airelemental","floor":52,"key":"SMITH"}],"circlet_count":0,"master_deck":["AscendersBane","Strike_Thrall+1","Strike_Thrall","Strike_Thrall","Strike_Thrall","Defend_Thrall","Defend_Thrall","Defend_Thrall","Defend_Thrall","Lightningbolt","Thecoin","Witchsapprentice","Doomhammer+1","Dustdevil+1","Elementaldestruction","Hex","Witchsapprentice","Maelstromportal","Flametonguetotem+1","CurseOfTheBell","Beakeredlightning","Apotheosis+1","Shudderwock","Frostshock","Menacingnimbus","Earthshock","Hallazeal+1","Good Instincts","Secret Weapon","Manatidetotem+1","Manatidetotem+1","Thingfrombelow","Airelemental+1","Airelemental","Dunemaul","Earthshock","Dunemaul"],"relics":["Totem","WarpedTongs","SsserpentHead","Pen Nib","MawBank","Whetstone","Calling Bell","Centennial Puzzle","halation:PrussianBluePaint","Mango","MutagenicStrength","Red Mask","Pear","Omamori","Bag of Marbles","halation:SelfBoilingWater","Empty Cage","Juzu Bracelet","halation:LostSnail","Strawberry","Vajra","Girya","halation:PinkSoulGem","halation:QuantumPhysicsTextbook","Medical Kit","halation:LoveArrow"],"acts_visited":["Exordium","TheCity","TheBeyond","TheEnding"],"potions_floor_usage":[10,12,16,16,21,25,33,33,40,55,55],"damage_taken":[{"damage":6,"enemies":"2 Louse","floor":1,"turns":3},{"damage":9,"enemies":"Cultist","floor":3,"turns":4},{"damage":3,"enemies":"Small Slimes","floor":5,"turns":3},{"damage":39,"enemies":"3 Sentries","floor":6,"turns":8},{"damage":0,"enemies":"Gremlin Gang","floor":7,"turns":1},{"damage":11,"enemies":"Lots of Slimes","floor":10,"turns":2},{"damage":2,"enemies":"Gremlin Nob","floor":12,"turns":4},{"damage":9,"enemies":"Looter","floor":14,"turns":2},{"damage":25,"enemies":"The Guardian","floor":16,"turns":12},{"damage":3,"enemies":"Spheric Guardian","floor":18,"turns":3},{"damage":1,"enemies":"Masked Bandits","floor":20,"turns":1},{"damage":1,"enemies":"Shell Parasite","floor":22,"turns":4},{"damage":31,"enemies":"Gremlin Leader","floor":23,"turns":7},{"damage":0,"enemies":"3 Cultists","floor":25,"turns":3},{"damage":22,"enemies":"Slavers","floor":28,"turns":4},{"damage":14,"enemies":"Snake Plant","floor":30,"turns":2},{"damage":2,"enemies":"Shelled Parasite and Fungi","floor":31,"turns":2},{"damage":79,"enemies":"Automaton","floor":33,"turns":10},{"damage":16,"enemies":"3 Shapes","floor":35,"turns":5},{"damage":14,"enemies":"Orb Walker","floor":38,"turns":3},{"damage":83,"enemies":"Reptomancer","floor":40,"turns":8},{"damage":51,"enemies":"Giant Head","floor":45,"turns":8},{"damage":57,"enemies":"2 Orb Walkers","floor":47,"turns":4},{"damage":17,"enemies":"4 Shapes","floor":48,"turns":3},{"damage":142,"enemies":"Time Eater","floor":50,"turns":11},{"damage":88,"enemies":"Shield and Spear","floor":54,"turns":4},{"damage":113,"enemies":"The Heart","floor":55,"turns":3}],"seed_played":"-6249702639978172900","potions_obtained":[{"floor":3,"key":"GamblersBrew"},{"floor":7,"key":"Regen Potion"},{"floor":10,"key":"SteroidPotion"},{"floor":14,"key":"EntropicBrew"},{"floor":16,"key":"DistilledChaos"},{"floor":22,"key":"Weak Potion"},{"floor":28,"key":"SkillPotion"},{"floor":33,"key":"Fire Potion"},{"floor":38,"key":"BlessingOfTheForge"},{"floor":47,"key":"Ancient Potion"},{"floor":54,"key":"Swift Potion"}],"is_trial":false,"path_per_floor":["M","?","M","?","M","E","M","R","T","M","$","E","R","M","R","B",null,"M","?","?","$","M","E","R","M","T","R","E","R","M","M","R","B",null,"M","?","T","M","$","E","$","R","T","R","E","?","?","M","R","B",null,"R","$","E","B"],"character_chosen":"THRALL","items_purchased":["Pear","Fruit Juice","Apotheosis","Shudderwock","Juzu Bracelet","Manatidetotem","halation:LostSnail","Thingfrombelow","Airelemental","Medical Kit","Dunemaul"],"campfire_rested":3,"item_purchase_floors":[21,21,21,21,39,39,39,39,41,53,53],"current_hp_per_floor":[59,59,52,52,51,24,24,45,45,39,39,37,37,30,30,16,71,70,70,69,84,85,56,56,56,56,85,63,92,78,76,76,5,76,94,84,84,70,70,106,106,106,106,106,106,106,106,89,89,106,106,106,106,18,0,0],"gold":59,"neow_bonus":"THREE_CARDS","is_daily":false,"chose_seed":false,"campfire_upgraded":7,"win_rate":0.0,"timestamp":1614112738,"path_taken":["M","?","?","?","M","E","?","R","T","?","$","E","R","M","R","BOSS","M","?","?","?","?","E","R","M","T","R","E","R","M","M","R","BOSS","M","?","?","M","?","E","$","R","T","R","E","?","?","M","R","BOSS","R","$","E","BOSS"],"items_purchased_type":["Relic","Potion","Card","Card","Relic","Card","Relic","Card","Card","Relic","Card"],"build_version":"2020-12-22","purchased_purges":1,"victory":false,"max_hp_per_floor":[70,70,70,70,70,70,70,70,70,70,70,70,70,70,70,70,84,84,84,84,99,99,99,99,99,99,99,99,99,99,99,99,99,99,99,99,99,99,99,106,106,106,106,106,106,106,106,106,106,106,106,106,106,106,106,106],"card_choices":[{"not_picked":["Healingrain","Farsight"],"picked":"Witchsapprentice","floor":1},{"not_picked":["Jadelightning","Tidalsurge"],"picked":"Doomhammer","floor":3},{"not_picked":["Reincarnate","Earthshock"],"picked":"Dustdevil","floor":5},{"not_picked":["Fireelemental","Farsight"],"picked":"Elementaldestruction","floor":6},{"not_picked":["Thecoin","Healingrain"],"picked":"Hex","floor":7},{"not_picked":["Thecoin","Totemicsmash"],"picked":"Witchsapprentice","floor":10},{"not_picked":["Forkedlightning","Fireelemental"],"picked":"Maelstromportal","floor":12},{"not_picked":["Totemicsmash","Jadelightning"],"picked":"Flametonguetotem","floor":14},{"not_picked":["Rockbiter","Drakkaridefender","Totemicsmash"],"picked":"SKIP","floor":18},{"not_picked":["Jinyu","Thecoin"],"picked":"Beakeredlightning","floor":20},{"not_picked":["Evolve","Fireelemental+1"],"picked":"Frostshock","floor":22},{"not_picked":["Earthelemental+1","Fireelemental","Forkedlightning"],"picked":"SKIP","floor":23},{"not_picked":["Eureka","Eternalsentinel"],"picked":"Menacingnimbus","floor":25},{"not_picked":["Hex","Doomhammer"],"picked":"Earthshock","floor":28},{"not_picked":["Crackle","Zap","Jadecheiftain"],"picked":"SKIP","floor":30},{"not_picked":["Volcano","Menacingnimbus","Rockbiter"],"picked":"SKIP","floor":31},{"not_picked":["Unstable","Lavaburst"],"picked":"Hallazeal","floor":33},{"not_picked":["Maelstromportal+1","Jadecheiftain","Totemicsmash"],"picked":"SKIP","floor":35},{"not_picked":["Blind","Bandage Up"],"picked":"Good Instincts","floor":36},{"not_picked":["Impatience","Enlightenment"],"picked":"Secret Weapon","floor":36},{"not_picked":["Healingrain","Drakkaridefender+1"],"picked":"Manatidetotem","floor":38},{"not_picked":["Rockbiter","Lavaburst"],"picked":"Airelemental","floor":40},{"not_picked":["Whiteeyes","Evolve+1","Forkedlightning+1"],"picked":"SKIP","floor":45},{"not_picked":["Reincarnate+1","Eureka+1"],"picked":"Dunemaul","floor":47},{"not_picked":["Forkedlightning","Murksparkeel"],"picked":"Earthshock","floor":48},{"not_picked":["Healingrain","Fireelemental","Jadecheiftain"],"picked":"SKIP","floor":54}],"player_experience":666869,"relics_obtained":[{"floor":6,"key":"Pen Nib"},{"floor":9,"key":"MawBank"},{"floor":12,"key":"Whetstone"},{"floor":17,"key":"Centennial Puzzle"},{"floor":17,"key":"halation:PrussianBluePaint"},{"floor":17,"key":"Mango"},{"floor":20,"key":"Red Mask"},{"floor":23,"key":"Omamori"},{"floor":26,"key":"Bag of Marbles"},{"floor":28,"key":"halation:SelfBoilingWater"},{"floor":40,"key":"Strawberry"},{"floor":43,"key":"Vajra"},{"floor":45,"key":"Girya"},{"floor":47,"key":"halation:QuantumPhysicsTextbook"},{"floor":54,"key":"halation:LoveArrow"}],"event_choices":[{"damage_healed":0,"gold_gain":0,"player_choice":"Rummage","damage_taken":0,"relics_obtained":["WarpedTongs"],"max_hp_gain":0,"max_hp_loss":0,"event_name":"Accursed Blacksmith","floor":2,"gold_loss":0,"cards_obtained":["Pain"]},{"damage_healed":0,"gold_gain":0,"player_choice":"Trade","damage_taken":0,"relics_obtained":["SsserpentHead"],"max_hp_gain":0,"max_hp_loss":0,"event_name":"FaceTrader","floor":4,"gold_loss":0},{"damage_healed":0,"gold_gain":0,"player_choice":"Inject Mutagens","damage_taken":0,"relics_obtained":["MutagenicStrength"],"max_hp_gain":0,"max_hp_loss":0,"event_name":"Drug Dealer","floor":19,"gold_loss":0},{"damage_healed":0,"gold_gain":0,"player_choice":"Fought Bandits","damage_taken":0,"max_hp_gain":0,"max_hp_loss":0,"event_name":"Masked Bandits","floor":20,"gold_loss":0},{"damage_healed":0,"gold_gain":0,"player_choice":"Memory 3","damage_taken":10,"max_hp_gain":0,"max_hp_loss":0,"event_name":"SensoryStone","floor":36,"gold_loss":0},{"damage_healed":0,"gold_gain":0,"player_choice":"Fight","damage_taken":0,"max_hp_gain":0,"max_hp_loss":0,"event_name":"Mysterious Sphere","floor":47,"gold_loss":0}],"is_beta":false,"boss_relics":[{"not_picked":["Unceasing Top","SacredBark"],"picked":"Calling Bell"},{"not_picked":["Tiny House","Snecko Eye"],"picked":"Empty Cage"}],"items_purged_floors":[39],"is_endless":false,"potions_floor_spawned":[3,7,10,14,16,20,22,28,30,33,38,47,48,54],"killed_by":"The Heart","ascension_level":13}}