{"host":"xspobo6976yah3h4","time":1614120445,"event":{"mods":["BaseMod","Clockwork Mod","Colored Map","Curses Come First","Downfall","Minty Spire (QoL Compilation)","Random Character Button","StSLib","The Cursed","The Servant 0.9.4"],"gold_per_floor":[99,119,131,131,41,57,106,106,106,120,120,20,5,30,49,152,152,52,65,79,179,179,379,379,389,350,399,413,92,92,111,123,224,224,124,141,151,202,202,202,277,151,151,485,505,515,515,533,544,544,544,571,314,314,314,314,314,314],"floor_reached":56,"language":"ENG","playtime":3876,"items_purged":["bronze:Defend","downfall:Malfunctioning","bronze:Defend","bronze:Strike","Clumsy"],"score":854,"play_id":"2fb4e17d-fef0-46b9-a076-7fd368ecbb76","local_time":"20210223234725","is_ascension_mode":false,"campfire_choices":[{"data":"bronze:Goto","floor":1,"key":"SMITH"},{"data":"bronze:Repulsor","floor":8,"key":"SMITH"},{"floor":12,"key":"RECALL"},{"floor":18,"key":"REST"},{"floor":30,"key":"REST"},{"floor":35,"key":"REST"},{"floor":54,"key":"REST"}],"circlet_count":0,"master_deck":["bronze:Strike","bronze:Strike+1","bronze:Defend","bronze:Replicate","bronze:Goto+1","bronze:DelayedSlice","bronze:ChildClass","bronze:Fortify+1","bronze:Repulsor+1","bronze:DelayedSlice+1","bronze:Virus","bronze:FineTuning","bronze:Shield","bronze:Mutator","bronze:BuggyMess+1","bronze:BuggyMess","bronze:Safeguard","bronze:FineTuning","J.A.X.","bronze:Invalidate","bronze:Frontload","bronze:Fortify","expansioncontent:Chronoboost","bronze:BugBarrage","bronze:ItsAFeature","bronze:OilSpill+1","bronze:BronzeOrb","bronze:HardenedForm","bronze:Iterate+1","bronze:MaxOutput","bronze:BuggyMess+1","expansioncontent:Chronoboost","bronze:Verify","bronze:Iterate+1","bronze:BuggyMess+1","bronze:ClassDefault","bronze:ForceShield+1","bronze:SpaghettiCode"],"relics":["bronze:BronzeCore","downfall:ShatteredFragment","Akabeko","downfall:HeartBlessingBlue","Ginger","Fusion Hammer","downfall:HeartBlessingRed","MutagenicStrength","Mercury Hourglass","Membership Card","HornCleat","Happy Flower","bronze:SilverBullet","PreservedInsect","ClockworkSouvenir","SacredBark","downfall:HeartBlessingGreen","Ice Cream","Singing Bowl","Question Card","bronze:BottledCode","Old Coin","bronze:CableSpool","InkBottle"],"acts_visited":["Exordium","TheCity","TheBeyond","TheEnding"],"potions_floor_usage":[25,46,56,56,56],"damage_taken":[{"damage":1,"enemies":"Cultist","floor":2,"turns":4},{"damage":1,"enemies":"Jaw Worm","floor":3,"turns":3},{"damage":0,"enemies":"downfall:FleeingMerchant","floor":5,"turns":4},{"damage":0,"enemies":"2 Louse","floor":6,"turns":1},{"damage":4,"enemies":"Blue Slaver","floor":10,"turns":2},{"damage":0,"enemies":"downfall:FleeingMerchant","floor":13,"turns":4},{"damage":0,"enemies":"Gremlin Nob","floor":14,"turns":2},{"damage":5,"enemies":"downfall:LooterAlt","floor":15,"turns":2},{"damage":31,"enemies":"IC_STATUS_ARCHETYPE","floor":16,"turns":7},{"damage":5,"enemies":"downfall:LooterAlt2","floor":19,"turns":2},{"damage":1,"enemies":"3 Byrds","floor":20,"turns":3},{"damage":29,"enemies":"downfall:Augmenter","floor":21,"turns":7},{"damage":5,"enemies":"Shelled Parasite and Fungi","floor":25,"turns":3},{"damage":3,"enemies":"downfall:FleeingMerchant","floor":26,"turns":4},{"damage":3,"enemies":"Snecko","floor":28,"turns":3},{"damage":0,"enemies":"Cultist and Chosen","floor":31,"turns":4},{"damage":0,"enemies":"3 Cultists","floor":32,"turns":3},{"damage":3,"enemies":"WA_ARCHETYPE_CALM","floor":33,"turns":4},{"damage":0,"enemies":"3 Shapes","floor":36,"turns":2},{"damage":3,"enemies":"3 Darklings","floor":37,"turns":2},{"damage":0,"enemies":"2 Orb Walkers","floor":38,"turns":2},{"damage":4,"enemies":"Nemesis","floor":44,"turns":3},{"damage":0,"enemies":"Jaw Worm Horde","floor":45,"turns":2},{"damage":0,"enemies":"Transient","floor":46,"turns":5},{"damage":13,"enemies":"Maw","floor":48,"turns":4},{"damage":3,"enemies":"Jaw Worm Horde","floor":49,"turns":2},{"damage":15,"enemies":"DF_ARCHETYPE_ORBS","floor":50,"turns":5},{"damage":0,"enemies":"downfall:CharBossMerchant","floor":52,"turns":3},{"damage":49,"enemies":"downfall:NeowBoss","floor":55,"turns":8},{"damage":52,"enemies":"downfall:NeowBossFinal","floor":56,"turns":6}],"seed_played":"-1481986697151203770","potions_obtained":[{"floor":3,"key":"AttackPotion"},{"floor":10,"key":"bronze:BurnAndBuffPotion"},{"floor":14,"key":"BlessingOfTheForge"},{"floor":20,"key":"Dexterity Potion"},{"floor":25,"key":"bronze:BurnAndBuffPotion"},{"floor":33,"key":"LiquidMemories"},{"floor":46,"key":"Guardian:BlockOnCardUsePotion"}],"is_trial":false,"path_per_floor":["R","M","M","?","$","M","T","R","T","M","?","R","$","E","M","B",null,"R","M","M","?","?","?","T","M","$","T","M","$","R","M","M","B",null,"R","M","M","?","?","?","T","$","?","E","M","M","?","M","M","B",null,"E","$","R","B","B"],"character_chosen":"THE_AUTOMATON","items_purchased":["Membership Card","HornCleat","expansioncontent:Chronoboost","bronze:SilverBullet","PreservedInsect","ClockworkSouvenir","bronze:ItsAFeature","bronze:BuildAFunctionPotion","CultistPotion","InkBottle"],"campfire_rested":4,"item_purchase_floors":[26,26,26,29,29,29,29,42,53,53],"current_hp_per_floor":[77,76,75,54,54,54,54,54,54,50,50,60,60,60,55,24,87,87,82,81,52,52,52,52,47,44,44,41,41,67,67,67,64,87,87,87,84,84,84,84,84,84,77,73,75,77,77,64,61,46,81,81,81,81,32,0,0,0],"gold":314,"neow_bonus":"TEN_PERCENT_HP_BONUS","is_daily":false,"chose_seed":false,"campfire_upgraded":2,"win_rate":0.0,"timestamp":1614120445,"path_taken":["R","M","?","?","$","M","T","R","?","M","?","R","$","E","M","BOSS","R","M","M","?","?","?","T","?","$","?","M","$","R","M","M","BOSS","R","M","M","?","?","?","T","?","?","E","?","M","?","?","M","BOSS","E","$","R","BOSS","BOSS"],"items_purchased_type":["Relic","Relic","Card","Relic","Relic","Relic","Card","Potion","Potion","Relic"],"build_version":"2020-12-22","purchased_purges":5,"victory":false,"max_hp_per_floor":[77,77,77,77,77,77,77,77,77,77,77,87,87,87,87,87,87,87,87,87,87,87,87,87,87,87,87,87,87,87,87,87,87,87,87,87,87,87,87,87,87,87,77,77,79,81,81,81,81,81,81,81,81,81,81,81,81,81],"card_choices":[{"not_picked":["bronze:Turbo","bronze:DigitalCarnage"],"picked":"bronze:DelayedSlice","floor":2},{"not_picked":["bronze:Shield","bronze:Fortify"],"picked":"bronze:ChildClass","floor":3},{"not_picked":["bronze:Frontload","bronze:BurnOut"],"picked":"bronze:Fortify","floor":5},{"not_picked":["bronze:Backtrace","bronze:GetLatest"],"picked":"bronze:Repulsor","floor":6},{"not_picked":["bronze:WildBeam","bronze:Frontload"],"picked":"bronze:DelayedSlice","floor":10},{"not_picked":["bronze:Safeguard","bronze:FineTuning"],"picked":"bronze:Virus","floor":13},{"not_picked":["bronze:Overload","bronze:CloningBeam"],"picked":"bronze:FineTuning","floor":14},{"not_picked":["bronze:Turbo","bronze:ChildClass"],"picked":"bronze:Shield","floor":15},{"not_picked":["bronze:Break","bronze:BurnOut"],"picked":"bronze:Mutator","floor":16},{"not_picked":["bronze:ChosenStrike","bronze:Frontload"],"picked":"bronze:BuggyMess+1","floor":19},{"not_picked":["bronze:DigitalCarnage","bronze:DelayedGuard"],"picked":"bronze:BuggyMess","floor":20},{"not_picked":[],"picked":"J.A.X.","floor":21},{"not_picked":["bronze:BuggyMess","bronze:Overload"],"picked":"bronze:Invalidate","floor":21},{"not_picked":["bronze:Safeguard","bronze:Branch"],"picked":"bronze:Frontload","floor":25},{"not_picked":["bronze:CutThrough","bronze:Optimize+1"],"picked":"bronze:Fortify","floor":26},{"not_picked":["bronze:CleanCode","bronze:Allocate+1"],"picked":"bronze:BugBarrage","floor":28},{"not_picked":["bronze:ForceShield","bronze:Shield"],"picked":"bronze:OilSpill+1","floor":31},{"not_picked":["bronze:WildBeam","bronze:Fortify"],"picked":"bronze:BronzeOrb","floor":32},{"not_picked":["bronze:Assembly","bronze:ShipIt"],"picked":"bronze:HardenedForm","floor":33},{"not_picked":["bronze:ItsAFeature+1","bronze:Boost"],"picked":"bronze:Iterate+1","floor":36},{"not_picked":["bronze:ItsAFeature+1","bronze:Overheat"],"picked":"bronze:MaxOutput","floor":37},{"not_picked":["bronze:BugBarrage","bronze:CloningBeam"],"picked":"bronze:BuggyMess+1","floor":38},{"not_picked":["expansioncontent:LastStand","expansioncontent:Hexaburn"],"picked":"expansioncontent:Chronoboost","floor":40},{"not_picked":["bronze:Invalidate","bronze:DelayedGuard+1","bronze:CutThrough"],"picked":"bronze:Verify","floor":44},{"not_picked":["bronze:Turbo+1","bronze:Branch+1","bronze:BronzeOrb+1","bronze:BitShift"],"picked":"Singing Bowl","floor":45},{"not_picked":["bronze:OilSpill+1","bronze:Invalidate","bronze:BitShift","bronze:Frontload"],"picked":"Singing Bowl","floor":46},{"not_picked":["bronze:BitShift","bronze:Shield","bronze:BuggyMess+1"],"picked":"bronze:ClassDefault","floor":48},{"not_picked":["bronze:ChildClass","bronze:BuggyMess","bronze:OilSpill"],"picked":"bronze:ForceShield+1","floor":49},{"not_picked":["bronze:Safeguard+1","bronze:DelayedGuard","bronze:BronzeOrb+1"],"picked":"bronze:SpaghettiCode","floor":52}],"player_experience":767745,"relics_obtained":[{"floor":7,"key":"Akabeko"},{"floor":14,"key":"Ginger"},{"floor":21,"key":"MutagenicStrength"},{"floor":24,"key":"Mercury Hourglass"},{"floor":27,"key":"Happy Flower"},{"floor":38,"key":"Ice Cream"},{"floor":39,"key":"Singing Bowl"},{"floor":41,"key":"Question Card"},{"floor":44,"key":"Old Coin"},{"floor":52,"key":"bronze:CableSpool"}],"event_choices":[{"damage_healed":0,"gold_gain":0,"player_choice":"Ignored","damage_taken":0,"max_hp_gain":0,"max_hp_loss":0,"event_name":"Ghosts","floor":22,"gold_loss":0},{"damage_healed":0,"gold_gain":200,"player_choice":"Gold","damage_taken":0,"max_hp_gain":0,"max_hp_loss":0,"event_name":"Wheel of Change","floor":23,"gold_loss":0},{"damage_healed":0,"gold_gain":0,"player_choice":"Fight","damage_taken":0,"max_hp_gain":0,"max_hp_loss":0,"event_name":"Mysterious Sphere","floor":38,"gold_loss":0}],"is_beta":false,"boss_relics":[{"not_picked":["Coffee Dripper","Velvet Choker"],"picked":"Fusion Hammer"},{"not_picked":["bronze:PlatinumCore","Cursed Key"],"picked":"SacredBark"}],"items_purged_floors":[5,26,29,42,53],"is_endless":false,"potions_floor_spawned":[3,10,14,20,21,25,28,33,37,38,45,46,49],"killed_by":"downfall:NeowBossFinal","ascension_level":0}}