{"host":"k9ocgmchziz83yjl","time":1614057296,"event":{"mods":["BaseMod","Friendly Minions","KinomotoSakuraMod(木之本樱)","Marisa（F雨　魔理沙）","Minty Spire (QoL Compilation)","MostiFishMod","Quick Restart","Reliquary","Replay The Spire","RumiaBox-露米娅的神秘盒子","Spicy Shops","StSLib","The Cursed","The Servant 0.9.4","Warlord Emblem","[IsaacMod]以撒尖塔","【功能Mod】混沌之环修复补丁"],"gold_per_floor":[118,125,125,177,202,202,254,254,254,254,179,257,273,296,296,444,444,457,476,496,70,70,70,105,105,105,143,143,163,178,236,236,330,330,357,192,216,246,253,289,361,394,394,394,440,290,342,357,357,357,364],"floor_reached":52,"language":"ZHS","playtime":2906,"items_purged":["Strike_R","Defend_R","Defend_R","Parasite","Defend_R"],"score":2650,"play_id":"92fdc47d-d161-4466-aa37-91d19c6bd4bd","local_time":"20210223131456","is_ascension_mode":true,"campfire_choices":[{"floor":6.0,"key":"REST"},{"data":"MostiFishMod:OrdinaryWorld","floor":8.0,"key":"SMITH"},{"floor":15.0,"key":"DIG"},{"data":"MostiFishMod:RainCloud","floor":23.0,"key":"SMITH"},{"data":"MostiFishMod:HellRitual","floor":25.0,"key":"SMITH"},{"data":"Limit Break","floor":28.0,"key":"SMITH"},{"data":"Pummel","floor":32.0,"key":"SMITH"},{"data":"Bash","floor":44,"key":"SMITH"},{"data":"Immolate","floor":49,"key":"SMITH"}],"circlet_count":0,"master_deck":["Strike_R","Strike_R","Strike_R","Strike_R","Bash+1","Immolate+1","Sentinel","MostiFishMod:OrdinaryWorld+1","Self Repair+1","Power Through+1","Limit Break+1","MostiFishMod:HellRitual+1","Pummel+1","Spot Weakness+1","MostiFishMod:RainCloud+1","Armaments+1","MostiFishMod:DoubleSword+1","Hologram+1"],"relics":["DaveBox","HushsDoor","MetatronsCube","SalivaCoin","SynthV:TestCard","Golden Idol","MagicDraw1","Replay:Accelerometer","LastBattle","Iron Core","reliquary:PartyBalloon","Mango","Lantern","PatriotShield","Civilization","HowToJump","reliquary:BoilingFlask","Snack Pack","Boot","ChiXiaoBlade","GuppysHairball","GuppysCollar","DiscerningMonocle","reliquary:Buckler","Vajra","Happy Flower","Lizard Tail","Dodecahedron","Baka2","Omamori","Mango","Replay:Bottled Flurry","reliquary:Firecrackers","Letter Opener","reliquary:Bookmark","White Beast Statue","reliquary:TridentHead","HornCleat","Durian","Cauldron","ReplayTheSpireMod:Lightbulb","GuppysCollar"],"acts_visited":["Exordium","TheCity","TheBeyond"],"potions_floor_usage":[51,51],"damage_taken":[{"damage":8.0,"enemies":"Small Slimes","floor":1.0,"turns":3.0},{"damage":32.0,"enemies":"Jaw Worm","floor":4.0,"turns":6.0},{"damage":0.0,"enemies":"Cultist","floor":5.0,"turns":2.0},{"damage":32.0,"enemies":"Lagavulin","floor":7.0,"turns":4.0},{"damage":8.0,"enemies":"Gremlin Nob","floor":12.0,"turns":3.0},{"damage":0.0,"enemies":"3 Louse","floor":13.0,"turns":2.0},{"damage":0.0,"enemies":"Looter","floor":14.0,"turns":2.0},{"damage":53.0,"enemies":"The Guardian","floor":16.0,"turns":12.0},{"damage":0.0,"enemies":"2 Thieves","floor":18.0,"turns":3.0},{"damage":0.0,"enemies":"Chosen","floor":19.0,"turns":1.0},{"damage":0.0,"enemies":"Snake Plant","floor":20.0,"turns":1.0},{"damage":0.0,"enemies":"Slavers","floor":24.0,"turns":1.0},{"damage":0.0,"enemies":"Gremlin Leader","floor":27.0,"turns":1.0},{"damage":0.0,"enemies":"Shelled Parasite and Fungi","floor":29.0,"turns":1.0},{"damage":0.0,"enemies":"Centurion and Healer","floor":30.0,"turns":2.0},{"damage":10.0,"enemies":"Slavers","floor":31.0,"turns":2.0},{"damage":0.0,"enemies":"Pondfish","floor":33.0,"turns":4.0},{"damage":3.0,"enemies":"Orb Walker","floor":35.0,"turns":1.0},{"damage":0.0,"enemies":"3 Darklings","floor":37.0,"turns":1.0},{"damage":16.0,"enemies":"4 Shapes","floor":38.0,"turns":2.0},{"damage":0.0,"enemies":"Nemesis","floor":40.0,"turns":1.0},{"damage":17,"enemies":"2 Orb Walkers","floor":41,"turns":2},{"damage":0,"enemies":"R_Hoarder","floor":42,"turns":2},{"damage":24,"enemies":"Transient","floor":45,"turns":4},{"damage":4,"enemies":"Giant Head","floor":47,"turns":2},{"damage":0,"enemies":"Jaw Worm Horde","floor":48,"turns":1},{"damage":0,"enemies":"Replay:Hell Engine","floor":50,"turns":2},{"damage":6,"enemies":"Donu and Deca","floor":51,"turns":3}],"seed_played":"5157245508668745839","potions_obtained":[{"floor":4.0,"key":"SneckoOil"},{"floor":13.0,"key":"Elixir"},{"floor":16.0,"key":"Strength Potion"},{"floor":18.0,"key":"Fire Potion"},{"floor":29.0,"key":"Dexterity Potion"},{"floor":40.0,"key":"SteroidPotion"},{"floor":46,"key":"LiquidMemories"}],"is_trial":false,"path_per_floor":["M","?","T","M","M","R","E","R","T","?","$","?","M","M","R","B",null,"M","M","M","$","$","R","E","R","T","E","R","M","M","E","R","B",null,"M","$","M","M","?","E","?","E","T","R","M","$","E","M","R","B","B",null],"character_chosen":"IRONCLAD","items_purchased":["Civilization","MostiFishMod:RainCloud","GuppysHairball","GuppysCollar","DiscerningMonocle","reliquary:Buckler","Vajra","Happy Flower","Lizard Tail","Dodecahedron","CultistPotion","reliquary:Bookmark","White Beast Statue","reliquary:TridentHead","HornCleat","Durian","Cauldron"],"campfire_rested":1,"item_purchase_floors":[21,21,34,34,36,36,36,36,36,36,36,46,46,46,46,46,46],"current_hp_per_floor":[66,40,40,14,20,42,16,16,16,16,16,42,62,62,62,29,74,89,89,89,89,89,89,92,92,92,96,96,101,106,111,111,116,88,92,92,98,103,88,119,127,132,132,132,137,139,144,149,149,154,159],"gold":364,"neow_bonus":"REMOVE_CARD","is_daily":false,"chose_seed":false,"campfire_upgraded":7,"win_rate":0.0,"timestamp":1614057296,"path_taken":["M","?","?","?","M","R","E","R","T","?","$","?","M","M","R","BOSS","M","M","M","$","?","R","E","R","T","E","R","M","M","E","R","BOSS","M","$","M","M","?","E","?","E","T","R","M","$","E","M","R","BOSS","BOSS"],"items_purchased_type":["Relic","Card","Relic","Relic","Relic","Relic","Relic","Relic","Relic","Relic","Potion","Relic","Relic","Relic","Relic","Relic","Relic"],"build_version":"2020-12-22","purchased_purges":5,"victory":true,"max_hp_per_floor":[75,75,75,75,75,75,75,75,75,75,75,89,89,89,89,89,89,89,89,89,89,89,89,92,92,92,96,96,101,106,111,111,116,88,93,93,98,103,103,122,127,132,132,132,137,139,144,149,149,154,159],"card_choices":[{"not_picked":["Cleave","Warcry","Havoc"],"picked":"SKIP","floor":1.0},{"not_picked":["Clothesline","Cleave","ReplayTheSpireMod:Corrosion Curse","Headbutt"],"picked":"Immolate","floor":4.0},{"not_picked":["Body Slam","Pummel","Thunderclap","Sword Boomerang"],"picked":"Sentinel","floor":5.0},{"not_picked":["Perfected Strike","MostiFishMod:TemporaryOutbreak","Infernal Blade","Clothesline"],"picked":"MostiFishMod:OrdinaryWorld","floor":7.0},{"not_picked":["Cleave","Dark Embrace","Scorching Beam","Massacre"],"picked":"Power Through","floor":12.0},{"not_picked":["MostiFishMod:BrandingRite","Replay:Undeath\u0027s Touch","Clothesline","Rupture","Warcry"],"picked":"SKIP","floor":13.0},{"not_picked":["ReplayTheSpireMod:GoodbyeWorld","ReplayTheSpireMod:Repulse","Beam Cell","WeaponsOverheat"],"picked":"Limit Break","floor":14.0},{"not_picked":["MostiFishMod:KnuckleDown","Bludgeon","Eclipse","MostiFishMod:CullingBlade"],"picked":"MostiFishMod:HellRitual","floor":16.0},{"not_picked":["Havoc","Cleave","Iron Wave","Headbutt","Heavy Blade"],"picked":"SKIP","floor":18.0},{"not_picked":["Body Slam","Twin Strike","Perfected Strike","Flex"],"picked":"Pummel","floor":19.0},{"not_picked":["Armaments","Flex","Wild Strike","Hemokinesis+1"],"picked":"Spot Weakness+1","floor":20.0},{"not_picked":["Rupture","Limit Break","ReplayTheSpireMod:Repulse","Rebound","Bloodletting"],"picked":"SKIP","floor":24.0},{"not_picked":["Warcry","Pommel Strike","Bloodletting","Twin Strike","Cold Snap"],"picked":"SKIP","floor":27.0},{"not_picked":["Clothesline","Rip and Tear","Force Field","Wild Strike","MostiFishMod:TemporaryOutbreak"],"picked":"SKIP","floor":29.0},{"not_picked":["ReplayTheSpireMod:Repulse","Replay:Undeath\u0027s Touch","Body Slam+1","Defy Death"],"picked":"Armaments+1","floor":30.0},{"not_picked":["Entrench","Scorching Beam","Hemokinesis","Dark Embrace","Cold Snap"],"picked":"SKIP","floor":31.0},{"not_picked":["Firewall","Juggernaut","MostiFishMod:FireWorks","MostiFishMod:ChineseTea"],"picked":"MostiFishMod:DoubleSword","floor":33.0},{"not_picked":["Flex","Sever Soul","ReplayTheSpireMod:LeadingStrike","Iron Wave+1","True Grit+1"],"picked":"SKIP","floor":35.0},{"not_picked":["Cleave","Thunderclap","Flex","Disarm","Perfected Strike"],"picked":"SKIP","floor":37.0},{"not_picked":["ReplayTheSpireMod:Corrosion Curse","Rage","Body Slam","Havoc","Armaments"],"picked":"SKIP","floor":38.0},{"not_picked":["Body Slam","ReplayTheSpireMod:LeadingStrike+1","MostiFishMod:#F4004","Limit Break","Warcry"],"picked":"SKIP","floor":40.0},{"not_picked":["Steam Power+1","Armaments","Mirror Shield","Cleave+1","WeaponsOverheat"],"picked":"SKIP","floor":42},{"not_picked":["Cold Snap","Pommel Strike","Clash","Dark Embrace","Clothesline"],"picked":"SKIP","floor":45},{"not_picked":["Turbo+1","Replay:Undeath\u0027s Touch","Anger","MostiFishMod:OrdinaryWorld","Iron Wave"],"picked":"SKIP","floor":47},{"not_picked":["Thunderclap","Gash+1","ReplayTheSpireMod:Strike From Hell","Beam Cell"],"picked":"Hologram+1","floor":48}],"player_experience":857884,"relics_obtained":[{"floor":1.0,"key":"SynthV:TestCard"},{"floor":1.0,"key":"Baka"},{"floor":3.0,"key":"MagicDraw1"},{"floor":7.0,"key":"Replay:Accelerometer"},{"floor":9.0,"key":"LastBattle"},{"floor":12.0,"key":"reliquary:PartyBalloon"},{"floor":12.0,"key":"Mango"},{"floor":15.0,"key":"Lantern"},{"floor":24.0,"key":"HowToJump"},{"floor":26.0,"key":"reliquary:BoilingFlask"},{"floor":27.0,"key":"Snack Pack"},{"floor":31.0,"key":"Boot"},{"floor":38.0,"key":"Baka2"},{"floor":40.0,"key":"Mango"},{"floor":40.0,"key":"Replay:Bottled Flurry"},{"floor":41,"key":"Diplopia"},{"floor":42,"key":"reliquary:Firecrackers"},{"floor":43,"key":"Letter Opener"},{"floor":47,"key":"ReplayTheSpireMod:Lightbulb"}],"event_choices":[{"damage_healed":0.0,"max_hp_gain":0.0,"max_hp_loss":0.0,"gold_gain":0.0,"event_name":"Golden Idol","player_choice":"Take Damage","floor":2.0,"gold_loss":0.0,"damage_taken":26.0,"relics_obtained":["Golden Idol"]},{"damage_healed":0.0,"max_hp_gain":0.0,"max_hp_loss":0.0,"gold_gain":30.0,"event_name":"Dead Adventurer","player_choice":"Searched \u00272\u0027 times","floor":12.0,"gold_loss":0.0,"damage_taken":0.0},{"damage_healed":0,"gold_gain":0,"player_choice":"Fight","damage_taken":0,"max_hp_gain":0,"max_hp_loss":0,"event_name":"Mysterious Sphere","floor":41,"gold_loss":0}],"is_beta":false,"boss_relics":[{"not_picked":["reliquary:Ember","Cursed Key"],"picked":"PatriotShield"},{"not_picked":[]},{"not_picked":["Kintsugi","reliquary:RedPaperclip"],"picked":"ChiXiaoBlade"},{"not_picked":[]}],"items_purged_floors":[11,34,36,46,46],"is_endless":false,"potions_floor_spawned":[4,13,16,18,19,29,37,38,40,45,47,48],"ascension_level":20}}