{"host":"1a8lb11wemezctea","time":1614115012,"event":{"mods":["BaseMod","Colored Powertips","Highlight Path","Minty Spire (QoL Compilation)"],"gold_per_floor":[219,238,248,248,262,262,273,273,273,291,291,321,340,32,32,130,130,147,166,118,133,232,232,232,232,257,457,477,477,477,29,29,29,29],"floor_reached":33,"language":"ENG","playtime":1475,"items_purged":["Strike_B","Defend_B"],"score":428,"play_id":"3ed83c41-674b-4c53-ac04-eadd5fe93b05","local_time":"20210223161652","is_ascension_mode":true,"campfire_choices":[{"data":"Zap","floor":6,"key":"SMITH"},{"data":"Beam Cell","floor":8,"key":"SMITH"},{"floor":15,"key":"REST"},{"floor":23,"key":"REST"},{"floor":25,"key":"REST"},{"floor":32,"key":"REST"}],"circlet_count":0,"master_deck":["Strike_B","Strike_B","Defend_B","Defend_B","Defend_B","Zap+1","Dualcast","Cold Snap","Steam","Beam Cell+1","Melter","Ball Lightning","Glacier","Coolheaded","Capacitor","All For One","Self Repair","Rebound","Machine Learning","Rebound+1","Reinforced Body","Barrage","Gash","Gash","Defragment","Sunder"],"relics":["Cracked Core","Bird Faced Urn","WingedGreaves","Toolbox","Inserter","OrangePellets"],"acts_visited":["Exordium","TheCity"],"potions_floor_usage":[12,13,21,24,24,33,33,33],"damage_taken":[{"damage":14,"enemies":"Small Slimes","floor":1,"turns":3},{"damage":1,"enemies":"Cultist","floor":2,"turns":3},{"damage":0,"enemies":"Jaw Worm","floor":3,"turns":4},{"damage":20,"enemies":"Lots of Slimes","floor":5,"turns":6},{"damage":8,"enemies":"Blue Slaver","floor":7,"turns":3},{"damage":7,"enemies":"3 Louse","floor":10,"turns":2},{"damage":11,"enemies":"Lagavulin","floor":12,"turns":6},{"damage":1,"enemies":"Red Slaver","floor":13,"turns":2},{"damage":0,"enemies":"The Guardian","floor":16,"turns":10},{"damage":28,"enemies":"2 Thieves","floor":18,"turns":4},{"damage":14,"enemies":"Shell Parasite","floor":19,"turns":5},{"damage":10,"enemies":"Sentry and Sphere","floor":21,"turns":7},{"damage":71,"enemies":"Slavers","floor":24,"turns":6},{"damage":15,"enemies":"Snecko","floor":28,"turns":7},{"damage":35,"enemies":"Automaton","floor":33,"turns":6}],"seed_played":"-4094641810664159571","potions_obtained":[{"floor":2,"key":"Dexterity Potion"},{"floor":12,"key":"SneckoOil"},{"floor":13,"key":"LiquidBronze"},{"floor":16,"key":"SneckoOil"},{"floor":18,"key":"SmokeBomb"},{"floor":30,"key":"Swift Potion"},{"floor":30,"key":"Strength Potion"},{"floor":30,"key":"GamblersBrew"}],"is_trial":false,"path_per_floor":["M","M","M","?","M","R","M","R","T","M","?","E","M","$","R","B",null,"M","M","$","M","?","R","E","R","T","?","M","?","?","$","R","B"],"character_chosen":"DEFECT","items_purchased":["Self Repair","Rebound","Toolbox","BlessingOfTheForge","Gash","Defragment","OrangePellets","Sunder"],"campfire_rested":4,"item_purchase_floors":[14,14,14,20,31,31,31,31],"current_hp_per_floor":[54,53,53,53,33,33,25,25,25,18,18,7,8,8,30,41,67,41,40,40,46,46,68,8,30,30,30,26,26,26,26,48,21,21],"gold":29,"neow_bonus":"HUNDRED_GOLD","is_daily":false,"chose_seed":false,"campfire_upgraded":2,"win_rate":0.0,"timestamp":1614115012,"path_taken":["M","M","M","?","M","R","M","R","T","?","?","E","M","?","R","BOSS","M","M","$","M","?","R","E","R","T","?","?","?","?","$","R","BOSS"],"items_purchased_type":["Card","Card","Relic","Potion","Card","Card","Relic","Card"],"build_version":"2020-12-22","purchased_purges":2,"victory":false,"max_hp_per_floor":[75,75,75,75,75,75,75,75,75,75,75,75,75,75,75,75,75,75,75,75,75,75,75,75,75,75,75,75,75,75,75,75,75,75],"card_choices":[{"not_picked":["Leap","Gash"],"picked":"Cold Snap","floor":1},{"not_picked":["Steam Power","Hologram"],"picked":"Steam","floor":2},{"not_picked":["Cold Snap","Double Energy"],"picked":"Beam Cell","floor":3},{"not_picked":["Steam","Chill"],"picked":"Melter","floor":5},{"not_picked":["Redo","Cold Snap"],"picked":"Ball Lightning","floor":7},{"not_picked":["Beam Cell","Consume"],"picked":"Glacier","floor":10},{"not_picked":["Cold Snap","Reprogram"],"picked":"Capacitor","floor":12},{"not_picked":["FTL","Steam Power"],"picked":"All For One","floor":13},{"not_picked":["All For One","Amplify"],"picked":"Machine Learning","floor":16},{"not_picked":["Turbo","Chaos+1"],"picked":"Rebound+1","floor":18},{"not_picked":["Beam Cell","Stack"],"picked":"Reinforced Body","floor":19},{"not_picked":["Cold Snap","Beam Cell"],"picked":"Barrage","floor":21},{"not_picked":["Coolheaded","Heatsinks"],"picked":"Gash","floor":28}],"player_experience":313981,"relics_obtained":[{"floor":9,"key":"Bird Faced Urn"},{"floor":12,"key":"WingedGreaves"}],"event_choices":[{"damage_healed":0,"gold_gain":0,"player_choice":"0 cards matched","damage_taken":0,"max_hp_gain":0,"max_hp_loss":0,"event_name":"Match and Keep!","floor":4,"gold_loss":0,"cards_obtained":[]},{"damage_healed":0,"gold_gain":0,"cards_transformed":["Strike_B"],"player_choice":"Transformed","damage_taken":0,"max_hp_gain":0,"max_hp_loss":0,"event_name":"Transmorgrifier","floor":11,"gold_loss":0,"cards_obtained":["Coolheaded"]},{"damage_healed":0,"gold_gain":99,"player_choice":"Stole From Cult","damage_taken":0,"max_hp_gain":0,"max_hp_loss":0,"event_name":"Nest","floor":22,"gold_loss":0},{"damage_healed":0,"gold_gain":200,"player_choice":"Gold","damage_taken":0,"max_hp_gain":0,"max_hp_loss":0,"event_name":"Wheel of Change","floor":27,"gold_loss":0},{"damage_healed":0,"gold_gain":0,"player_choice":"Ignored","damage_taken":0,"max_hp_gain":0,"max_hp_loss":0,"event_name":"Vampires","floor":29,"gold_loss":0},{"damage_healed":0,"gold_gain":0,"player_choice":"Got Potions","damage_taken":0,"max_hp_gain":0,"max_hp_loss":0,"event_name":"Lab","floor":30,"gold_loss":0}],"is_beta":false,"boss_relics":[{"not_picked":["Tiny House","Cursed Key"],"picked":"Inserter"}],"items_purged_floors":[14,31],"is_endless":false,"potions_floor_spawned":[2,12,13,16,18,24],"killed_by":"Automaton","ascension_level":7}}