{"host":"juzxcsbtp4zm18uq","time":1614054088,"event":{"mods":["BaseMod","Colored Map","Highlight Path","Minty Spire (QoL Compilation)","Relic Stats"],"gold_per_floor":[112,130,146,321,331,365,365,395,395,345,21,38,38,49,49,49,49],"floor_reached":16,"language":"ENG","playtime":1415,"items_purged":["Defend_R"],"score":102,"play_id":"1d84ddf9-3b83-46e8-b7a0-8b74025c6b4f","local_time":"20210223042128","is_ascension_mode":false,"campfire_choices":[{"floor":7,"key":"REST"},{"data":"Bash","floor":15,"key":"SMITH"}],"circlet_count":0,"master_deck":["Strike_R","Strike_R","Strike_R","Strike_R","Strike_R","Defend_R","Defend_R","Defend_R","Bash+1","Clothesline","Clothesline","Iron Wave","Headbutt"],"relics":["Burning Blood","Bag of Marbles","InkBottle","Bag of Preparation","Singing Bowl"],"acts_visited":["Exordium"],"potions_floor_usage":[6,16,16],"damage_taken":[{"damage":11,"enemies":"Jaw Worm","floor":1,"turns":4},{"damage":3,"enemies":"Small Slimes","floor":2,"turns":3},{"damage":2,"enemies":"2 Louse","floor":3,"turns":3},{"damage":19,"enemies":"Lots of Slimes","floor":5,"turns":5},{"damage":43,"enemies":"Lagavulin","floor":6,"turns":9},{"damage":3,"enemies":"2 Fungi Beasts","floor":12,"turns":4},{"damage":4,"enemies":"Exordium Wildlife","floor":14,"turns":3},{"damage":73,"enemies":"Hexaghost","floor":16,"turns":14}],"seed_played":"-8876841091689087137","potions_obtained":[{"floor":1,"key":"SpeedPotion"},{"floor":2,"key":"GamblersBrew"},{"floor":3,"key":"PowerPotion"},{"floor":12,"key":"SpeedPotion"}],"is_trial":false,"path_per_floor":["M","M","M","?","M","E","R","?","T","?","$","M","$","M","R","B"],"character_chosen":"IRONCLAD","items_purchased":["Singing Bowl"],"campfire_rested":1,"item_purchase_floors":[11],"current_hp_per_floor":[83,86,88,88,75,38,64,64,64,64,64,69,69,73,73,0,0],"gold":49,"neow_bonus":"TEN_PERCENT_HP_BONUS","is_daily":false,"chose_seed":false,"campfire_upgraded":1,"win_rate":0.0,"timestamp":1614054088,"path_taken":["M","M","M","?","M","E","R","?","T","?","$","M","$","M","R","BOSS"],"items_purchased_type":["Relic"],"build_version":"2020-12-22","purchased_purges":1,"victory":false,"max_hp_per_floor":[88,88,88,88,88,88,88,88,88,88,88,90,90,92,92,92,92],"relic_stats":{"Singing Bowl":4,"counters":[8,45],"Bag of Preparation":[6],"obtain_stats":[{"Singing Bowl":11,"Bag of Marbles":6,"Bag of Preparation":9,"Burning Blood":0,"InkBottle":8},{"Singing Bowl":5,"Bag of Marbles":5,"Bag of Preparation":5,"Burning Blood":0,"InkBottle":5},{"Singing Bowl":24,"Bag of Marbles":24,"Bag of Preparation":24,"Burning Blood":0,"InkBottle":24}],"Burning Blood":40,"InkBottle":[3]},"card_choices":[{"not_picked":["Sever Soul","Iron Wave"],"picked":"Clothesline","floor":1},{"not_picked":["Clash","Thunderclap"],"picked":"Clothesline","floor":2},{"not_picked":["Entrench","Metallicize"],"picked":"Iron Wave","floor":3},{"not_picked":["Wild Strike","True Grit","Searing Blow"],"picked":"SKIP","floor":5},{"not_picked":["Body Slam","Pummel"],"picked":"Headbutt","floor":6},{"not_picked":["True Grit","Seeing Red","Wild Strike"],"picked":"Singing Bowl","floor":12},{"not_picked":["Clothesline","Twin Strike","Wild Strike"],"picked":"Singing Bowl","floor":14}],"player_experience":38432,"relics_obtained":[{"floor":6,"key":"Bag of Marbles"},{"floor":9,"key":"Bag of Preparation"}],"event_choices":[{"damage_healed":0,"gold_gain":175,"player_choice":"AGREE","damage_taken":0,"max_hp_gain":0,"max_hp_loss":0,"event_name":"Liars Game","floor":4,"gold_loss":0,"cards_obtained":["Doubt"]},{"damage_healed":0,"gold_gain":30,"player_choice":"Searched \u00272\u0027 times","damage_taken":0,"relics_obtained":["InkBottle"],"max_hp_gain":0,"max_hp_loss":0,"event_name":"Dead Adventurer","floor":8,"gold_loss":0},{"cards_removed":["Doubt"],"damage_healed":0,"gold_gain":0,"player_choice":"Card Removal","damage_taken":0,"max_hp_gain":0,"max_hp_loss":0,"event_name":"The Cleric","floor":10,"gold_loss":50}],"is_beta":false,"boss_relics":[],"items_purged_floors":[11],"is_endless":false,"potions_floor_spawned":[1,2,3,12],"killed_by":"Hexaghost","ascension_level":0}}