{"host":"kejh1c9c53env2nx","time":1614099909,"event":{"mods":["BaseMod","Downfall","Minty Spire (QoL Compilation)","StSLib"],"gold_per_floor":[110,127,143,143,143,177,177,189,214,214,244,70,22,41,41,142,142,158,158,158,169,84,84,8,21,21,21,53,8,19,30,30,30,30],"floor_reached":33,"language":"ENG","playtime":5029,"items_purged":[],"score":275,"play_id":"11cbb9ff-c104-48ea-9cf2-926dfb90f5a5","local_time":"20210223170509","is_ascension_mode":false,"campfire_choices":[{"data":"Dagger Spray","floor":7,"key":"SMITH"},{"floor":10,"key":"REST"},{"data":"Phantasmal Killer","floor":15,"key":"SMITH"},{"data":"Mayhem","floor":23,"key":"SMITH"},{"floor":32,"key":"REST"}],"circlet_count":0,"master_deck":["Strike_G","Strike_G","Strike_G","Strike_G","Defend_G","Defend_G","Defend_G","Defend_G","Survivor","Neutralize+1","Backflip","Dagger Spray+1","Backflip","Terror","Phantasmal Killer+1","Mayhem+1","Burst","Poisoned Stab+1","PiercingWail+1","Noxious Fumes","downfall:Bewildered","Expertise","Escape Plan","Blade Dance","Distraction","Envenom+1","Acrobatics","Backstab","Bane"],"relics":["Ring of the Snake","Nunchaku","MealTicket","Toy Ornithopter","Potion Belt","Astrolabe","sneckomod:BabySnecko","Ninja Scroll","Boot","Frozen Egg 2"],"acts_visited":["Exordium","TheCity"],"potions_floor_usage":[16,16,25,28,31,33],"damage_taken":[{"damage":0,"enemies":"Cultist","floor":1,"turns":3},{"damage":0,"enemies":"Small Slimes","floor":2,"turns":3},{"damage":0,"enemies":"2 Louse","floor":3,"turns":5},{"damage":29,"enemies":"3 Sentries","floor":6,"turns":8},{"damage":1,"enemies":"Gremlin Gang","floor":8,"turns":4},{"damage":10,"enemies":"Lagavulin","floor":11,"turns":8},{"damage":6,"enemies":"Exordium Thugs","floor":14,"turns":4},{"damage":28,"enemies":"Slime Boss","floor":16,"turns":9},{"damage":15,"enemies":"3 Byrds","floor":18,"turns":6},{"damage":7,"enemies":"2 Thieves","floor":21,"turns":4},{"damage":21,"enemies":"3 Cultists","floor":25,"turns":6},{"damage":1,"enemies":"Gremlin Leader","floor":28,"turns":6},{"damage":25,"enemies":"Chosen and Byrds","floor":30,"turns":7},{"damage":8,"enemies":"Centurion and Healer","floor":31,"turns":4},{"damage":78,"enemies":"Champ","floor":33,"turns":9}],"seed_played":"-1213592552517700059","potions_obtained":[{"floor":11,"key":"Explosive Potion"},{"floor":14,"key":"Ancient Potion"},{"floor":21,"key":"GhostInAJar"},{"floor":25,"key":"sneckomod:MuddlingPotion"},{"floor":31,"key":"Weak Potion"}],"is_trial":false,"path_per_floor":["M","M","M","?","?","E","R","M","T","R","E","$","$","M","R","B",null,"M","?","?","M","?","R","$","M","T","?","E","$","M","M","R","B"],"character_chosen":"THE_SILENT","items_purchased":["Mayhem","ColorlessPotion","Escape Plan","Acrobatics"],"campfire_rested":2,"item_purchase_floors":[12,13,24,29],"current_hp_per_floor":[70,70,70,70,70,41,41,40,40,61,51,66,70,64,64,46,70,55,55,55,48,48,48,63,47,47,47,51,66,41,38,59,0,0],"gold":30,"neow_bonus":"UPGRADE_CARD","is_daily":false,"chose_seed":false,"campfire_upgraded":3,"win_rate":0.0,"timestamp":1614099909,"path_taken":["M","M","?","?","?","E","R","?","T","R","E","?","$","M","R","BOSS","M","?","?","M","?","R","$","M","T","?","E","$","M","?","R","BOSS"],"items_purchased_type":["Card","Potion","Card","Card"],"build_version":"2020-12-22","purchased_purges":0,"victory":false,"max_hp_per_floor":[70,70,70,70,70,70,70,70,70,70,70,70,70,70,70,70,70,70,70,70,70,70,70,70,70,70,70,70,70,70,70,70,70,70],"card_choices":[{"not_picked":["Flying Knee","Sucker Punch"],"picked":"Backflip","floor":1},{"not_picked":["Acrobatics","All Out Attack"],"picked":"Deflect","floor":2},{"not_picked":["Deadly Poison","Dodge and Roll"],"picked":"Dagger Spray","floor":3},{"not_picked":["Choke","Dodge and Roll"],"picked":"Backflip","floor":6},{"not_picked":["Backflip","Eviscerate"],"picked":"Terror","floor":8},{"not_picked":["Deadly Poison","Endless Agony"],"picked":"Phantasmal Killer","floor":11},{"not_picked":["Dodge and Roll","Deflect"],"picked":"Dagger Throw","floor":14},{"not_picked":["Venomology","Wraith Form v2"],"picked":"Burst","floor":16},{"not_picked":["Bane","Poisoned Stab"],"picked":"Noxious Fumes","floor":18},{"not_picked":["Flying Knee","Well Laid Plans"],"picked":"Expertise","floor":21},{"not_picked":["Dagger Throw","Skewer"],"picked":"Blade Dance","floor":25},{"not_picked":["Backflip+1","Terror+1"],"picked":"Envenom+1","floor":28},{"not_picked":["Dagger Throw","Well Laid Plans+1"],"picked":"Backstab","floor":30},{"not_picked":["Blur+1","Deadly Poison+1"],"picked":"Bane","floor":31}],"player_experience":65996,"relics_obtained":[{"floor":6,"key":"MealTicket"},{"floor":9,"key":"Toy Ornithopter"},{"floor":11,"key":"Potion Belt"},{"floor":26,"key":"Boot"},{"floor":28,"key":"Frozen Egg 2"}],"event_choices":[{"damage_healed":0,"gold_gain":0,"player_choice":"Ignored","damage_taken":0,"max_hp_gain":0,"max_hp_loss":0,"event_name":"Liars Game","floor":4,"gold_loss":0},{"cards_removed":["Deflect"],"damage_healed":0,"gold_gain":0,"player_choice":"Gave Card","damage_taken":0,"relics_obtained":["Nunchaku"],"max_hp_gain":0,"max_hp_loss":0,"event_name":"WeMeetAgain","floor":5,"gold_loss":0},{"damage_healed":0,"gold_gain":0,"player_choice":"Ignored","damage_taken":0,"max_hp_gain":0,"max_hp_loss":0,"event_name":"Vampires","floor":19,"gold_loss":0},{"damage_healed":0,"gold_gain":0,"player_choice":"Obtained Relic","damage_taken":0,"relics_obtained":["Ninja Scroll"],"max_hp_gain":0,"max_hp_loss":0,"event_name":"Addict","floor":22,"gold_loss":85},{"damage_healed":0,"gold_gain":0,"cards_transformed":["Poisoned Stab"],"player_choice":"Transformed","damage_taken":0,"max_hp_gain":0,"max_hp_loss":0,"event_name":"Transmorgrifier","floor":27,"gold_loss":0,"cards_obtained":["Distraction"]}],"is_beta":false,"boss_relics":[{"not_picked":["SlaversCollar","SacredBark"],"picked":"Astrolabe"}],"items_purged_floors":[],"is_endless":false,"potions_floor_spawned":[11,14,21,25,31],"killed_by":"Champ","ascension_level":0}}