{"host":"iggyqwhh1tk9qczq","time":1614064473,"event":{"mods":["BaseMod","Downfall","Googly Eyes","Minty Spire (QoL Compilation)","StSLib","Together in Spire"],"gold_per_floor":[209,209,219,234,245,245,271,271,271,271,298,317,343,361,361,461,461,471,471,282,282,282,307,307,317,317,327,337,347,372,272,272,369,369,379,158,168,168,183,209,220,245,245,120,120,120,130,130,130,130,130,130,5,30,30],"floor_reached":56,"language":"ENG","playtime":3885,"items_purged":["Strike_P","Defend_P","Regret"],"score":1042,"play_id":"65b11a47-7253-425b-9d85-9d6e405943b4","local_time":"20210222231433","is_ascension_mode":false,"campfire_choices":[{"data":"Study","floor":6.0,"key":"SMITH"},{"data":"Eruption","floor":8.0,"key":"SMITH"},{"data":"Indignation","floor":15.0,"key":"SMITH"},{"floor":24.0,"key":"REST"},{"floor":32.0,"key":"REST"},{"data":"Ragnarok","floor":45.0,"key":"SMITH"},{"floor":49,"key":"RECALL"},{"data":"Fasting2","floor":52,"key":"SMITH"}],"circlet_count":0,"master_deck":["Defend_P","Defend_P","Eruption+1","Vigilance","Prostrate","FollowUp","FollowUp","Study+1","EmptyBody","Prostrate","DevaForm","Tantrum","Indignation+1","Judgement","Halt","Fasting2+1","Halt","Slimebound:Tackle+1","Slimebound:Tackle+1","Slimebound:Tackle+1","Devotion","Ragnarok+1","SashWhip+1"],"relics":["PureWater","Juzu Bracelet","Potion Belt","Pantograph","Mango","Whetstone","Black Star","Enchiridion","Matryoshka","GoldenEye","Oddly Smooth Stone","Bird Faced Urn","Mercury Hourglass","Incense Burner","Cursed Key","Damaru","Eternal Feather","Dead Branch","HornCleat","Unceasing Top","Nunchaku","TungstenRod","Sundial","Calipers"],"acts_visited":["TheEnding"],"potions_floor_usage":[50,50,54,54,55,55,55,55],"damage_taken":[{"damage":0.0,"enemies":"Jaw Worm","floor":1.0,"turns":2.0},{"damage":0.0,"enemies":"Cultist","floor":3.0,"turns":3.0},{"damage":0.0,"enemies":"Small Slimes","floor":4.0,"turns":2.0},{"damage":4.0,"enemies":"Blue Slaver","floor":5.0,"turns":3.0},{"damage":10.0,"enemies":"Gremlin Nob","floor":7.0,"turns":3.0},{"damage":10.0,"enemies":"3 Sentries","floor":11.0,"turns":7.0},{"damage":2.0,"enemies":"Exordium Thugs","floor":12.0,"turns":4.0},{"damage":0.0,"enemies":"Gremlin Nob","floor":13.0,"turns":2.0},{"damage":0.0,"enemies":"Large Slime","floor":14.0,"turns":1.0},{"damage":30.0,"enemies":"Hexaghost","floor":16.0,"turns":6.0},{"damage":24.0,"enemies":"Spheric Guardian","floor":18.0,"turns":4.0},{"damage":13.0,"enemies":"Gremlin Leader","floor":23.0,"turns":2.0},{"damage":2.0,"enemies":"2 Thieves","floor":25.0,"turns":2.0},{"damage":0.0,"enemies":"3 Cultists","floor":27.0,"turns":1.0},{"damage":0.0,"enemies":"Snecko","floor":28.0,"turns":2.0},{"damage":0.0,"enemies":"Sentry and Sphere","floor":29.0,"turns":3.0},{"damage":27.0,"enemies":"Slavers","floor":30.0,"turns":4.0},{"damage":12.0,"enemies":"Collector","floor":33.0,"turns":6.0},{"damage":3.0,"enemies":"3 Shapes","floor":35.0,"turns":1.0},{"damage":0.0,"enemies":"3 Darklings","floor":37.0,"turns":2.0},{"damage":3.0,"enemies":"Spire Growth","floor":39.0,"turns":2.0},{"damage":3.0,"enemies":"Giant Head","floor":40.0,"turns":3.0},{"damage":3.0,"enemies":"Jaw Worm Horde","floor":41.0,"turns":1.0},{"damage":3.0,"enemies":"Nemesis","floor":42.0,"turns":4.0},{"damage":4,"enemies":"4 Shapes","floor":47,"turns":2},{"damage":30,"enemies":"Time Eater","floor":50,"turns":5},{"damage":16,"enemies":"Shield and Spear","floor":54,"turns":4},{"damage":63,"enemies":"The Heart","floor":55,"turns":5}],"seed_played":"7531266916530286374","potions_obtained":[{"floor":7.0,"key":"sneckomod:MuddlingPotion"},{"floor":11.0,"key":"Swift Potion"},{"floor":12.0,"key":"sneckomod:MuddlingPotion"},{"floor":14.0,"key":"BlessingOfTheForge"},{"floor":25.0,"key":"Fruit Juice"},{"floor":28.0,"key":"Fruit Juice"},{"floor":29.0,"key":"BlessingOfTheForge"},{"floor":37.0,"key":"LiquidBronze"},{"floor":40.0,"key":"BlessingOfTheForge"},{"floor":41.0,"key":"Block Potion"},{"floor":42.0,"key":"BottledMiracle"},{"floor":54,"key":"LiquidBronze"}],"is_trial":false,"path_per_floor":["M","?","M","M","M","R","E","R","T","?","E","M","E","M","R","B",null,"M","?","$","?","?","E","R","M","T","M","M","M","E","$","R","B",null,"M","$","M","?","M","E","M","E","T","$","R","T","M","?","R","B",null,"R","$","E","B",null],"character_chosen":"WATCHER","items_purchased":["Fasting2","Halt","Damaru","Ragnarok","LiquidMemories","BlessingOfTheForge"],"campfire_rested":2,"item_purchase_floors":[20,20,36,36,53,53],"current_hp_per_floor":[72,72,72,72,68,68,58,58,58,58,62,60,60,60,60,55,86,62,45,45,45,29,16,43,41,41,43,47,63,42,42,72,93,101,98,98,100,96,93,93,93,96,96,96,96,96,92,92,96,74,96,96,96,84,43],"gold":30,"neow_bonus":"HUNDRED_GOLD","is_daily":false,"chose_seed":false,"campfire_upgraded":5,"win_rate":0.0,"timestamp":1614064473,"path_taken":["M","?","?","?","M","R","E","R","T","?","E","M","E","M","R","BOSS","M","?","$","?","?","E","R","M","T","M","M","M","E","$","R","BOSS","M","$","M","?","M","E","M","E","T","$","R","?","M","?","R","BOSS","R","$","E","BOSS"],"items_purchased_type":["Card","Card","Relic","Card","Potion","Potion"],"build_version":"2020-12-22","purchased_purges":3,"victory":true,"max_hp_per_floor":[72,72,72,72,72,72,72,72,72,72,86,86,86,86,86,86,86,86,91,91,91,91,91,91,91,91,91,91,101,101,101,101,101,101,101,101,101,96,96,96,96,96,96,96,96,96,96,96,96,96,96,96,96,96,96],"card_choices":[{"not_picked":["Crescendo","Conclude"],"picked":"Prostrate","floor":1.0},{"not_picked":["Nirvana","Crescendo"],"picked":"FollowUp","floor":3.0},{"not_picked":["Swivel","BowlingBash"],"picked":"Study","floor":4.0},{"not_picked":["BowlingBash","ThirdEye"],"picked":"EmptyBody","floor":5.0},{"not_picked":["ForeignInfluence","ClearTheMind"],"picked":"Prostrate","floor":7.0},{"not_picked":["ThirdEye","Wireheading"],"picked":"DevaForm","floor":11.0},{"not_picked":["Wallop","WreathOfFlame","Consecrate"],"picked":"SKIP","floor":12.0},{"not_picked":["EmptyBody","Wallop"],"picked":"Tantrum","floor":13.0},{"not_picked":["Wallop","Protect"],"picked":"Indignation","floor":14.0},{"not_picked":["ConjureBlade","Wish"],"picked":"Judgement","floor":16.0},{"not_picked":["Crescendo+1","SashWhip+1"],"picked":"Halt","floor":18.0},{"not_picked":["BowlingBash","FollowUp","Halt"],"picked":"SKIP","floor":23.0},{"not_picked":["Crescendo","Prostrate","Conclude"],"picked":"SKIP","floor":25.0},{"not_picked":["Crescendo","Prostrate","Conclude"],"picked":"SKIP","floor":27.0},{"not_picked":["Crescendo","Prostrate","Conclude"],"picked":"SKIP","floor":28.0},{"not_picked":["FollowUp","Crescendo+1"],"picked":"Devotion","floor":29.0},{"not_picked":["Crescendo","Prostrate","Conclude"],"picked":"SKIP","floor":30.0},{"not_picked":["Crescendo+1","Prostrate+1","Conclude+1"],"picked":"SKIP","floor":35.0},{"not_picked":["CutThroughFate+1","Tantrum+1","Consecrate"],"picked":"SKIP","floor":37.0},{"not_picked":["PathToVictory+1","Crescendo","CrushJoints+1"],"picked":"SKIP","floor":39.0},{"not_picked":["ClearTheMind","BattleHymn+1","Halt+1"],"picked":"SKIP","floor":40.0},{"not_picked":["Wireheading+1","Wallop"],"picked":"SashWhip+1","floor":41.0},{"not_picked":["CutThroughFate","Wish","EmptyBody"],"picked":"SKIP","floor":42.0},{"not_picked":["Crescendo+1","Prostrate+1","Conclude+1"],"picked":"SKIP","floor":47},{"not_picked":["Worship","Indignation+1","Protect+1"],"picked":"SKIP","floor":54}],"player_experience":154600,"relics_obtained":[{"floor":7.0,"key":"Juzu Bracelet"},{"floor":9.0,"key":"Potion Belt"},{"floor":10.0,"key":"Pantograph"},{"floor":11.0,"key":"Mango"},{"floor":13.0,"key":"Whetstone"},{"floor":22.0,"key":"Enchiridion"},{"floor":23.0,"key":"Matryoshka"},{"floor":23.0,"key":"GoldenEye"},{"floor":26.0,"key":"Oddly Smooth Stone"},{"floor":26.0,"key":"Bird Faced Urn"},{"floor":30.0,"key":"Mercury Hourglass"},{"floor":30.0,"key":"Incense Burner"},{"floor":40.0,"key":"Eternal Feather"},{"floor":40.0,"key":"Dead Branch"},{"floor":42.0,"key":"HornCleat"},{"floor":42.0,"key":"Unceasing Top"},{"floor":43.0,"key":"Nunchaku"},{"floor":43.0,"key":"TungstenRod"},{"floor":54,"key":"Sundial"},{"floor":54,"key":"Calipers"}],"event_choices":[{"damage_healed":0.0,"max_hp_gain":0.0,"max_hp_loss":0.0,"gold_gain":0.0,"cards_transformed":["Strike_P"],"event_name":"Transmorgrifier","player_choice":"Transformed","floor":2.0,"gold_loss":0.0,"damage_taken":0.0,"cards_obtained":["FollowUp"]},{"damage_healed":0.0,"max_hp_gain":0.0,"max_hp_loss":0.0,"gold_gain":0.0,"event_name":"Wheel of Change","player_choice":"Relic","floor":10.0,"gold_loss":0.0,"damage_taken":0.0},{"damage_healed":0.0,"max_hp_gain":5.0,"max_hp_loss":0.0,"gold_gain":0.0,"event_name":"Forgotten Altar","player_choice":"Shed Blood","floor":19.0,"gold_loss":0.0,"damage_taken":22.0},{"damage_healed":0.0,"max_hp_gain":0.0,"max_hp_loss":0.0,"gold_gain":0.0,"event_name":"Cursed Tome","player_choice":"Obtained Book","floor":22.0,"gold_loss":0.0,"damage_taken":16.0},{"damage_healed":0.0,"max_hp_gain":0.0,"max_hp_loss":5.0,"gold_gain":0.0,"event_name":"Winding Halls","player_choice":"Max HP","floor":38.0,"gold_loss":0.0,"damage_taken":0.0},{"cards_removed":["Defend_P"],"damage_healed":0,"gold_gain":0,"player_choice":"Purged","damage_taken":0,"max_hp_gain":0,"max_hp_loss":0,"event_name":"Purifier","floor":48,"gold_loss":0}],"is_beta":false,"boss_relics":[{"not_picked":["Coffee Dripper","Astrolabe"],"picked":"Black Star"},{"not_picked":["Fusion Hammer","Calling Bell"],"picked":"Cursed Key"}],"items_purged_floors":[20,31,44],"is_endless":false,"potions_floor_spawned":[7,11,12,14,25,28,29,37,40,41,42,54],"ascension_level":0}}