{"host":"d2gh6suihlstufn7","time":1614069562,"event":{"mods":["AchievementEnabler","BaseMod","Colored Map","Colored Powertips","Minty Spire (QoL Compilation)","Permanent Neow","Quick Restart","StSLib","SuperFastMode"],"gold_per_floor":[109,109,128,128,147,147,165,165,165,165,184,95,106,123,123,228,228,238,9,28,28,28,28],"floor_reached":22,"language":"KOR","playtime":648,"items_purged":[],"score":178,"play_id":"c6eb7e3c-793a-4457-882c-d06b8e05fced","local_time":"20210223173922","is_ascension_mode":false,"campfire_choices":[{"data":"Barricade","floor":6,"key":"SMITH"},{"data":"Perfected Strike","floor":8,"key":"SMITH"},{"data":"Evolve","floor":15,"key":"SMITH"}],"circlet_count":0,"master_deck":["Strike_R","Strike_R","Strike_R","Strike_R","Strike_R","Defend_R","Defend_R","Defend_R","Defend_R","Bash","Barricade+1","Perfected Strike+1","Metallicize","Bash","Wild Strike","Body Slam","Evolve+1","Metallicize","Wild Strike","Fiend Fire","Pommel Strike","Headbutt+1","Pommel Strike","Entrench","Pommel Strike+1","Limit Break"],"relics":["Burning Blood","SacredBark","Orrery"],"acts_visited":["Exordium","TheCity"],"potions_floor_usage":[12,16,18,18],"damage_taken":[{"damage":5,"enemies":"2 Louse","floor":1,"turns":3},{"damage":6,"enemies":"Cultist","floor":3,"turns":4},{"damage":0,"enemies":"Small Slimes","floor":5,"turns":3},{"damage":12,"enemies":"Looter","floor":7,"turns":3},{"damage":13,"enemies":"Blue Slaver","floor":11,"turns":3},{"damage":20,"enemies":"Exordium Wildlife","floor":13,"turns":4},{"damage":3,"enemies":"3 Louse","floor":14,"turns":3},{"damage":19,"enemies":"Slime Boss","floor":16,"turns":10},{"damage":52,"enemies":"2 Thieves","floor":18,"turns":5},{"damage":20,"enemies":"Spheric Guardian","floor":20,"turns":6},{"damage":50,"enemies":"Centurion and Healer","floor":22,"turns":4}],"seed_played":"-8093974772344147196","potions_obtained":[{"floor":1,"key":"Ancient Potion"},{"floor":7,"key":"AttackPotion"},{"floor":11,"key":"BloodPotion"},{"floor":16,"key":"BloodPotion"}],"is_trial":false,"path_per_floor":["M","?","M","$","M","R","M","R","T","?","M","$","M","M","R","B",null,"M","$","M","?","M"],"character_chosen":"IRONCLAD","items_purchased":["Evolve","Swift Potion","Orrery","Entrench"],"campfire_rested":0,"item_purchase_floors":[12,12,19,19],"current_hp_per_floor":[57,57,57,57,63,63,57,57,57,57,50,66,52,55,55,42,80,66,66,52,52,2,2],"gold":28,"neow_bonus":"THREE_RARE_CARDS","is_daily":false,"chose_seed":false,"campfire_upgraded":3,"win_rate":0.0,"timestamp":1614069562,"path_taken":["M","?","?","$","M","R","M","R","T","?","M","?","M","?","R","BOSS","M","$","M","?","M"],"items_purchased_type":["Card","Potion","Relic","Card"],"build_version":"2020-12-22","purchased_purges":0,"victory":false,"max_hp_per_floor":[80,80,80,80,80,80,80,80,80,80,80,80,80,80,80,80,80,80,80,80,80,80,80],"card_choices":[{"not_picked":["Bludgeon","Feed"],"picked":"Barricade","floor":0},{"not_picked":["Carnage","Havoc"],"picked":"Perfected Strike","floor":1},{"not_picked":["Sword Boomerang","Disarm","Intimidate"],"picked":"SKIP","floor":3},{"not_picked":["Whirlwind","True Grit","Havoc"],"picked":"SKIP","floor":5},{"not_picked":["Shockwave","Sentinel"],"picked":"Wild Strike","floor":7},{"not_picked":["Pommel Strike","Havoc"],"picked":"Body Slam","floor":11},{"not_picked":["Warcry","Clothesline"],"picked":"Metallicize","floor":13},{"not_picked":["Infernal Blade","Clothesline"],"picked":"Wild Strike","floor":14},{"not_picked":["Reaper","Bludgeon"],"picked":"Fiend Fire","floor":16},{"not_picked":["Anger","Rage+1"],"picked":"Pommel Strike","floor":18},{"not_picked":["Iron Wave","Sever Soul"],"picked":"Headbutt+1","floor":19},{"not_picked":["Metallicize","Headbutt"],"picked":"Pommel Strike","floor":19},{"not_picked":["Heavy Blade","Iron Wave+1"],"picked":"Pommel Strike+1","floor":20}],"player_experience":165181,"relics_obtained":[],"event_choices":[{"damage_healed":0,"gold_gain":0,"player_choice":"2 cards matched","damage_taken":0,"max_hp_gain":0,"max_hp_loss":0,"event_name":"Match and Keep!","floor":2,"gold_loss":0,"cards_obtained":["Metallicize","Bash"]},{"damage_healed":0,"gold_gain":0,"player_choice":"Bought 0 Potions","damage_taken":0,"max_hp_gain":0,"max_hp_loss":0,"event_name":"The Woman in Blue","floor":10,"gold_loss":0},{"damage_healed":0,"gold_gain":0,"player_choice":"1 cards matched","damage_taken":0,"max_hp_gain":0,"max_hp_loss":0,"event_name":"Match and Keep!","floor":21,"gold_loss":0,"cards_obtained":["Limit Break"]}],"is_beta":false,"boss_relics":[{"not_picked":["Velvet Choker","Fusion Hammer"],"picked":"SacredBark"}],"items_purged_floors":[],"is_endless":false,"potions_floor_spawned":[1,7,11,14,16],"killed_by":"Centurion and Healer","ascension_level":0}}