{"host":"f97mkdti7dx29mjq","time":1614112188,"event":{"mods":["BaseMod","Colored Powertips","Minty Spire (QoL Compilation)","Quick Restart","Rare Cards Sparkle","StSLib"],"gold_per_floor":[213,82,101,101,101,101,119,131,131,144,172,172,200,220,220,323,323,334,100,116,131,147,176,101,101,101],"floor_reached":25,"language":"ENG","playtime":1515,"items_purged":["Strike_B"],"score":235,"play_id":"2dfaacb1-3f4b-47c1-a875-5936107508bd","local_time":"20210223152948","is_ascension_mode":false,"campfire_choices":[{"data":"Skim","floor":6,"key":"SMITH"},{"floor":15,"key":"REST"}],"circlet_count":0,"master_deck":["Strike_B","Strike_B","Defend_B","Defend_B","Defend_B","Defend_B","Zap","Dualcast","Go for the Eyes","Gash+1","White Noise","Skim+1","Scrape","Cold Snap","Hologram","Scrape","Force Field","Ball Lightning","Electrodynamics","Conserve Battery","Gash","FTL","Go for the Eyes","Defragment+1","Steam"],"relics":["Cracked Core","StoneCalendar","Thread and Needle","PreservedInsect","Inserter","Membership Card","Question Card"],"acts_visited":["Exordium","TheCity"],"potions_floor_usage":[14,16,16,21],"damage_taken":[{"damage":2,"enemies":"Small Slimes","floor":1,"turns":3},{"damage":4,"enemies":"2 Louse","floor":3,"turns":2},{"damage":0,"enemies":"Cultist","floor":7,"turns":3},{"damage":0,"enemies":"Blue Slaver","floor":8,"turns":3},{"damage":14,"enemies":"3 Louse","floor":10,"turns":4},{"damage":38,"enemies":"3 Sentries","floor":11,"turns":7},{"damage":2,"enemies":"Gremlin Nob","floor":13,"turns":4},{"damage":6,"enemies":"Exordium Thugs","floor":14,"turns":5},{"damage":12,"enemies":"The Guardian","floor":16,"turns":8},{"damage":19,"enemies":"Spheric Guardian","floor":18,"turns":6},{"damage":1,"enemies":"Shell Parasite","floor":20,"turns":5},{"damage":12,"enemies":"3 Cultists","floor":21,"turns":3},{"damage":8,"enemies":"Chosen and Byrds","floor":22,"turns":5},{"damage":33,"enemies":"Book of Stabbing","floor":23,"turns":6},{"damage":3,"enemies":"Snake Plant","floor":25,"turns":1}],"seed_played":"6774825937877030209","potions_obtained":[{"floor":10,"key":"BlessingOfTheForge"},{"floor":13,"key":"Energy Potion"},{"floor":14,"key":"LiquidBronze"},{"floor":16,"key":"Ancient Potion"},{"floor":20,"key":"Explosive Potion"}],"is_trial":false,"path_per_floor":["M","$","M","$","?","R","M","M","T","M","E","?","E","M","R","B",null,"M","$","M","M","M","E","?","M"],"character_chosen":"DEFECT","items_purchased":["Gash","White Noise","Gash","Membership Card"],"campfire_rested":1,"item_purchase_floors":[2,2,19,19],"current_hp_per_floor":[73,73,69,69,69,69,69,69,69,55,17,17,15,9,31,19,75,56,56,55,43,35,2,2,0,0],"gold":101,"neow_bonus":"HUNDRED_GOLD","is_daily":false,"chose_seed":false,"campfire_upgraded":1,"win_rate":0.0,"timestamp":1614112188,"path_taken":["M","$","M","$","?","R","M","M","T","M","E","?","E","M","R","BOSS","M","$","M","M","M","E","?","M"],"items_purchased_type":["Card","Card","Card","Relic"],"build_version":"2020-12-22","purchased_purges":1,"victory":false,"max_hp_per_floor":[75,75,75,75,75,75,75,75,75,75,75,75,75,75,75,75,75,75,75,75,75,75,75,75,75,75],"card_choices":[{"not_picked":["Turbo","Stack"],"picked":"Go for the Eyes","floor":1},{"not_picked":["Barrage","Aggregate"],"picked":"Skim","floor":3},{"not_picked":["Storm","Go for the Eyes"],"picked":"Scrape","floor":7},{"not_picked":["Coolheaded","Amplify"],"picked":"Cold Snap","floor":8},{"not_picked":["Doom and Gloom","Streamline"],"picked":"Hologram","floor":10},{"not_picked":["Rebound","Redo"],"picked":"Scrape","floor":11},{"not_picked":["Static Discharge","Undo"],"picked":"Force Field","floor":13},{"not_picked":["Steam","Leap"],"picked":"Ball Lightning","floor":14},{"not_picked":["Fission","Reboot"],"picked":"Electrodynamics","floor":16},{"not_picked":["Melter","Stack"],"picked":"Conserve Battery","floor":18},{"not_picked":["Steam","Leap"],"picked":"FTL","floor":20},{"not_picked":["Reprogram","Streamline"],"picked":"Go for the Eyes","floor":21},{"not_picked":["Heatsinks","Leap+1"],"picked":"Defragment+1","floor":22},{"not_picked":["Ball Lightning","Sunder+1"],"picked":"Steam","floor":23}],"player_experience":192038,"relics_obtained":[{"floor":9,"key":"StoneCalendar"},{"floor":11,"key":"Thread and Needle"},{"floor":13,"key":"PreservedInsect"},{"floor":23,"key":"Question Card"}],"event_choices":[{"damage_healed":0,"gold_gain":0,"player_choice":"Ignored","damage_taken":0,"max_hp_gain":0,"max_hp_loss":0,"event_name":"Golden Wing","floor":5,"gold_loss":0},{"damage_healed":0,"gold_gain":0,"player_choice":"Grow","damage_taken":0,"max_hp_gain":0,"max_hp_loss":0,"event_name":"Living Wall","floor":12,"gold_loss":0,"cards_upgraded":["Gash"]},{"cards_removed":["Strike_B"],"damage_healed":0,"gold_gain":0,"player_choice":"Gave Gold","damage_taken":0,"max_hp_gain":0,"max_hp_loss":0,"event_name":"Beggar","floor":24,"gold_loss":75}],"is_beta":false,"boss_relics":[{"not_picked":["Busted Crown","Coffee Dripper"],"picked":"Inserter"}],"items_purged_floors":[19],"is_endless":false,"potions_floor_spawned":[10,13,14,16,20],"killed_by":"Snake Plant","ascension_level":0}}