{"host":"0uumfqrc8aynrssa","time":1614068035,"event":{"mods":["AchievementEnabler","Act Like it!","Aspiration","Astrologer","BaseMod","Better Altar","Better Match","Better Note","Better Sensory Stone","Better Skull","Better Third Choice","Better Vampires","CapriCore","Colored Map","Colored Powertips","Conspire","Downfall","Energized Spire","Friendly Minions","Gensokyo","GifTheSpireLib","Hallownest","Hermit","Highlight Path","Hubris","Infinite Spire","Koishi","Marisa????????","Marked Mod","Minty Spire (QoL Compilation)","Pale of the Ancients","Permanent Neow","Potionbrewer","RNG Fix","Random Character Button","Rare Cards Sparkle","Reimu??????","Relic Sorter","Reliquary","Remilia??????","Replay The Spire","Robot Space Explorer","Shop Mod","Somnambulant","Spicy Shops","Spikes Relics","Spire Arcade","StSLib","Stuff the Spire","The Animator","The Awakened One except there are too many feathers","The Bug Knight","The Cursed","The Hierophant","The Immortal","The Marked","The Problem Sleuth","The Runesmith","The Servant 0.9.4","TheBandit","TheFirefly","Trackpad","Wandering Minibosses","everything is the same but u backflip on backflip","slay the spire mod where everything is the same but ironclad has a cowboy hat"],"gold_per_floor":[118,132,150,1,1,26,26,56,56,56,71,71,71,91,91,191,191],"floor_reached":16,"language":"ENG","playtime":1370,"items_purged":[],"score":110,"play_id":"cb4c9b72-ae1b-4857-a08e-9dc85f22ea6e","local_time":"20210223031355","is_ascension_mode":false,"campfire_choices":[{"floor":12,"key":"REST"},{"data":"Invigoration","floor":15,"key":"SMITH"}],"circlet_count":0,"master_deck":["Strike_R","Strike_R","Strike_R","Strike_R","Strike_R","Defend_R","Defend_R","Defend_R","Defend_R","Bash","Crow Ritual","Perfected Strike","Invigoration+1","Armaments","Warcry","Invigoration"],"relics":["Burning Blood","trackpad:WritersBlock","HornCleat","Hallownest:SalubrasBlessingRelic","trackpad:PetRock","Ginger","hubris:Icosahedron"],"acts_visited":["Hallownest:Greenpath"],"potions_floor_usage":[6,8,14,16],"damage_taken":[{"damage":15,"enemies":"2_ Uuma","floor":1,"turns":5},{"damage":0,"enemies":"Hallownest:monsterHuskWarrior","floor":2,"turns":3},{"damage":4,"enemies":"Hallownest:monsterHuskGuard","floor":3,"turns":4},{"damage":6,"enemies":"Hallownest:monsterAspidMother","floor":5,"turns":4},{"damage":23,"enemies":"Hallownest:eliteVengeflyKing","floor":6,"turns":7},{"damage":12,"enemies":"Hallownest:eliteMossKnight","floor":8,"turns":12},{"damage":10,"enemies":"Hallownest:2_Tiktiks_1_Baldur_1_Crawlid","floor":11,"turns":5},{"damage":28,"enemies":"Hallownest:Guard_and_Warrior","floor":14,"turns":5},{"damage":67,"enemies":"Hallownest:BossBrokenVessel","floor":16,"turns":9}],"seed_played":"5685257910382058907","potions_obtained":[{"floor":2,"key":"Elixir"},{"floor":6,"key":"FearPotion"},{"floor":8,"key":"potionbrewer:BarricadePotion"},{"floor":11,"key":"potionbrewer:AcidPotion"}],"is_trial":false,"path_per_floor":["M","M","M","$","M","E","?","E","T","$","M","R","?","M","R","B"],"character_chosen":"IRONCLAD","items_purchased":["Invigoration","trackpad:WritersBlock"],"campfire_rested":1,"item_purchase_floors":[4,4],"current_hp_per_floor":[47,53,55,55,55,38,38,32,32,32,28,54,54,60,60,0,0],"gold":191,"neow_bonus":"RANDOM_COLORLESS_2","is_daily":false,"chose_seed":false,"campfire_upgraded":1,"win_rate":0.0,"timestamp":1614068035,"path_taken":["M","M","M","$","M","E","?","E","T","?","M","R","?","M","R","BOSS"],"items_purchased_type":["Card","Relic"],"build_version":"2020-12-22","purchased_purges":0,"victory":false,"max_hp_per_floor":[80,80,80,80,80,80,80,80,80,80,80,82,82,82,82,82,82],"card_choices":[{"not_picked":["Feint","ReplayUltimateDefense"],"picked":"Crow Ritual","floor":0},{"not_picked":["Twin Strike","Heavy Blade"],"picked":"Perfected Strike","floor":1},{"not_picked":["hubris:ReadiedAction","Heavy Blade","Blood for Blood"],"picked":"SKIP","floor":2},{"not_picked":["Carnage","StuffTheSpire:Incineration","Second Wind"],"picked":"SKIP","floor":3},{"not_picked":["Headbutt","Thunderclap"],"picked":"Armaments","floor":5},{"not_picked":["Sword Boomerang","StuffTheSpire:RagingBull"],"picked":"Warcry","floor":6},{"not_picked":["Dark Embrace","hubris:ReadiedAction","Burning Pact"],"picked":"SKIP","floor":8},{"not_picked":["Power Through","Dark Embrace"],"picked":"Invigoration","floor":11},{"not_picked":["StuffTheSpire:Resist","Juggernaut","Replay:Undeath\u0027s Touch"],"picked":"SKIP","floor":14}],"player_experience":1003926,"relics_obtained":[{"floor":6,"key":"HornCleat"},{"floor":8,"key":"trackpad:PetRock"},{"floor":9,"key":"Ginger"}],"event_choices":[],"is_beta":false,"boss_relics":[],"items_purged_floors":[],"is_endless":false,"potions_floor_spawned":[2,6,8,11],"killed_by":"Hallownest:BossBrokenVessel","ascension_level":0}}