{"host":"vm8b3ptwl81uq21f","time":1614103870,"event":{"mods":["Act Like it!","Aspiration","BaseMod","BetterRewards","Colored Map","Colored Powertips","Conspire","Gensokyo","GifTheSpireLib","Googly Eyes","GungeonMod","Halation","Hubris","Infinite Spire","Minty Spire (QoL Compilation)","MostiFishMod","Quick Restart","Rare Cards Sparkle","Reliquary","Replay The Spire","Shop Mod","Spicy Shops","Spire Arcade","StSLib","Stuff the Spire","The IronCluck","The Jungle","[IsaacMod]????","??????REMEMod"],"gold_per_floor":[114,144,161,172,188,188,216,216,243,269,4,4,4,29,29,124,124,145,73,73,89,14,45,45,78,78,78,97,132,132,162,162,288,288,337,391,9,64,124,199,199,274,274,274,409,409,457,535,535,535,535],"floor_reached":50,"language":"ENG","playtime":2297,"items_purged":["Strike_B","Strike_B","Strike_B","Defend_B"],"score":2064,"play_id":"d918bda2-1d0a-42cc-8e06-aaa52a2d6ba9","local_time":"20210223131110","is_ascension_mode":true,"campfire_choices":[{"data":"Zap","floor":6,"key":"SMITH"},{"data":"hubris:DuctTapeCard","floor":24,"key":"SMITH"},{"data":"Capacitor","floor":27,"key":"SMITH"},{"data":"Creative AI","floor":30,"key":"SMITH"},{"data":"Seek","floor":32,"key":"SMITH"},{"data":"Steam Power","floor":44,"key":"SMITH"},{"data":"Chill","floor":46,"key":"SMITH"},{"data":"MostiFishMod:Kaleido","floor":49,"key":"SMITH"}],"circlet_count":0,"master_deck":["AscendersBane","Defend_B","Defend_B","Turbo","REME_PuzzleBox","Sunder","hubris:PowerSurge","Steam","REME_Shoggoth+1","hubris:DuctTapeCard+2","REME_Shoggoth","MostiFishMod:ATRI","Steam Power+1","Turbo+1","Capacitor+1","Go for the Eyes+1","Gash","Beam Cell","Hologram+1","Recycle+1","Creative AI+1","hubris:Greed","Coolheaded","Seek+1","hubris:Greed","hubris:Greed","hubris:Greed","hubris:Greed","hubris:Greed","hubris:Greed","Amplify","Gash","Turbo+1","Heatsinks","Aggregate+1","MostiFishMod:Kaleido+1","ReplayTheSpireMod:Necrogeddon","Deep Breath","Biased Cognition","FIFO Queue","Compile Driver+1","Chill+1","Gensokyo:Dawn+1","Steam Power+1","ReplayTheSpireMod:Splinters","Compile Driver","MostiFishMod:LinkProtocol+1","Compile Driver+1"],"relics":["Cracked Core","HushsDoor","Void","MerchantsRug","Chi","Ling","ShadowXiaoBlade","SynthV:TestCard","reliquary:BoilingFlask","StuffTheSpire:HeavyRock","Bag of Marbles","Lantern","Golden Idol","RhineSuit","Prayer Wheel","Replay:Antivirus Software","StuffTheSpire:Kangaroo","Bag of Preparation","infinitespire:Broken Mirror","ReplayTheSpireMod:Lightbulb","ReplayFunnel"],"acts_visited":["Exordium","TheCity","TheCity"],"potions_floor_usage":[11],"damage_taken":[{"damage":1,"enemies":"2 Louse","floor":1,"turns":1},{"damage":3,"enemies":"conspire:MimicChest","floor":2,"turns":2},{"damage":2,"enemies":"Small Slimes","floor":3,"turns":1},{"damage":1,"enemies":"Cultist","floor":4,"turns":2},{"damage":1,"enemies":"Exordium Thugs","floor":5,"turns":2},{"damage":3,"enemies":"3 Sentries","floor":7,"turns":2},{"damage":0,"enemies":"Gremlin Nob","floor":10,"turns":2},{"damage":0,"enemies":"3 Louse","floor":14,"turns":1},{"damage":1,"enemies":"Slime Boss","floor":16,"turns":2},{"damage":0,"enemies":"3 Byrds","floor":18,"turns":2},{"damage":1,"enemies":"Spheric Guardian","floor":21,"turns":1},{"damage":0,"enemies":"conspire:Head Lice","floor":23,"turns":2},{"damage":23,"enemies":"Nightmare","floor":25,"turns":3},{"damage":0,"enemies":"Shelled Parasite and Fungi","floor":28,"turns":1},{"damage":1,"enemies":"Gremlin Leader","floor":29,"turns":3},{"damage":3,"enemies":"conspire:HollyBat","floor":31,"turns":5},{"damage":2,"enemies":"hubris:MusketHawk","floor":33,"turns":1},{"damage":0,"enemies":"Gensokyo:3_Bats","floor":35,"turns":1},{"damage":0,"enemies":"Gensokyo:AncientGuardian","floor":36,"turns":2},{"damage":0,"enemies":"Gensokyo:4_Bats","floor":38,"turns":1},{"damage":1,"enemies":"Gensokyo:3_Boulders","floor":39,"turns":1},{"damage":1,"enemies":"Gensokyo:Kasen","floor":40,"turns":1},{"damage":4,"enemies":"Gensokyo:Kasen","floor":41,"turns":4},{"damage":2,"enemies":"Gensokyo:Doremy","floor":42,"turns":2},{"damage":3,"enemies":"Gensokyo:Rafflesia","floor":47,"turns":2},{"damage":0,"enemies":"Gensokyo:Kasen","floor":48,"turns":1},{"damage":1,"enemies":"Gensokyo:Scarlet_Devils","floor":50,"turns":3}],"seed_played":"8508309784948095792","potions_obtained":[{"floor":4,"key":"PowerPotion"},{"floor":5,"key":"SkillPotion"},{"floor":10,"key":"REME_GoldPotion"},{"floor":14,"key":"FocusPotion"},{"floor":16,"key":"DistilledChaos"},{"floor":18,"key":"DuplicationPotion"}],"is_trial":false,"path_per_floor":["M","?","M","M","M","R","E","T","T","E","$","?","?","M","R_BF","B",null,"M","$","T","M","?","E","R","NM","T","R","M","E","R","M","R","B",null,"M","M","$","M","M","E","?","E","T","R","?","R","M","E","R","B"],"character_chosen":"DEFECT","items_purchased":["Void","NineVolt","MerchantsRug","ChiLing","Turbo","DollysMirror","Lantern","Steam Power","Capacitor","Lee\u0027s Waffle","ReplayTheSpireMod:ShopPack"],"campfire_rested":0,"item_purchase_floors":[0,0,0,0,0,11,11,17,19,37,37],"current_hp_per_floor":[31,28,26,25,24,24,21,21,21,21,21,21,14,14,33,32,52,52,52,52,53,53,53,53,30,30,30,30,29,29,58,58,56,51,51,51,58,58,57,56,56,54,54,54,54,54,51,51,51,50,50],"gold":535,"neow_bonus":"","is_daily":false,"chose_seed":false,"campfire_upgraded":8,"win_rate":0.0,"timestamp":1614103870,"path_taken":["M","?","?","M","M","R","E","?","T","E","$","?","?","M","R_BF","BOSS","M","?","?","M","?","E","R","NM","T","R","M","E","R","M","R","BOSS","M","?","$","M","M","E","?","E","T","R","?","R","M","E","R","BOSS"],"items_purchased_type":["Card","Relic","Relic","Relic","Card","Relic","Relic","Card","Card","Relic","Relic"],"build_version":"2020-12-22","purchased_purges":4,"victory":false,"max_hp_per_floor":[71,71,71,71,71,71,71,71,71,71,71,66,66,66,66,66,58,58,58,58,58,58,58,58,58,58,58,58,58,58,58,58,58,51,51,51,58,58,58,58,58,58,58,58,58,58,58,58,58,58,58],"card_choices":[{"not_picked":["BasicCrystalCard","StuffTheSpire:GlassShard","StuffTheSpire:CleanHardDrive"],"picked":"SKIP","floor":1},{"not_picked":["Barrage","BasicCrystalCard","Redo","Lockon"],"picked":"Bomb","floor":2},{"not_picked":["Crystallizer","Cancel","Rebound","StuffTheSpire:Synthwave"],"picked":"Sunder","floor":3},{"not_picked":["aspiration:Polymerization","Ball Lightning","Turbo","MostiFishMod:Nova"],"picked":"hubris:PowerSurge","floor":4},{"not_picked":["MostiFishMod:PushDownKick","StuffTheSpire:Plugnplay","Beam Cell","Rainbow"],"picked":"Steam","floor":5},{"not_picked":["Coolheaded","Distribution","Steam","Stack"],"picked":"ReplayTheSpireMod:Fabricate Wheel","floor":7},{"not_picked":["Heatsinks","Sweeping Beam","Conserve Battery","Doom and Gloom"],"picked":"REME_Shoggoth","floor":10},{"not_picked":["Panic Button","StuffTheSpire:LoadUp","REME_Compress","Beam Cell"],"picked":"Bomb","floor":14},{"not_picked":["MostiFishMod:Overload","MostiFishMod:Nova","MostiFishMod:Prepare","Core Surge"],"picked":"MostiFishMod:ATRI","floor":16},{"not_picked":["Blizzard","Genetic Algorithm","Panic Button","Steam"],"picked":"Turbo+1","floor":18},{"not_picked":["Turbo","Sweeping Beam","Gash","ReplayTheSpireMod:Repulse+1","hubris:Ukulele"],"picked":"SKIP","floor":18},{"not_picked":["Streamline","StuffTheSpire:SnapShoot","Leap","REME_DataAnalysis"],"picked":"Go for the Eyes+1","floor":21},{"not_picked":["Streamline","Ball Lightning","Steam","MostiFishMod:PushDownKick"],"picked":"Gash","floor":21},{"not_picked":["Redo","Pulse","Conserve Battery","Genetic Algorithm","hubris:DoWhile"],"picked":"SKIP","floor":23},{"not_picked":["Cold Snap","Hyperbeam","StuffTheSpire:Plugnplay","Hello World"],"picked":"Beam Cell","floor":25},{"not_picked":["Ball Lightning","Beam Cell","Sweeping Beam","Panic Button"],"picked":"Hologram+1","floor":28},{"not_picked":["Core Surge","Rebound","Compile Driver","Sweeping Beam"],"picked":"Recycle+1","floor":28},{"not_picked":["Redo","White Noise","Beam Cell+1","aspiration:Polymerization"],"picked":"Creative AI","floor":29},{"not_picked":["Stack","Doom and Gloom","Ball Lightning","Sweeping Beam+1"],"picked":"Coolheaded","floor":31},{"not_picked":["Sweeping Beam","Rebound","MostiFishMod:Impulse","Redo"],"picked":"Seek","floor":31},{"not_picked":["MostiFishMod:IntelligentEquipment","MostiFishMod:TalkingToTheRain","Mirror Shield","hubris:DoWhile"],"picked":"Amplify","floor":33},{"not_picked":["ReplaySolidLightProjector","Coolheaded","StuffTheSpire:Coldhearted+1","Turbo+1"],"picked":"Gash","floor":35},{"not_picked":["StuffTheSpire:SnapShoot+1","StuffTheSpire:NuclearReactor","Cancel","Ball Lightning+1"],"picked":"Turbo+1","floor":35},{"not_picked":["Streamline+1","Ball Lightning+1","Leap+1","StuffTheSpire:Plugnplay+1"],"picked":"Heatsinks","floor":36},{"not_picked":["Cold Snap","REME_SelfUpgrade","MostiFishMod:PushDownKick","Fusion"],"picked":"Aggregate+1","floor":36},{"not_picked":["ChaosCard","HandOfGreed","MostiFishMod:ForestofLight","ReplayUltimateDefense"],"picked":"MostiFishMod:Kaleido","floor":37},{"not_picked":["MostiFishMod:Kaleido","MostiFishMod:BrokenBlackCloak","Replay:Sssssssssstrike","Jack Of All Trades"],"picked":"ReplayTheSpireMod:Necrogeddon","floor":37},{"not_picked":["PanicButton","Midas Touch","DemoMod:Invincible","MostiFishMod:BrokenBlackCloak"],"picked":"Deep Breath","floor":37},{"not_picked":["Cold Snap","REME_Whirling","Hologram+1","MostiFishMod:PushDownKick","hubris:Ukulele","MostiFishMod:Impulse+1","Tempest"],"picked":"Biased Cognition","floor":38},{"not_picked":["Recycle","Stack","aspiration:Polymerization","Streamline","Beam Cell+1","BasicCrystalCard","Hologram","Leap+1"],"picked":"SKIP","floor":38},{"not_picked":["Recycle","Stack","aspiration:Polymerization","Streamline","Beam Cell+1","BasicCrystalCard","Hologram","Leap+1"],"picked":"SKIP","floor":38},{"not_picked":["ReplayTheSpireMod:GoodbyeWorld+1","Leap+1","Streamline","StuffTheSpire:Plugnplay"],"picked":"FIFO Queue","floor":39},{"not_picked":["Turbo","Go for the Eyes","Beam Cell","Conserve Battery"],"picked":"Compile Driver+1","floor":39},{"not_picked":["Melter+1","ReplayTheSpireMod:GoodbyeWorld+1","Conserve Battery","Time Bomb+1"],"picked":"Chill","floor":40},{"not_picked":["Gensokyo:DreamlikeParadise+1","Gensokyo:UnlikelyAid+1"],"picked":"Gensokyo:Dawn+1","floor":41},{"not_picked":["Consume","REME_DataAnalysis","Turbo","ReplaySolidLightProjector"],"picked":"Steam Power+1","floor":42},{"not_picked":["Beam Cell","Lockon+1","Ball Lightning","Blizzard"],"picked":"Compile Driver","floor":45},{"not_picked":["StuffTheSpire:LoadUp","Reinforced Body+1","Panic Button","Ball Lightning"],"picked":"MostiFishMod:LinkProtocol+1","floor":47},{"not_picked":["Redo+1","Panic Button+1","StuffTheSpire:LoadUp","ReplayTheSpireMod:Dual Polarity","REME_SelfUpgrade"],"picked":"SKIP","floor":47},{"not_picked":["Buffer","conspire:SharedLibrary","Stack","Panic Button"],"picked":"Compile Driver+1","floor":48}],"player_experience":442139,"relics_obtained":[{"floor":1,"key":"SynthV:TestCard"},{"floor":2,"key":"reliquary:BoilingFlask"},{"floor":7,"key":"Pet Ghost"},{"floor":8,"key":"StuffTheSpire:HeavyRock"},{"floor":9,"key":"Bag of Marbles"},{"floor":10,"key":"hubris:DuctTape"},{"floor":20,"key":"Solar Panel"},{"floor":23,"key":"halation:IllGainedPizza"},{"floor":25,"key":"DemoMod:Metronome"},{"floor":26,"key":"Dead Branch"},{"floor":29,"key":"Replay:Antivirus Software"},{"floor":40,"key":"Bag of Preparation"},{"floor":42,"key":"infinitespire:Broken Mirror"},{"floor":43,"key":"ReplayTheSpireMod:Lightbulb"},{"floor":45,"key":"ReplayFunnel"},{"floor":48,"key":"Geode"}],"event_choices":[{"damage_healed":0,"gold_gain":0,"player_choice":"Lose Max HP","damage_taken":0,"relics_obtained":["Golden Idol"],"max_hp_gain":0,"max_hp_loss":5,"event_name":"Golden Idol","floor":12,"gold_loss":0},{"cards_removed":["Defend_B"],"damage_healed":0,"gold_gain":0,"player_choice":"Card Removal","damage_taken":7,"max_hp_gain":0,"max_hp_loss":0,"event_name":"Golden Wing","floor":13,"gold_loss":0},{"cards_removed":["Strike_B"],"damage_healed":0,"gold_gain":0,"player_choice":"Gave Gold","damage_taken":0,"max_hp_gain":0,"max_hp_loss":0,"event_name":"Beggar","floor":22,"gold_loss":75}],"is_beta":false,"boss_relics":[{"not_picked":["hubris:VirtuousBlindfold","ReplayTheSpireMod:SealedPack"],"picked":"RhineSuit"},{"not_picked":[]},{"not_picked":["StuffTheSpire:RunicConfusion","halation:IncompleteEncyclopedia"],"picked":"StuffTheSpire:Kangaroo"},{"not_picked":[]}],"items_purged_floors":[0,17,34,37],"is_endless":false,"potions_floor_spawned":[4,5,10,14,16,18,25,28,31,38,40,42,47,48],"killed_by":"Gensokyo:Scarlet_Devils","ascension_level":14}}