{"host":"lv7etzzgwahaenh9","time":1614104205,"event":{"mods":["AchievementEnabler","BaseMod","Colored Map","Colored Powertips","Highlight Path","Minty Spire (QoL Compilation)","Permanent Neow","Quick Restart","Random Character Button","StSLib"],"gold_per_floor":[12,22,34,34,45,77,77,112,158,190,190,190,190,225,225,301,301,312,340,340,355,70,70,70],"floor_reached":23,"language":"ENG","playtime":1011,"items_purged":["Combust"],"score":394,"play_id":"9f884df0-c4a8-4df7-9981-8aec3c626d76","local_time":"20210223101645","is_ascension_mode":true,"campfire_choices":[{"floor":7,"key":"REST"},{"data":"Limit Break","floor":11,"key":"SMITH"},{"data":"Battle Trance","floor":13,"key":"SMITH"},{"data":"Iron Wave","floor":15,"key":"SMITH"}],"circlet_count":0,"master_deck":["AscendersBane","Bash","Burning Pact","Rampage","Iron Wave+1","Shrug It Off","Armaments+1","Clothesline","Wild Strike","Battle Trance+1","Limit Break+1","Shrug It Off","Reaper","Double Tap","Feel No Pain","Intimidate","Reaper","Ghostly Armor","Combust","True Grit","Body Slam","Bite","Bite","Bite","Bite","Bite","Shrug It Off","Flex"],"relics":["Burning Blood","Du-Vu Doll","Eternal Feather","Boot","Red Skull","Potion Belt","Happy Flower","Pandora\u0027s Box","Red Mask","Lee\u0027s Waffle"],"acts_visited":["Exordium","TheCity"],"potions_floor_usage":[8,10,16,19],"damage_taken":[{"damage":11,"enemies":"2 Louse","floor":1,"turns":3},{"damage":7,"enemies":"Jaw Worm","floor":2,"turns":3},{"damage":8,"enemies":"Small Slimes","floor":3,"turns":4},{"damage":4,"enemies":"Looter","floor":5,"turns":4},{"damage":45,"enemies":"3 Sentries","floor":6,"turns":10},{"damage":1,"enemies":"Gremlin Nob","floor":8,"turns":3},{"damage":12,"enemies":"Lagavulin","floor":10,"turns":7},{"damage":23,"enemies":"Gremlin Nob","floor":14,"turns":4},{"damage":23,"enemies":"The Guardian","floor":16,"turns":10},{"damage":8,"enemies":"3 Byrds","floor":18,"turns":3},{"damage":69,"enemies":"Masked Bandits","floor":19,"turns":5},{"damage":17,"enemies":"Spheric Guardian","floor":21,"turns":4},{"damage":39,"enemies":"Book of Stabbing","floor":23,"turns":5}],"seed_played":"4003627506776483047","potions_obtained":[{"floor":1,"key":"ElixirPotion"},{"floor":6,"key":"Fire Potion"},{"floor":8,"key":"LiquidBronze"},{"floor":14,"key":"BlessingOfTheForge"}],"is_trial":false,"path_per_floor":["M","M","M","?","M","E","R","E","T","E","R","T","R","E","R","B",null,"M","?","?","M","$","E"],"character_chosen":"IRONCLAD","items_purchased":["Lee\u0027s Waffle","Flex"],"campfire_rested":1,"item_purchase_floors":[22,22],"current_hp_per_floor":[63,62,60,60,62,23,45,50,50,44,53,53,62,45,54,37,66,75,22,22,17,59,30,30],"gold":70,"neow_bonus":"TRANSFORM_TWO_CARDS","is_daily":false,"chose_seed":false,"campfire_upgraded":3,"win_rate":0.0,"timestamp":1614104205,"path_taken":["M","M","M","?","M","E","R","E","T","E","R","?","R","E","R","BOSS","M","?","?","M","$","E"],"items_purchased_type":["Relic","Card"],"build_version":"2020-12-22","purchased_purges":1,"victory":false,"max_hp_per_floor":[75,75,75,75,75,75,75,75,75,75,75,75,75,75,75,75,75,75,75,52,52,59,59,59],"card_choices":[{"not_picked":["Dropkick","Uppercut"],"picked":"Iron Wave","floor":1},{"not_picked":["Pommel Strike","Armaments"],"picked":"Shrug It Off","floor":2},{"not_picked":["Rupture","Sever Soul"],"picked":"Armaments","floor":3},{"not_picked":["Armaments","Sword Boomerang"],"picked":"Clothesline","floor":5},{"not_picked":["Clothesline","Heavy Blade"],"picked":"Wild Strike","floor":6},{"not_picked":["Sever Soul","Metallicize"],"picked":"Battle Trance","floor":8},{"not_picked":["Metallicize","Iron Wave"],"picked":"Limit Break","floor":10},{"not_picked":["Infernal Blade","Bloodletting"],"picked":"Shrug It Off","floor":14},{"not_picked":["Berserk","Corruption"],"picked":"Reaper","floor":16},{"not_picked":["Infernal Blade","Thunderclap"],"picked":"True Grit","floor":18},{"not_picked":["Heavy Blade","Iron Wave"],"picked":"Body Slam","floor":19},{"not_picked":["Body Slam","Rampage"],"picked":"Shrug It Off","floor":21}],"player_experience":520023,"relics_obtained":[{"floor":6,"key":"Du-Vu Doll"},{"floor":8,"key":"Eternal Feather"},{"floor":9,"key":"Boot"},{"floor":10,"key":"Red Skull"},{"floor":12,"key":"Potion Belt"},{"floor":14,"key":"Happy Flower"},{"floor":19,"key":"Red Mask"}],"event_choices":[{"damage_healed":0,"gold_gain":0,"player_choice":"Grow","damage_taken":0,"max_hp_gain":0,"max_hp_loss":0,"event_name":"Living Wall","floor":4,"gold_loss":0,"cards_upgraded":["Armaments"]},{"damage_healed":0,"gold_gain":0,"player_choice":"Fought Bandits","damage_taken":0,"max_hp_gain":0,"max_hp_loss":0,"event_name":"Masked Bandits","floor":19,"gold_loss":0},{"damage_healed":0,"gold_gain":0,"player_choice":"Became a vampire","damage_taken":0,"max_hp_gain":0,"max_hp_loss":23,"event_name":"Vampires","floor":20,"gold_loss":0,"cards_obtained":["Bite","Bite","Bite","Bite","Bite"]}],"is_beta":false,"boss_relics":[{"not_picked":["Runic Cube","Ectoplasm"],"picked":"Pandora\u0027s Box"}],"items_purged_floors":[22],"is_endless":false,"potions_floor_spawned":[1,6,8,14],"killed_by":"Book of Stabbing","ascension_level":14}}