{"host":"1a8lb11wemezctea","time":1614109308,"event":{"mods":["BaseMod","Colored Powertips","Highlight Path","Minty Spire (QoL Compilation)"],"gold_per_floor":[110,121,137,137,137,175,175,198,246,280,280,280,280,280],"floor_reached":13,"language":"ENG","playtime":281,"items_purged":[],"score":144,"play_id":"9b787440-9f15-4f4d-8d56-05c5c6623972","local_time":"20210223144148","is_ascension_mode":true,"campfire_choices":[{"floor":7,"key":"REST"}],"circlet_count":0,"master_deck":["AscendersBane","Strike_R","Strike_R","Strike_R","Strike_R","Strike_R","Defend_R","Defend_R","Defend_R","Defend_R","Bash","Pain","Immolate","Wild Strike","Shrug It Off","Spot Weakness","Sword Boomerang","Immolate","Flame Barrier"],"relics":["Burning Blood","Golden Idol","Pantograph","Regal Pillow","Blood Vial"],"acts_visited":["Exordium"],"potions_floor_usage":[6,10],"damage_taken":[{"damage":2,"enemies":"Small Slimes","floor":1,"turns":3},{"damage":11,"enemies":"2 Louse","floor":2,"turns":2},{"damage":0,"enemies":"Cultist","floor":3,"turns":2},{"damage":61,"enemies":"Lagavulin","floor":6,"turns":8},{"damage":15,"enemies":"Large Slime","floor":8,"turns":4},{"damage":21,"enemies":"Gremlin Nob","floor":10,"turns":3},{"damage":2,"enemies":"Lagavulin","floor":13,"turns":4}],"seed_played":"676662821641301977","potions_obtained":[{"floor":2,"key":"Energy Potion"},{"floor":8,"key":"LiquidMemories"}],"is_trial":false,"path_per_floor":["M","M","M","?","?","E","R","M","T","E","?","?","E"],"character_chosen":"IRONCLAD","items_purchased":[],"campfire_rested":1,"item_purchase_floors":[],"current_hp_per_floor":[76,71,77,57,62,7,32,23,23,8,8,8,8,8],"gold":280,"neow_bonus":"THREE_RARE_CARDS","is_daily":false,"chose_seed":false,"campfire_upgraded":0,"win_rate":0.0,"timestamp":1614109308,"path_taken":["M","M","M","?","?","E","R","M","T","E","?","?","E"],"items_purchased_type":[],"build_version":"2020-12-22","purchased_purges":0,"victory":false,"max_hp_per_floor":[80,80,80,80,85,85,85,85,85,85,85,85,85,85],"card_choices":[{"not_picked":["Limit Break","Berserk"],"picked":"Immolate","floor":0},{"not_picked":["Pommel Strike","Headbutt"],"picked":"Wild Strike","floor":1},{"not_picked":["Headbutt","Dual Wield"],"picked":"Shrug It Off","floor":2},{"not_picked":["True Grit","Iron Wave"],"picked":"Spot Weakness","floor":3},{"not_picked":["Clash","Anger"],"picked":"Sword Boomerang","floor":6},{"not_picked":["Headbutt","Iron Wave"],"picked":"Immolate","floor":8},{"not_picked":["Second Wind","Clothesline"],"picked":"Flame Barrier","floor":10}],"player_experience":309507,"relics_obtained":[{"floor":6,"key":"Pantograph"},{"floor":9,"key":"Regal Pillow"},{"floor":10,"key":"Blood Vial"}],"event_choices":[{"damage_healed":0,"gold_gain":0,"player_choice":"Take Damage","damage_taken":20,"relics_obtained":["Golden Idol"],"max_hp_gain":0,"max_hp_loss":0,"event_name":"Golden Idol","floor":4,"gold_loss":0},{"damage_healed":0,"gold_gain":0,"player_choice":"Donut","damage_taken":0,"max_hp_gain":5,"max_hp_loss":0,"event_name":"Big Fish","floor":5,"gold_loss":0},{"damage_healed":0,"gold_gain":0,"player_choice":"Fled","damage_taken":0,"max_hp_gain":0,"max_hp_loss":0,"event_name":"Scrap Ooze","floor":11,"gold_loss":0},{"damage_healed":0,"gold_gain":0,"player_choice":"Ignored","damage_taken":0,"max_hp_gain":0,"max_hp_loss":0,"event_name":"Liars Game","floor":12,"gold_loss":0}],"is_beta":false,"boss_relics":[],"items_purged_floors":[],"is_endless":false,"potions_floor_spawned":[2,8],"killed_by":"Lagavulin","ascension_level":11}}