{"host":"bplbr8uekuotory4","time":1614083911,"event":{"mods":["Act Like it!","BaseMod","Custom Start","GungeonMod","Hermit","KinomotoSakuraMod(木之本樱)","Marisa（F雨　魔理沙）","Minty Spire (QoL Compilation)","Prisma Mod","Quick Restart","Reimu（博丽灵梦）","SOS（斯巴达之子）","Spicy Shops","StSLib","TestMod","The Blackbeard","The Cursed","The Mystic","The Saiyan","The Senshi","The Servant 0.9.4","Yuri Mod","[IsaacMod]以撒尖塔"],"gold_per_floor":[209,221,145,160,48,74,74,79,79,95,87,100,100,113,113,210,210,225,303,61,61,80,106,106,133,133,160,160,23,23,38,38,141,141,154,154,173,60,76,93,93,145,145,20,48,48,77,93,93,93,93,93,44,74,71],"floor_reached":56,"language":"ZHS","playtime":1204,"items_purged":["Strike_R","Strike_R","Defend_R","Defend_R","Strike_R","Flex","Strike_R"],"score":2508,"play_id":"4f9a9d5e-0403-4b39-ab98-a58fb1969439","local_time":"20210223203831","is_ascension_mode":true,"campfire_choices":[{"data":"Whirlwind","floor":15.0,"key":"SMITH"},{"data":"Feed","floor":28.0,"key":"SMITH"},{"data":"Disarm","floor":30.0,"key":"SMITH"},{"data":"Spot Weakness","floor":32.0,"key":"SMITH"},{"data":"Limit Break","floor":46,"key":"SMITH"},{"floor":49,"key":"RECALL"},{"data":"Sword Boomerang","floor":52,"key":"SMITH"}],"circlet_count":0,"master_deck":["AscendersBane","Strike_R","Defend_R","Defend_R","Bash","Sword Boomerang+1","Whirlwind+1","Spot Weakness+1","Disarm+1","Feed+1","Limit Break+1","Flame Barrier"],"relics":["Burning Blood","testmod-TestBox","HushsDoor","SteamSale","testmod-Alchemist","Oddly Smooth Stone","Happy Flower","Chemical X","testmod-DragonStarHat","YidongShenshe:ReiMu","Boot","Singing Bowl","Snecko Eye","GuppysHead","GuppysPaw","GuppysHairball","Toy Ornithopter","BFFS","Vajra","DemoMod:ClearGuonStone","MealTicket","Red Mask","DeadEye","BookOfRevelations","testmod-Prudence","DeathBook","GuppysCollar","Lee\u0027s Waffle","testmod-RealStoneCalender","DemoMod:SuperHotWatch","TheBattery","Turnip","Regal Pillow","RuthlessExorcism:ReiMu"],"acts_visited":["Exordium","TheCity","TheBeyond","TheEnding"],"potions_floor_usage":[37,54,55,55],"damage_taken":[{"damage":0.0,"enemies":"Cultist","floor":1.0,"turns":2.0},{"damage":8.0,"enemies":"2 Louse","floor":2.0,"turns":3.0},{"damage":0.0,"enemies":"Small Slimes","floor":4.0,"turns":3.0},{"damage":2.0,"enemies":"3 Sentries","floor":6.0,"turns":4.0},{"damage":1.0,"enemies":"Gremlin Nob","floor":8.0,"turns":3.0},{"damage":1.0,"enemies":"Exordium Thugs","floor":10.0,"turns":3.0},{"damage":11.0,"enemies":"Blue Slaver","floor":11.0,"turns":3.0},{"damage":10.0,"enemies":"Gremlin Gang","floor":12.0,"turns":2.0},{"damage":10.0,"enemies":"Looter","floor":14.0,"turns":2.0},{"damage":0.0,"enemies":"Slime Boss","floor":16.0,"turns":5.0},{"damage":0.0,"enemies":"3 Byrds","floor":18.0,"turns":1.0},{"damage":0.0,"enemies":"Chosen","floor":22.0,"turns":1.0},{"damage":0.0,"enemies":"Slavers","floor":23.0,"turns":1.0},{"damage":0.0,"enemies":"Masked Bandits","floor":25.0,"turns":1.0},{"damage":0.0,"enemies":"Gremlin Leader","floor":27.0,"turns":2.0},{"damage":0.0,"enemies":"Centurion and Healer","floor":31.0,"turns":2.0},{"damage":0,"enemies":"Champ","floor":33,"turns":4},{"damage":0,"enemies":"3 Darklings","floor":35,"turns":2},{"damage":0,"enemies":"3 Shapes","floor":37,"turns":2},{"damage":0,"enemies":"Jaw Worm Horde","floor":39,"turns":2},{"damage":0,"enemies":"Writhing Mass","floor":40,"turns":2},{"damage":0,"enemies":"2 Orb Walkers","floor":42,"turns":2},{"damage":0,"enemies":"Reptomancer","floor":45,"turns":1},{"damage":0,"enemies":"Nemesis","floor":47,"turns":3},{"damage":0,"enemies":"3 Darklings","floor":48,"turns":2},{"damage":10,"enemies":"Time Eater","floor":50,"turns":3},{"damage":0,"enemies":"Shield and Spear","floor":54,"turns":3},{"damage":0,"enemies":"The Heart","floor":55,"turns":4}],"seed_played":"5512780479550839552","potions_obtained":[{"floor":4.0,"key":"DemoMod:LeadSkinPotion"},{"floor":6.0,"key":"BlessingOfTheForge"},{"floor":11.0,"key":"ColorlessPotion"},{"floor":12.0,"key":"Fire Potion"},{"floor":16.0,"key":"EssenceOfSteel"},{"floor":23.0,"key":"AttackPotion"},{"floor":27.0,"key":"Strength Potion"},{"floor":45,"key":"PowerPotion"}],"is_trial":false,"path_per_floor":["M","M","$","M","$","E","?","E","T","M","M","M","?","M","R","B",null,"M","?","$","?","M","E","?","?","T","E","R","$","R","M","R","B",null,"M","?","M","$","M","M","?","?","T","$","E","R","E","M","R","B",null,"R","$","E","B",null],"character_chosen":"IRONCLAD","items_purchased":["Oddly Smooth Stone","Happy Flower","Chemical X","GuppysHead","GuppysPaw","GuppysHairball","Toy Ornithopter","BFFS","Vajra","BookOfRevelations","DeathBook","GuppysCollar","Lee\u0027s Waffle","TheBattery","Flame Barrier"],"campfire_rested":0,"item_purchase_floors":[3,5,5,17,17,17,20,20,20,29,34,34,38,44,53],"current_hp_per_floor":[78,76,76,80,80,80,80,80,80,82,77,75,75,73,73,79,51,56,41,41,41,49,57,57,62,62,64,64,64,64,70,70,70,40,42,40,46,53,55,57,114,120,120,120,122,122,124,126,126,122,125,125,126,132,132],"gold":71,"neow_bonus":"HUNDRED_GOLD","is_daily":false,"chose_seed":false,"campfire_upgraded":6,"win_rate":0.0,"timestamp":1614083911,"path_taken":["M","M","$","M","$","E","?","E","T","M","M","M","?","M","R","BOSS","M","?","$","?","M","E","?","?","T","E","R","$","R","M","R","BOSS","M","?","M","$","M","?","?","?","T","$","E","R","E","M","R","BOSS","R","$","E","BOSS"],"items_purchased_type":["Relic","Relic","Relic","Relic","Relic","Relic","Relic","Relic","Relic","Relic","Relic","Relic","Relic","Relic","Card"],"build_version":"2020-12-22","purchased_purges":7,"victory":true,"max_hp_per_floor":[80,80,80,80,80,80,80,80,80,82,82,84,84,86,86,86,51,56,56,56,56,58,60,60,62,62,64,64,64,64,70,70,70,40,42,40,46,53,55,57,114,120,120,120,122,122,124,126,126,126,126,126,126,132,132],"card_choices":[{"not_picked":[],"picked":"ChaosCard","floor":0.0},{"not_picked":["Iron Wave","True Grit"],"picked":"Sword Boomerang","floor":1.0},{"not_picked":["Pommel Strike","Headbutt"],"picked":"Whirlwind","floor":2.0},{"not_picked":["Fire Breathing","Twin Strike"],"picked":"Spot Weakness","floor":4.0},{"not_picked":["Clothesline","Armaments"],"picked":"Flex","floor":6.0},{"not_picked":["Bloodletting","Sword Boomerang"],"picked":"Disarm","floor":8.0},{"not_picked":["Clothesline","Rupture","Twin Strike"],"picked":"Singing Bowl","floor":10.0},{"not_picked":["Thunderclap","Armaments"],"picked":"Bomb","floor":11.0},{"not_picked":["True Grit","Body Slam","Perfected Strike"],"picked":"Singing Bowl","floor":12.0},{"not_picked":["Entrench","Havoc","Heavy Blade"],"picked":"Singing Bowl","floor":14.0},{"not_picked":["Brutality","Impervious"],"picked":"Feed","floor":16.0},{"not_picked":["Armaments","Reckless Charge","Battle Trance"],"picked":"Singing Bowl","floor":18.0},{"not_picked":["DemoMod:BlackBlade+1","Body Slam","Shrug It Off"],"picked":"Singing Bowl","floor":22.0},{"not_picked":["Rupture","Flex","Shrug It Off"],"picked":"Singing Bowl","floor":23.0},{"not_picked":["Perfected Strike","Inflame","Heavy Blade"],"picked":"Singing Bowl","floor":25.0},{"not_picked":["Intimidate","Second Wind+1","Clash"],"picked":"Singing Bowl","floor":27.0},{"not_picked":["Armaments","Flex","Warcry"],"picked":"Singing Bowl","floor":31.0},{"not_picked":["Immolate","Juggernaut"],"picked":"Limit Break","floor":33},{"not_picked":["Power Through","Clothesline","Wild Strike+1"],"picked":"Singing Bowl","floor":35},{"not_picked":["Burning Pact","Power Through+1","Pommel Strike"],"picked":"Singing Bowl","floor":37},{"not_picked":["Double Tap","Perfected Strike+1","Flame Barrier"],"picked":"Singing Bowl","floor":39},{"not_picked":["Reckless Charge","Iron Wave","Perfected Strike+1"],"picked":"Singing Bowl","floor":40},{"not_picked":["Twin Strike+1","Headbutt","Infernal Blade"],"picked":"Singing Bowl","floor":42},{"not_picked":["Iron Wave","Corruption","Headbutt"],"picked":"Singing Bowl","floor":45},{"not_picked":["Iron Wave","Berserk","Rupture"],"picked":"Singing Bowl","floor":47},{"not_picked":["Dropkick","Bloodletting","Sentinel"],"picked":"Singing Bowl","floor":48},{"not_picked":["Wild Strike","Shockwave","DemoMod:BlackBlade+1"],"picked":"Singing Bowl","floor":54}],"player_experience":1188305,"relics_obtained":[{"floor":6.0,"key":"testmod-DragonStarHat"},{"floor":8.0,"key":"Boot"},{"floor":9.0,"key":"Singing Bowl"},{"floor":23.0,"key":"MealTicket"},{"floor":25.0,"key":"Red Mask"},{"floor":27.0,"key":"DeadEye"},{"floor":42,"key":"testmod-RealStoneCalender"},{"floor":43,"key":"DemoMod:SuperHotWatch"},{"floor":45,"key":"Turnip"},{"floor":47,"key":"Regal Pillow"},{"floor":54,"key":"DemoMod:WeirdEgg"}],"event_choices":[{"damage_healed":0.0,"max_hp_gain":0.0,"max_hp_loss":0.0,"gold_gain":0.0,"event_name":"yidonshenshe","player_choice":"带走神社","floor":7.0,"gold_loss":0.0,"damage_taken":0.0,"relics_obtained":["YidongShenshe:ReiMu"],"cards_obtained":["Poor:ReiMu"]},{"cards_removed":["Poor:ReiMu"],"damage_healed":0.0,"max_hp_gain":0.0,"max_hp_loss":0.0,"gold_gain":0.0,"event_name":"Fountain of Cleansing","player_choice":"Removed Curses","floor":13.0,"gold_loss":0.0,"damage_taken":0.0},{"damage_healed":0.0,"max_hp_gain":0.0,"max_hp_loss":0.0,"gold_gain":0.0,"event_name":"WeMeetAgain","player_choice":"Gave Potion","floor":21.0,"gold_loss":0.0,"damage_taken":0.0,"relics_obtained":["DemoMod:ClearGuonStone"]},{"damage_healed":0.0,"max_hp_gain":0.0,"max_hp_loss":0.0,"gold_gain":0.0,"event_name":"Ghosts","player_choice":"Ignored","floor":24.0,"gold_loss":0.0,"damage_taken":0.0},{"damage_healed":0.0,"max_hp_gain":0.0,"max_hp_loss":0.0,"gold_gain":0.0,"event_name":"Masked Bandits","player_choice":"Fought Bandits","floor":25.0,"gold_loss":0.0,"damage_taken":0.0},{"damage_healed":0,"gold_gain":0,"player_choice":"Max HP","damage_taken":0,"max_hp_gain":0,"max_hp_loss":2,"event_name":"Winding Halls","floor":36,"gold_loss":0},{"damage_healed":0,"gold_gain":0,"player_choice":"Swap Relic","damage_taken":0,"relics_obtained":["testmod-HarvestTotem"],"max_hp_gain":0,"max_hp_loss":0,"event_name":"给自己的盒子","floor":41,"relics_lost":["testmod-HarvestTotem"],"gold_loss":0},{"damage_healed":0,"gold_gain":0,"player_choice":"Fight","damage_taken":0,"max_hp_gain":0,"max_hp_loss":0,"event_name":"Mysterious Sphere","floor":42,"gold_loss":0}],"is_beta":false,"boss_relics":[{"not_picked":["testmod-Fanaticism","testmod-GoldenSoul"],"picked":"Snecko Eye"},{"not_picked":[]},{"not_picked":["Cursed Key","testmod-Nine"],"picked":"testmod-Prudence"},{"not_picked":[]}],"items_purged_floors":[3,17,20,29,34,38,44],"is_endless":false,"potions_floor_spawned":[4,6,11,12,16,23,27,35,45,47],"ascension_level":12}}