{"host":"kcg3v0hgymzitgl9","time":1614052191,"event":{"mods":["BaseMod","Colored Map","Minty Spire (QoL Compilation)","Relic Stats","Weighted Paths"],"gold_per_floor":[109,119,119,146,24,54,69,69,69,12,12,25,25,38,38,143,143,161,26,45,55,55,87,101,101,101,101,112,112,112,124,124,223,223,236,78,78,91,101,101,101],"floor_reached":40,"language":"ENG","playtime":6914,"items_purged":["Strike_P","Strike_P","Strike_P"],"score":458,"play_id":"543bb320-92b0-4185-8928-c813486bd884","local_time":"20210223144951","is_ascension_mode":false,"campfire_choices":[{"data":"Eruption","floor":11.0,"key":"SMITH"},{"data":"Wallop","floor":13.0,"key":"SMITH"},{"data":"WindmillStrike","floor":15.0,"key":"SMITH"},{"data":"Ghostly","floor":25.0,"key":"SMITH"},{"data":"Crescendo","floor":27.0,"key":"SMITH"},{"floor":29.0,"key":"REST"},{"data":"Study","floor":32.0,"key":"SMITH"}],"circlet_count":0,"master_deck":["Defend_P","Defend_P","Defend_P","Eruption+1","Vigilance","Wallop+1","Evaluate","FollowUp","PathToVictory","EmptyBody","PathToVictory","Prostrate","Halt","WindmillStrike+1","Vault","Crescendo+1","Study+1","Prostrate+1","FearNoEvil","Ghostly","Ghostly","Ghostly","Ghostly","Ghostly+1","Consecrate","Consecrate","FollowUp","PathToVictory","DevaForm","FollowUp+1","LikeWater+1"],"relics":["HolyWater","NeowsBlessing","Ancient Tea Set","Potion Belt","Pear","The Courier","Bottled Lightning","Dream Catcher","SlaversCollar"],"acts_visited":[],"potions_floor_usage":[],"damage_taken":[{"damage":0.0,"enemies":"Small Slimes","floor":1.0,"turns":1.0},{"damage":0.0,"enemies":"Jaw Worm","floor":2.0,"turns":1.0},{"damage":0.0,"enemies":"3 Sentries","floor":6.0,"turns":2.0},{"damage":0.0,"enemies":"Cultist","floor":7.0,"turns":3.0},{"damage":0.0,"enemies":"Blue Slaver","floor":12.0,"turns":3.0},{"damage":0.0,"enemies":"Looter","floor":14.0,"turns":2.0},{"damage":12.0,"enemies":"Hexaghost","floor":16.0,"turns":9.0},{"damage":16.0,"enemies":"3 Byrds","floor":18.0,"turns":7.0},{"damage":5.0,"enemies":"2 Thieves","floor":20.0,"turns":4.0},{"damage":5.0,"enemies":"Centurion and Healer","floor":21.0,"turns":7.0},{"damage":1.0,"enemies":"Gremlin Leader","floor":23.0,"turns":9.0},{"damage":9.0,"enemies":"Sentry and Sphere","floor":24.0,"turns":6.0},{"damage":14.0,"enemies":"3 Cultists","floor":28.0,"turns":6.0},{"damage":1.0,"enemies":"Shelled Parasite and Fungi","floor":31.0,"turns":6.0},{"damage":27.0,"enemies":"Collector","floor":33.0,"turns":9.0},{"damage":15.0,"enemies":"Orb Walker","floor":35.0,"turns":5.0},{"damage":3.0,"enemies":"3 Darklings","floor":38.0,"turns":6.0},{"damage":5.0,"enemies":"Sphere and 2 Shapes","floor":39.0,"turns":8.0},{"damage":0,"enemies":"Nemesis","floor":40,"turns":7}],"seed_played":"4694802779601310365","potions_obtained":[{"floor":1.0,"key":"SkillPotion"},{"floor":2.0,"key":"Strength Potion"},{"floor":7.0,"key":"Block Potion"},{"floor":21.0,"key":"Regen Potion"},{"floor":24.0,"key":"Fruit Juice"},{"floor":33.0,"key":"Swift Potion"},{"floor":38.0,"key":"Ancient Potion"}],"is_trial":false,"path_per_floor":["M","M","?","T","$","E","M","?","T","$","R","M","R","M","R","B",null,"M","$","M","M","?","E","M","R","T","R","M","R","?","M","R","B",null,"M","$","?","M","M","E"],"character_chosen":"WATCHER","items_purchased":["FollowUp","PathToVictory","Prostrate","Study","GamblersBrew"],"campfire_rested":1,"item_purchase_floors":[5,10,10,19,36],"current_hp_per_floor":[72,72,69,69,69,79,79,72,72,72,72,72,72,72,72,60,82,66,66,61,56,41,40,31,31,31,31,22,35,35,45,45,18,46,31,31,31,28,23,23,23],"gold":101,"neow_bonus":"THREE_ENEMY_KILL","is_daily":false,"chose_seed":false,"campfire_upgraded":6,"win_rate":0.0,"timestamp":1614052191,"path_taken":["M","M","?","?","$","E","M","?","T","$","R","M","R","M","R","BOSS","M","$","M","M","?","E","M","R","T","R","M","R","?","M","R","BOSS","M","$","?","M","M","E"],"items_purchased_type":["Card","Card","Card","Card","Potion"],"build_version":"2020-12-22","purchased_purges":3,"victory":false,"max_hp_per_floor":[72,72,72,72,72,82,82,82,82,82,82,82,82,82,82,82,82,82,82,82,82,41,41,41,41,41,41,46,46,46,46,46,46,46,46,46,46,46,46,46,46],"relic_stats":{"Dream Catcher":0,"counters":[2,15],"obtain_stats":[{"Potion Belt":0,"SlaversCollar":0,"Dream Catcher":0,"Pear":0,"NeowsBlessing":0,"HolyWater":0,"The Courier":0,"Bottled Lightning":0,"Ancient Tea Set":0},{"Potion Belt":0,"SlaversCollar":0,"Dream Catcher":0,"Pear":0,"NeowsBlessing":0,"HolyWater":0,"The Courier":0,"Bottled Lightning":0,"Ancient Tea Set":0},{"Potion Belt":0,"SlaversCollar":0,"Dream Catcher":0,"Pear":0,"NeowsBlessing":0,"HolyWater":0,"The Courier":0,"Bottled Lightning":0,"Ancient Tea Set":0}]},"card_choices":[{"not_picked":["SignatureMove","Indignation"],"picked":"Wallop","floor":1.0},{"not_picked":["PathToVictory","Prostrate"],"picked":"Evaluate","floor":2.0},{"not_picked":["Protect","SashWhip"],"picked":"PathToVictory","floor":6.0},{"not_picked":["EmptyFist","ClearTheMind"],"picked":"EmptyBody","floor":7.0},{"not_picked":["CarveReality","FlurryOfBlows"],"picked":"Halt","floor":12.0},{"not_picked":["Consecrate","InnerPeace"],"picked":"WindmillStrike","floor":14.0},{"not_picked":["DeusExMachina","MasterReality"],"picked":"Vault","floor":16.0},{"not_picked":["Meditate","Halt"],"picked":"Crescendo","floor":18.0},{"not_picked":["WheelKick","EmptyMind"],"picked":"Prostrate+1","floor":20.0},{"not_picked":["Crescendo+1","ReachHeaven"],"picked":"FearNoEvil","floor":21.0},{"not_picked":["Conclude","TalkToTheHand"],"picked":"Consecrate","floor":23.0},{"not_picked":["Crescendo","Prostrate+1"],"picked":"Consecrate","floor":24.0},{"not_picked":["BowlingBash","Nirvana"],"picked":"FollowUp","floor":28.0},{"not_picked":["EmptyFist","Halt","Evaluate"],"picked":"SKIP","floor":31.0},{"not_picked":["DeusExMachina","Blasphemy"],"picked":"DevaForm","floor":33.0},{"not_picked":["CrushJoints+1","ThirdEye+1"],"picked":"FollowUp+1","floor":35.0},{"not_picked":["WreathOfFlame","ThirdEye+1","BowlingBash+1"],"picked":"SKIP","floor":38.0},{"not_picked":["Vengeance","EmptyBody+1"],"picked":"LikeWater+1","floor":39.0}],"player_experience":338586,"relics_obtained":[{"floor":4.0,"key":"Potion Belt"},{"floor":6.0,"key":"Pear"},{"floor":9.0,"key":"The Courier"},{"floor":23.0,"key":"Bottled Lightning"},{"floor":26.0,"key":"Dream Catcher"}],"event_choices":[{"damage_healed":0.0,"max_hp_gain":0.0,"max_hp_loss":0.0,"gold_gain":0.0,"event_name":"Scrap Ooze","player_choice":"Success","floor":3.0,"gold_loss":0.0,"damage_taken":3.0,"relics_obtained":["Ancient Tea Set"]},{"cards_removed":["Defend_P"],"damage_healed":0.0,"max_hp_gain":0.0,"max_hp_loss":0.0,"gold_gain":0.0,"event_name":"Golden Wing","player_choice":"Card Removal","floor":8.0,"gold_loss":0.0,"damage_taken":7.0},{"damage_healed":0.0,"max_hp_gain":0.0,"max_hp_loss":41.0,"gold_gain":0.0,"event_name":"Ghosts","player_choice":"Became a Ghost","floor":22.0,"gold_loss":0.0,"damage_taken":0.0,"cards_obtained":["Ghostly","Ghostly","Ghostly","Ghostly","Ghostly"]},{"damage_healed":0.0,"max_hp_gain":0.0,"max_hp_loss":0.0,"gold_gain":0.0,"event_name":"The Library","player_choice":"Read","floor":30.0,"gold_loss":0.0,"damage_taken":0.0,"cards_obtained":["PathToVictory"]},{"cards_removed":["Strike_P"],"damage_healed":0.0,"max_hp_gain":0.0,"max_hp_loss":0.0,"gold_gain":0.0,"event_name":"Purifier","player_choice":"Purged","floor":37.0,"gold_loss":0.0,"damage_taken":0.0}],"is_beta":false,"boss_relics":[{"not_picked":["VioletLotus","Coffee Dripper"],"picked":"HolyWater"},{"not_picked":["Black Star","Empty Cage"],"picked":"SlaversCollar"}],"items_purged_floors":[5,19,36],"is_endless":false,"potions_floor_spawned":[1,2,7,21,24,33,38],"killed_by":"Nemesis","ascension_level":0}}