{"host":"z439itq93uucuvou","time":1614042086,"event":{"mods":["BaseMod","Colored Powertips","Downfall","Jorbs\u0027s Wanderer Trilogy","Minty Spire (QoL Compilation)","StSLib"],"gold_per_floor":[399,414,432,126,156,156,180,210,210,260,295,313,324,51,61,61,61,61],"floor_reached":16,"language":"ENG","playtime":749,"items_purged":["stsjorbsmod:Amnesia","champ:Strike"],"score":116,"play_id":"d2675032-286b-47eb-90b0-eaf49c761866","local_time":"20210222170126","is_ascension_mode":true,"campfire_choices":[{"data":"champ:Taunt","floor":1.0,"key":"SMITH"},{"data":"champ:EndlessRage","floor":6.0,"key":"SMITH"},{"data":"champ:EndlessRage","floor":9.0,"key":"SMITH"}],"circlet_count":0,"master_deck":["champ:Strike","champ:Strike","champ:Strike","champ:Defend","champ:Defend+1","champ:Defend+1","champ:Defend","champ:Execute","champ:Taunt+1","champ:IronFortress","champ:ShieldWall","champ:EndlessRage+1","champ:EndlessRage+1","champ:BerserkersShout","champ:BringItOn","champ:DeathBlow","champ:BerserkerStyle","champ:Lariat","champ:Lariat+1","champ:ArenaPreparation+1"],"relics":["champ:ChampionCrown","Old Coin","Membership Card","Art of War","Strawberry","Pen Nib","hexamod:CandleOfCauterizing","War Paint","Centennial Puzzle","Toxic Egg 2"],"acts_visited":["Exordium"],"potions_floor_usage":[14],"damage_taken":[{"damage":25.0,"enemies":"Small Slimes","floor":2.0,"turns":4.0},{"damage":30.0,"enemies":"Jaw Worm","floor":3.0,"turns":5.0},{"damage":10.0,"enemies":"downfall:FleeingMerchant","floor":4.0,"turns":4.0},{"damage":52.0,"enemies":"Gremlin Nob","floor":8.0,"turns":5.0},{"damage":39.0,"enemies":"3 Sentries","floor":11.0,"turns":9.0},{"damage":15.0,"enemies":"Cultist","floor":12.0,"turns":4.0},{"damage":12,"enemies":"Large Slime","floor":13,"turns":4},{"damage":14,"enemies":"downfall:FleeingMerchant","floor":14,"turns":4},{"damage":38,"enemies":"Gremlin Gang","floor":15,"turns":6},{"damage":23,"enemies":"WA_ARCHETYPE_RETAIN","floor":16,"turns":1}],"seed_played":"-2413420749748984235","potions_obtained":[{"floor":3.0,"key":"Fire Potion"},{"floor":12.0,"key":"champ:OpenerPotion"},{"floor":13,"key":"FairyPotion"},{"floor":15,"key":"ColorlessPotion"}],"is_trial":false,"path_per_floor":["R","M","M","$","?","R","T","E","R","T","E","M","M","$","M","B"],"character_chosen":"THE_CHAMP","items_purchased":["Membership Card","champ:EndlessRage","Art of War","Toxic Egg 2","champ:Lariat+1","Fruit Juice"],"campfire_rested":0,"item_purchase_floors":[4,4,4,14,14,14],"current_hp_per_floor":[90,75,65,65,72,72,72,40,40,40,15,15,8,6,21,0,0,0],"gold":61,"neow_bonus":"ONE_RARE_RELIC","is_daily":false,"chose_seed":false,"campfire_upgraded":3,"win_rate":0.0,"timestamp":1614042086,"path_taken":["R","M","M","$","?","R","T","E","R","?","E","M","M","$","M","BOSS"],"items_purchased_type":["Relic","Card","Relic","Relic","Card","Potion"],"build_version":"2020-12-22","purchased_purges":2,"victory":false,"max_hp_per_floor":[90,90,90,90,97,97,97,97,97,97,97,97,97,102,102,102,102,102],"card_choices":[{"not_picked":["champ:FocusedDefense","champ:Shatter"],"picked":"champ:IronFortress","floor":2.0},{"not_picked":["champ:ShieldSigil","champ:PreciseThrust"],"picked":"champ:ShieldWall","floor":3.0},{"not_picked":["champ:Shatter","champ:TornadoPunch"],"picked":"champ:EndlessRage","floor":4.0},{"not_picked":["champ:ShieldThrow","champ:CrookedStrike"],"picked":"champ:BerserkersShout","floor":8.0},{"not_picked":["champ:GladiatorStyle","champ:RecklessLeap"],"picked":"champ:BringItOn","floor":11.0},{"not_picked":["champ:BladeFlurry","champ:SetATrap"],"picked":"champ:DeathBlow","floor":12.0},{"not_picked":["champ:DefensiveShout","champ:FanOfKnives"],"picked":"champ:BerserkerStyle","floor":13},{"not_picked":["champ:BerserkersShout","champ:BringItOn"],"picked":"champ:Lariat","floor":14},{"not_picked":["champ:EndlessRage","champ:SetATrap+1"],"picked":"champ:ArenaPreparation+1","floor":15}],"player_experience":1731248,"relics_obtained":[{"floor":7.0,"key":"Pen Nib"},{"floor":8.0,"key":"hexamod:CandleOfCauterizing"},{"floor":10.0,"key":"War Paint"},{"floor":11.0,"key":"Centennial Puzzle"}],"event_choices":[],"is_beta":false,"boss_relics":[],"items_purged_floors":[4,14],"is_endless":false,"potions_floor_spawned":[3,12,13,15],"killed_by":"WA_ARCHETYPE_RETAIN","ascension_level":1}}