{"host":"nptej036rrbiurf5","time":1614061977,"event":{"mods":["BaseMod","Colored Map","Colored Powertips","DeckTracker","Minty Spire (QoL Compilation)","StSLib","SuperFastMode"],"gold_per_floor":[11,25,37,50,50,50,64,64,64,64,142,182,19,57,57,150,150,168,186,186,206,221,221,136,136,136,175,4,20,20,20,20,20,20],"floor_reached":33,"language":"KOR","playtime":794,"items_purged":[],"score":535,"play_id":"d7f1781c-965d-4018-b8a8-4f04e87df487","local_time":"20210223153257","is_ascension_mode":true,"campfire_choices":[{"data":"Bludgeon","floor":6.0,"key":"SMITH"},{"data":"Dark Embrace","floor":8.0,"key":"SMITH"},{"data":"Body Slam","floor":15.0,"key":"SMITH"},{"data":"Double Tap","floor":23.0,"key":"SMITH"},{"data":"Armaments","floor":25.0,"key":"SMITH"},{"data":"Corruption","floor":30,"key":"SMITH"},{"data":"Intimidate","floor":32,"key":"SMITH"}],"circlet_count":0,"master_deck":["AscendersBane","Defend_R","Defend_R","Defend_R","Defend_R","Bash","Bludgeon+1","Power Through","Ghostly Armor","Armaments+1","Dark Embrace+1","Metallicize","Body Slam+1","Burning Pact","Double Tap+1","Shrug It Off","Bite","Bite","Bite","Bite","Bite","Intimidate+1","Corruption+1"],"relics":["Burning Blood","Golden Idol","Mercury Hourglass","Pantograph","Membership Card","Torii","Coffee Dripper","Smiling Mask","Darkstone Periapt","Red Mask","Gremlin Horn"],"acts_visited":["Exordium","TheCity"],"potions_floor_usage":[27],"damage_taken":[{"damage":2.0,"enemies":"Jaw Worm","floor":1.0,"turns":3.0},{"damage":7.0,"enemies":"Small Slimes","floor":2.0,"turns":2.0},{"damage":0.0,"enemies":"2 Louse","floor":3.0,"turns":3.0},{"damage":1.0,"enemies":"2 Fungi Beasts","floor":4.0,"turns":4.0},{"damage":3.0,"enemies":"3 Louse","floor":7.0,"turns":4.0},{"damage":0.0,"enemies":"Gremlin Nob","floor":11.0,"turns":2.0},{"damage":12.0,"enemies":"3 Sentries","floor":12.0,"turns":8.0},{"damage":26.0,"enemies":"Gremlin Nob","floor":14.0,"turns":4.0},{"damage":15.0,"enemies":"The Guardian","floor":16.0,"turns":11.0},{"damage":18.0,"enemies":"Spheric Guardian","floor":18.0,"turns":4.0},{"damage":1.0,"enemies":"2 Thieves","floor":19.0,"turns":4.0},{"damage":27.0,"enemies":"Snecko","floor":21.0,"turns":4.0},{"damage":24.0,"enemies":"Centurion and Healer","floor":22.0,"turns":5.0},{"damage":10,"enemies":"Masked Bandits","floor":27,"turns":5},{"damage":50,"enemies":"Chosen and Byrds","floor":29,"turns":7},{"damage":111,"enemies":"Champ","floor":33,"turns":10}],"seed_played":"-4857744833017736782","potions_obtained":[{"floor":1.0,"key":"Block Potion"},{"floor":3.0,"key":"DuplicationPotion"},{"floor":16.0,"key":"Swift Potion"},{"floor":19.0,"key":"Ancient Potion"},{"floor":22.0,"key":"FearPotion"},{"floor":27,"key":"Dexterity Potion"}],"is_trial":false,"path_per_floor":["M","M","M","M","?","R","M","R","T","?","?","E","$","E","R","B",null,"M","M","?","M","M","R","?","R","T","?","$","M","R","$","R","B"],"character_chosen":"IRONCLAD","items_purchased":["Membership Card","Corruption","Gremlin Horn"],"campfire_rested":0,"item_purchase_floors":[13,28,28],"current_hp_per_floor":[72,71,75,75,49,49,52,52,52,52,58,54,54,36,36,54,70,60,67,67,50,42,42,42,42,42,44,44,22,22,22,22,0,0],"gold":20,"neow_bonus":"THREE_RARE_CARDS","is_daily":false,"chose_seed":false,"campfire_upgraded":7,"win_rate":0.0,"timestamp":1614061977,"path_taken":["M","M","M","M","?","R","M","R","T","?","?","E","$","E","R","BOSS","M","M","?","M","M","R","?","R","T","?","$","M","R","?","R","BOSS"],"items_purchased_type":["Relic","Card","Relic"],"build_version":"2020-12-22","purchased_purges":0,"victory":false,"max_hp_per_floor":[75,75,75,75,75,75,75,75,75,75,75,75,75,75,75,75,75,75,75,75,75,75,75,75,75,75,75,75,75,75,75,75,75,75],"card_choices":[{"not_picked":["Limit Break","Brutality"],"picked":"Bludgeon","floor":0.0},{"not_picked":["Ghostly Armor","Twin Strike"],"picked":"Power Through","floor":1.0},{"not_picked":["Heavy Blade","Twin Strike"],"picked":"Ghostly Armor","floor":2.0},{"not_picked":["Dual Wield","Sword Boomerang"],"picked":"Armaments","floor":3.0},{"not_picked":["Sword Boomerang","Infernal Blade"],"picked":"Dark Embrace","floor":4.0},{"not_picked":["True Grit","Reaper","Anger"],"picked":"SKIP","floor":7.0},{"not_picked":["Sword Boomerang","Clash"],"picked":"Metallicize","floor":11.0},{"not_picked":["Shrug It Off","Warcry"],"picked":"Body Slam","floor":12.0},{"not_picked":["Anger","Twin Strike"],"picked":"Burning Pact","floor":14.0},{"not_picked":["Immolate","Bludgeon"],"picked":"Double Tap","floor":16.0},{"not_picked":["Ghostly Armor","Pummel"],"picked":"Shrug It Off","floor":18.0},{"not_picked":["Flex","Pommel Strike","Pummel"],"picked":"SKIP","floor":19.0},{"not_picked":["Burning Pact","Shrug It Off","Pommel Strike"],"picked":"SKIP","floor":21.0},{"not_picked":["Headbutt+1","Cleave","Dropkick"],"picked":"SKIP","floor":22.0},{"not_picked":["Iron Wave","Twin Strike"],"picked":"Intimidate","floor":27},{"not_picked":["Blood for Blood","Clothesline","Anger"],"picked":"SKIP","floor":29}],"player_experience":1014019,"relics_obtained":[{"floor":9.0,"key":"Mercury Hourglass"},{"floor":11.0,"key":"Blood Vial"},{"floor":12.0,"key":"Pantograph"},{"floor":14.0,"key":"Torii"},{"floor":26.0,"key":"Darkstone Periapt"},{"floor":27,"key":"Red Mask"}],"event_choices":[{"damage_healed":0.0,"max_hp_gain":0.0,"max_hp_loss":0.0,"gold_gain":0.0,"event_name":"Golden Idol","player_choice":"Take Damage","floor":5.0,"gold_loss":0.0,"damage_taken":26.0,"relics_obtained":["Golden Idol"]},{"damage_healed":0.0,"max_hp_gain":0.0,"max_hp_loss":0.0,"gold_gain":0.0,"event_name":"Liars Game","player_choice":"Ignored","floor":10.0,"gold_loss":0.0,"damage_taken":0.0},{"damage_healed":0.0,"max_hp_gain":0.0,"max_hp_loss":0.0,"gold_gain":0.0,"event_name":"Dead Adventurer","player_choice":"Searched \u00272\u0027 times","floor":11.0,"gold_loss":0.0,"damage_taken":0.0},{"damage_healed":0.0,"max_hp_gain":0.0,"max_hp_loss":0.0,"gold_gain":0.0,"event_name":"Vampires","player_choice":"Became a vampire (Vial)","floor":20.0,"relics_lost":["Blood Vial"],"gold_loss":0.0,"damage_taken":0.0,"cards_obtained":["Bite","Bite","Bite","Bite","Bite"]},{"damage_healed":0.0,"max_hp_gain":0.0,"max_hp_loss":0.0,"gold_gain":0.0,"event_name":"Addict","player_choice":"Obtained Relic","floor":24.0,"gold_loss":85.0,"damage_taken":0.0,"relics_obtained":["Smiling Mask"]},{"damage_healed":0,"gold_gain":0,"player_choice":"Fought Bandits","damage_taken":0,"max_hp_gain":0,"max_hp_loss":0,"event_name":"Masked Bandits","floor":27,"gold_loss":0}],"is_beta":false,"boss_relics":[{"not_picked":["SlaversCollar","Busted Crown"],"picked":"Coffee Dripper"}],"items_purged_floors":[],"is_endless":false,"potions_floor_spawned":[1,3,4,16,19,22,27],"killed_by":"Champ","ascension_level":20}}