{"host":"v4pe0ixo3k7iwzp0","time":1614071221,"event":{"mods":["BaseMod","Bestiary","Highlight Path","Minty Spire (QoL Compilation)","Railgun Mod","StSLib","The Senshi"],"gold_per_floor":[118,118,143,42,66,66,89,89,89,124,124,124,137,137,137,137,137],"floor_reached":16,"language":"ENG","playtime":1018,"items_purged":["Strike_P"],"score":125,"play_id":"b5cf8604-867d-4cae-9062-f50b8d1b4043","local_time":"20210223010701","is_ascension_mode":false,"campfire_choices":[{"floor":6,"key":"REST"},{"data":"Eruption","floor":15,"key":"SMITH"}],"circlet_count":0,"master_deck":["Strike_P","Defend_P","Defend_P","Defend_P","Defend_P","Eruption+1","Vigilance","ThirdEye","CutThroughFate","FlyingSleeves+1","Parasite","Protect","DeusExMachina"],"relics":["PureWater","Golden Idol","Pear","Molten Egg 2"],"acts_visited":["Exordium"],"potions_floor_usage":[10,10,16,16],"damage_taken":[{"damage":0,"enemies":"Small Slimes","floor":1,"turns":2},{"damage":7,"enemies":"2 Louse","floor":3,"turns":3},{"damage":0,"enemies":"Cultist","floor":5,"turns":3},{"damage":0,"enemies":"Blue Slaver","floor":7,"turns":3},{"damage":34,"enemies":"Lagavulin","floor":10,"turns":9},{"damage":1,"enemies":"Red Slaver","floor":13,"turns":3},{"damage":84,"enemies":"Hexaghost","floor":16,"turns":16}],"seed_played":"7171395009134289884","potions_obtained":[{"floor":3,"key":"FairyPotion"},{"floor":7,"key":"LiquidMemories"},{"floor":10,"key":"EntropicBrew"}],"is_trial":false,"path_per_floor":["M","?","M","$","M","R","M","$","T","E","?","?","M","?","R","B"],"character_chosen":"WATCHER","items_purchased":["CutThroughFate"],"campfire_rested":1,"item_purchase_floors":[4],"current_hp_per_floor":[79,60,53,53,53,76,76,76,86,52,74,67,66,66,66,8,8],"gold":137,"neow_bonus":"TEN_PERCENT_HP_BONUS","is_daily":false,"chose_seed":false,"campfire_upgraded":1,"win_rate":0.0,"timestamp":1614071221,"path_taken":["M","?","M","$","M","R","M","$","T","E","?","?","M","?","R","BOSS"],"items_purchased_type":["Card"],"build_version":"2020-12-22","purchased_purges":1,"victory":false,"max_hp_per_floor":[79,79,79,79,79,79,79,79,89,89,89,89,89,89,89,89,89],"card_choices":[{"not_picked":["CrushJoints","PathToVictory"],"picked":"ThirdEye","floor":1},{"not_picked":["ClearTheMind","FlurryOfBlows","PathToVictory"],"picked":"SKIP","floor":3},{"not_picked":["LessonLearned","Tantrum","Fasting2"],"picked":"SKIP","floor":5},{"not_picked":["Halt","FollowUp","ClearTheMind"],"picked":"SKIP","floor":7},{"not_picked":["Evaluate","ThirdEye"],"picked":"FlyingSleeves+1","floor":10},{"not_picked":["FlyingSleeves+1","Fasting2"],"picked":"Protect","floor":13}],"player_experience":196855,"relics_obtained":[{"floor":9,"key":"Pear"},{"floor":10,"key":"Molten Egg 2"}],"event_choices":[{"damage_healed":0,"gold_gain":0,"player_choice":"Take Damage","damage_taken":19,"relics_obtained":["Golden Idol"],"max_hp_gain":0,"max_hp_loss":0,"event_name":"Golden Idol","floor":2,"gold_loss":0},{"damage_healed":22,"gold_gain":0,"player_choice":"Healed and dodged fight","damage_taken":0,"max_hp_gain":0,"max_hp_loss":0,"event_name":"Mushrooms","floor":11,"gold_loss":0,"cards_obtained":["Parasite"]},{"cards_removed":["Strike_P"],"damage_healed":0,"gold_gain":0,"player_choice":"Card Removal","damage_taken":7,"max_hp_gain":0,"max_hp_loss":0,"event_name":"Golden Wing","floor":12,"gold_loss":0},{"damage_healed":0,"gold_gain":0,"cards_transformed":["Strike_P"],"player_choice":"Change","damage_taken":0,"max_hp_gain":0,"max_hp_loss":0,"event_name":"Living Wall","floor":14,"gold_loss":0,"cards_obtained":["DeusExMachina"]}],"is_beta":false,"boss_relics":[],"items_purged_floors":[4],"is_endless":false,"potions_floor_spawned":[3,7,10],"killed_by":"Hexaghost","ascension_level":0}}