{"host":"hfxahm4y1ssattqc","time":1614052090,"event":{"mods":["2.2 Compatiblity","Act Like it!","Aspiration","BaseMod","Beaked The Cultist","Better Third Choice","BetterRewards","Colored Map","Colored Powertips","Custom Start","Downfall","Googly Eyes","Halation","Hallownest","Hermit","Highlight Path","Hubris","Infinite Spire","Mimic Mod","Minty Spire (QoL Compilation)","Reorder Act Four","Replay The Spire","Shop Mod","Spikes Relics","StSLib","The Bug Knight","The IronCluck","The Jungle","Unknown Chances","slay the spire mod where everything is the same but ironclad has a cowboy hat"],"gold_per_floor":[111,65,65,140,160,160,193,193,246,259,289,289,289,299,299,400,400,412,426,376,301,504,504,519,534,560,560,560],"floor_reached":27,"language":"ENG","playtime":1193,"items_purged":[],"score":371,"play_id":"237acf53-0c21-4c08-b36c-5d77f526e115","local_time":"20210222194810","is_ascension_mode":false,"campfire_choices":[{"data":"Anger","floor":6.0,"key":"SMITH"},{"data":"Armaments","floor":8.0,"key":"SMITH"},{"data":"Armaments","floor":13.0,"key":"SMITH"},{"floor":15.0,"key":"REST"},{"floor":23,"key":"REST"}],"circlet_count":0,"master_deck":["Strike_R","Strike_R","Strike_R","Strike_R","Strike_R","Defend_R","Defend_R","Defend_R","Defend_R","Bash","Run Through","Armaments+1","Anger+1","Armaments+1","Cleave","Demon Form","Armaments","Twin Strike","Barricade"],"relics":["Burning Blood","Onion Ring","hubris:Towel","Red Skull","Replay:Wax Seal","infinitespire:Cupcake","Akabeko"],"acts_visited":["Exordium","TheCity"],"potions_floor_usage":[16,25],"damage_taken":[{"damage":6.0,"enemies":"Cultist","floor":1.0,"turns":3.0},{"damage":0.0,"enemies":"Small Slimes","floor":5.0,"turns":3.0},{"damage":18.0,"enemies":"Replay:BlueRogue","floor":7.0,"turns":4.0},{"damage":0.0,"enemies":"2 Louse","floor":10.0,"turns":2.0},{"damage":36.0,"enemies":"3 Sentries","floor":11.0,"turns":11.0},{"damage":3.0,"enemies":"Exordium Thugs","floor":14.0,"turns":3.0},{"damage":0,"enemies":"Slime Boss","floor":16,"turns":4},{"damage":19,"enemies":"Spheric Guardian","floor":18,"turns":4},{"damage":15,"enemies":"Cultist and Chosen","floor":19,"turns":5},{"damage":33,"enemies":"Sentry and Sphere","floor":24,"turns":6},{"damage":10,"enemies":"Snecko","floor":25,"turns":3},{"damage":39,"enemies":"Slavers","floor":27,"turns":3}],"seed_played":"4873400902339418303","potions_obtained":[{"floor":10.0,"key":"SmokeBomb"},{"floor":11.0,"key":"Swift Potion"},{"floor":14.0,"key":"DistilledChaos"},{"floor":18,"key":"sneckomod:MuddlingPotion"}],"is_trial":false,"path_per_floor":["M","$","?","?","M","R","E","R","T","M","E","?","R","M","R","B",null,"M","M","$","?","?","R","M","M","T","E"],"character_chosen":"IRONCLAD","items_purchased":["Onion Ring","Armaments","Armaments"],"campfire_rested":2,"item_purchase_floors":[0,2,20],"current_hp_per_floor":[80,80,80,69,75,75,63,63,63,69,39,59,59,62,80,80,80,67,58,58,58,39,62,35,31,31,0,0],"gold":560,"neow_bonus":"","is_daily":false,"chose_seed":false,"campfire_upgraded":3,"win_rate":0.0,"timestamp":1614052090,"path_taken":["M","$","?","?","M","R","E","R","T","M","E","?","R","M","R","BOSS","M","M","$","?","?","R","M","M","T","E"],"items_purchased_type":["Relic","Card","Card"],"build_version":"2020-12-22","purchased_purges":0,"victory":false,"max_hp_per_floor":[80,80,80,80,80,80,80,80,80,80,80,80,80,80,80,80,80,80,80,80,77,77,77,77,77,77,77,77],"card_choices":[{"not_picked":["Replay:Undeath\u0027s Touch","Pommel Strike"],"picked":"Run Through","floor":1.0},{"not_picked":["Pommel Strike","Body Slam"],"picked":"Anger","floor":5.0},{"not_picked":["Body Slam","True Grit"],"picked":"Armaments","floor":7.0},{"not_picked":["Sword Boomerang","ReplayTheSpireMod:Strike From Hell","Power Through"],"picked":"SKIP","floor":10.0},{"not_picked":["infinitespire:OneForAll","Immolate"],"picked":"Cleave","floor":11.0},{"not_picked":["Havoc","Sword Boomerang","True Grit"],"picked":"SKIP","floor":14.0},{"not_picked":["Berserk","Limit Break"],"picked":"Demon Form","floor":16},{"not_picked":["Replay:Undeath\u0027s Touch","Anger","Headbutt"],"picked":"SKIP","floor":18},{"not_picked":["Anger","Thunderclap","Shockwave"],"picked":"SKIP","floor":19},{"not_picked":["True Grit","Armaments"],"picked":"Twin Strike","floor":22},{"not_picked":["Clothesline","True Grit"],"picked":"Barricade","floor":24},{"not_picked":["Armaments","ReplayTheSpireMod:Strike From Hell+1","Pommel Strike"],"picked":"SKIP","floor":25}],"player_experience":983834,"relics_obtained":[{"floor":7.0,"key":"Red Skull"},{"floor":11.0,"key":"Replay:Wax Seal"},{"floor":26,"key":"Akabeko"}],"event_choices":[{"damage_healed":0.0,"max_hp_gain":0.0,"max_hp_loss":0.0,"gold_gain":75.0,"event_name":"betterThird:BetterGoop","player_choice":"Gold","floor":4.0,"gold_loss":0.0,"damage_taken":11.0},{"damage_healed":20.0,"max_hp_gain":0.0,"max_hp_loss":0.0,"gold_gain":0.0,"event_name":"Mushrooms","player_choice":"Healed and dodged fight","floor":12.0,"gold_loss":0.0,"damage_taken":0.0,"cards_obtained":["Parasite"]},{"cards_removed":["Parasite"],"damage_healed":0,"gold_gain":0,"player_choice":"Gave Gold","damage_taken":0,"max_hp_gain":0,"max_hp_loss":0,"event_name":"Beggar","floor":21,"gold_loss":75}],"is_beta":false,"boss_relics":[{"not_picked":["halation:PlatinumPhoenix","aspiration:PoetsPen_weak"],"picked":"infinitespire:Cupcake"}],"items_purged_floors":[],"is_endless":false,"potions_floor_spawned":[10,11,14,18],"killed_by":"Slavers","ascension_level":0}}