{"host":"cyiefo55v5hz1ih5","time":1614067342,"event":{"mods":["2.2 Compatiblity","AchievementEnabler","Act Like it!","Arknights","BaseMod","Downfall","GifTheSpireLib","Hubris","Minty Spire (QoL Compilation)","Reliquary","Replay The Spire","Spicy Shops","StSLib","The Marked"],"gold_per_floor":[99,110,125,145,145,145,222,222,14,34,66,80,80,80,95,95,95,95],"floor_reached":16,"language":"ENG","playtime":1530,"items_purged":["bronze:Strike"],"score":107,"play_id":"5ef69386-27f5-4fb1-9371-b88ea6d1b6e4","local_time":"20210223030222","is_ascension_mode":true,"campfire_choices":[{"data":"bronze:Goto","floor":1,"key":"SMITH"},{"data":"bronze:DazingPulse","floor":8,"key":"SMITH"},{"floor":13,"key":"REST"}],"circlet_count":0,"master_deck":["bronze:Strike","bronze:Strike","bronze:Strike","bronze:Defend","bronze:Defend","bronze:Defend","bronze:Defend","bronze:Replicate","bronze:Boost","bronze:Iterate","bronze:Flail","bronze:Spike","bronze:Flail","bronze:MaxOutput","bronze:CutThrough+1","bronze:FunctionCard"],"relics":["bronze:BronzeCore","Letter Opener","Replay:Wax Seal","reliquary:TatteredRug"],"acts_visited":["Exordium"],"potions_floor_usage":[9,11],"damage_taken":[{"damage":7,"enemies":"Small Slimes","floor":2,"turns":3},{"damage":1,"enemies":"Cultist","floor":3,"turns":3},{"damage":0,"enemies":"2 Louse","floor":4,"turns":2},{"damage":9,"enemies":"2 Louse","floor":5,"turns":4},{"damage":3,"enemies":"downfall:FleeingMerchant","floor":9,"turns":4},{"damage":5,"enemies":"downfall:LooterAlt","floor":10,"turns":2},{"damage":15,"enemies":"Gremlin Nob","floor":11,"turns":4},{"damage":7,"enemies":"Gremlin Gang","floor":12,"turns":2},{"damage":28,"enemies":"Exordium Wildlife","floor":15,"turns":7},{"damage":16,"enemies":"SI_SHIV_ARCHETYPE","floor":16,"turns":7}],"seed_played":"5381922267895089510","potions_obtained":[{"floor":3,"key":"PowerPotion"},{"floor":4,"key":"Adrenaline Potion"},{"floor":5,"key":"SpeedPotion"},{"floor":11,"key":"Ancient Potion"},{"floor":12,"key":"CultistPotion"}],"is_trial":false,"path_per_floor":["R","M","M","M","?","?","T","R","$","M","E","M","R","?","M","B"],"character_chosen":"THE_AUTOMATON","items_purchased":["Replay:Wax Seal","bronze:CutThrough+1"],"campfire_rested":1,"item_purchase_floors":[9,9],"current_hp_per_floor":[70,63,62,62,53,53,53,53,50,45,30,23,44,44,16,0,0,0],"gold":95,"neow_bonus":"ONE_RANDOM_RARE_CARD","is_daily":false,"chose_seed":false,"campfire_upgraded":2,"win_rate":0.0,"timestamp":1614067342,"path_taken":["R","M","M","M","?","?","T","R","$","?","E","?","R","?","M","BOSS"],"items_purchased_type":["Relic","Card"],"build_version":"2020-12-22","purchased_purges":1,"victory":false,"max_hp_per_floor":[70,70,70,70,70,70,70,70,70,70,70,70,70,70,70,70,70,70],"card_choices":[{"not_picked":["bronze:Invalidate","bronze:FineTuning"],"picked":"bronze:Boost","floor":2},{"not_picked":["bronze:Return","bronze:BugBarrage"],"picked":"bronze:Iterate","floor":3},{"not_picked":["bronze:DelayedGuard","bronze:Frontload"],"picked":"bronze:Flail","floor":4},{"not_picked":[],"picked":"bronze:Spike","floor":5},{"not_picked":[],"picked":"bronze:DazingPulse","floor":5},{"not_picked":["bronze:Separator","bronze:ItsAFeature"],"picked":"bronze:MaxOutput","floor":9},{"not_picked":["bronze:ForLoop","bronze:Return","bronze:BitShift"],"picked":"SKIP","floor":10},{"not_picked":["bronze:FineTuning","bronze:GetLatest","bronze:CloningBeam"],"picked":"SKIP","floor":11},{"not_picked":["bronze:TinkerersToolbox","bronze:BugBarrage"],"picked":"bronze:DarkDash","floor":12},{"not_picked":["bronze:BitShift","bronze:DelayedSlice","bronze:Overheat"],"picked":"SKIP","floor":15}],"player_experience":922552,"relics_obtained":[{"floor":7,"key":"Letter Opener"},{"floor":11,"key":"reliquary:TatteredRug"}],"event_choices":[],"is_beta":false,"boss_relics":[],"items_purged_floors":[9],"is_endless":false,"potions_floor_spawned":[3,4,5,11,12,15],"killed_by":"SI_SHIV_ARCHETYPE","ascension_level":1}}