{"host":"6rzd029finub32db","time":1614076099,"event":{"mods":["BaseMod","DeckTracker","Highlight Path","Minty Spire (QoL Compilation)","Relic Stats","StSLib","SuperFastMode"],"gold_per_floor":[117,43,43,57,6,37,37,37,37],"floor_reached":8,"language":"ENG","playtime":780,"items_purged":[],"score":57,"play_id":"55ff611e-0bf8-4040-8bb1-491cc989f1e5","local_time":"20210223112819","is_ascension_mode":true,"campfire_choices":[],"circlet_count":0,"master_deck":["Strike_B","Strike_B","Strike_B","Strike_B","Defend_B","Defend_B","Defend_B","Defend_B","Zap","Dualcast","Go for the Eyes","Coolheaded","Gash","Pain","Genetic Algorithm","Steam","Melter"],"relics":["Runic Dome","WarpedTongs","Blood Vial"],"acts_visited":["Exordium"],"potions_floor_usage":[8],"damage_taken":[{"damage":4,"enemies":"Small Slimes","floor":1,"turns":3},{"damage":3,"enemies":"Cultist","floor":4,"turns":3},{"damage":55,"enemies":"3 Sentries","floor":6,"turns":13},{"damage":20,"enemies":"Gremlin Nob","floor":8,"turns":4}],"seed_played":"3888410297727329089","potions_obtained":[{"floor":4,"key":"DuplicationPotion"}],"is_trial":false,"path_per_floor":["M","$","?","M","$","E","?","E"],"character_chosen":"DEFECT","items_purchased":["Coolheaded","Gash","Steam"],"campfire_rested":0,"item_purchase_floors":[2,2,5],"current_hp_per_floor":[71,71,71,68,68,13,18,0,0],"gold":37,"neow_bonus":"BOSS_RELIC","is_daily":false,"chose_seed":false,"campfire_upgraded":0,"win_rate":0.0,"timestamp":1614076099,"path_taken":["M","$","?","?","?","E","?","E"],"items_purchased_type":["Card","Card","Card"],"build_version":"2020-12-22","purchased_purges":0,"victory":false,"max_hp_per_floor":[75,75,75,75,75,75,80,80,80],"relic_stats":{"Blood Vial":2,"counters":[4,23],"obtain_stats":[{"Blood Vial":6,"Runic Dome":0,"Cracked Core":0,"WarpedTongs":3},{"Blood Vial":3,"Runic Dome":0,"Cracked Core":0,"WarpedTongs":1},{"Blood Vial":19,"Runic Dome":0,"Cracked Core":0,"WarpedTongs":3}],"WarpedTongs":[19]},"card_choices":[{"not_picked":["Leap","Darkness"],"picked":"Go for the Eyes","floor":1},{"not_picked":["Chill","Beam Cell"],"picked":"Genetic Algorithm","floor":4},{"not_picked":["Barrage","Compile Driver"],"picked":"Melter","floor":6}],"player_experience":23918,"relics_obtained":[{"floor":6,"key":"Blood Vial"}],"event_choices":[{"damage_healed":0,"gold_gain":0,"player_choice":"Rummage","damage_taken":0,"relics_obtained":["WarpedTongs"],"max_hp_gain":0,"max_hp_loss":0,"event_name":"Accursed Blacksmith","floor":3,"gold_loss":0,"cards_obtained":["Pain"]},{"damage_healed":0,"gold_gain":0,"player_choice":"Donut","damage_taken":0,"max_hp_gain":5,"max_hp_loss":0,"event_name":"Big Fish","floor":7,"gold_loss":0}],"is_beta":false,"boss_relics":[],"items_purged_floors":[],"is_endless":false,"potions_floor_spawned":[4],"killed_by":"Gremlin Nob","ascension_level":1}}