{"host":"jh7kh5nqtgzr3auj","time":1614086208,"event":{"mods":["AchievementEnabler","Act Like it!","BaseMod","Colored Powertips","Downfall","Good Game Mod","Minty Spire (QoL Compilation)","Quick Restart","Relic Stats","Replay The Spire","StSLib","TestMod","WarShipGirlsR/’ΩΩ¢…Ÿ≈ÆR mod"],"gold_per_floor":[99,117,117,34,34,47,47,80,80,80,98,98,124,144,161,257,257,157,169,169,179,194,194,194],"floor_reached":23,"language":"ZHS","playtime":2029,"items_purged":[],"score":249,"play_id":"8536b78d-7396-44ed-8e30-6e29392359fe","local_time":"20210223211648","is_ascension_mode":true,"campfire_choices":[{"data":"hexamod:Strike","floor":1.0,"key":"PURGE"},{"floor":10.0,"key":"RECALL"},{"data":"hexamod:EtherealExpedition","floor":12.0,"key":"SMITH"},{"floor":18.0,"key":"DIG"}],"circlet_count":0,"master_deck":["hexamod:Defend","hexamod:Defend","hexamod:Defend","hexamod:Defend","hexamod:Sear","hexamod:Float","Guardian:Suspension","hexamod:EtherealExpedition+1","hexamod:BurningTouch","hexamod:EtherealExpedition","hexamod:Haunt","hexamod:ForkedFlame","hexamod:GhostLash","Clumsy","hexamod:GhostOfSpirePresent+1","hexamod:GhostShield","hexamod:GhostOfSpirePast+1","hexamod:FirstSeal","hexamod:GhostOfSpireFuture+1","hexamod:VolcanoVisage+1","hexamod:FourthSeal","hexamod:ThirdSeal"],"relics":["REME:ComplimentaryCards","testmod-TestBox","ChewingGum","testmod-Maize","ReplayTheSpireMod:TigerMarble","downfall:BrokenWingStatue","Blue Candle","Frozen Egg 2","Juzu Bracelet","testmod-IncinerationGenerator","downfall:HeartBlessingRed","testmod-ConstraintPeriapt"],"acts_visited":["Exordium","TheCity"],"potions_floor_usage":[22,22,23],"damage_taken":[{"damage":0.0,"enemies":"Cultist","floor":2.0,"turns":3.0},{"damage":0.0,"enemies":"downfall:FleeingMerchant","floor":4.0,"turns":4.0},{"damage":7.0,"enemies":"Jaw Worm","floor":6.0,"turns":3.0},{"damage":27.0,"enemies":"Gremlin Nob","floor":8.0,"turns":4.0},{"damage":0.0,"enemies":"2 Louse","floor":11.0,"turns":3.0},{"damage":0.0,"enemies":"Lagavulin","floor":13.0,"turns":3.0},{"damage":0.0,"enemies":"Red Slaver","floor":14.0,"turns":3.0},{"damage":0.0,"enemies":"downfall:LooterAlt","floor":15.0,"turns":2.0},{"damage":1.0,"enemies":"DF_ARCHETYPE_STREAMLINE","floor":16.0,"turns":8.0},{"damage":0.0,"enemies":"downfall:LooterAlt2","floor":19.0,"turns":4.0},{"damage":7.0,"enemies":"3 Byrds","floor":21.0,"turns":4.0},{"damage":24,"enemies":"Snake Plant","floor":22,"turns":4},{"damage":25,"enemies":"Gremlin Leader","floor":23,"turns":3}],"seed_played":"3841432530314081359","potions_obtained":[{"floor":8.0,"key":"ColorlessPotion"},{"floor":11.0,"key":"testmod-TestPotion"},{"floor":14.0,"key":"BlessingOfTheForge"},{"floor":15.0,"key":"Fruit Juice"},{"floor":19.0,"key":"SneckoOil"},{"floor":21.0,"key":"LiquidBronze"},{"floor":22,"key":"testmod-SpacePotion"}],"is_trial":false,"path_per_floor":["R","M","?","$","?","M","T","E","?","R","M","R","E","M","M","B",null,"R","M","?","M","M","E"],"character_chosen":"THE_SPIRIT","items_purchased":["hexamod:EtherealExpedition"],"campfire_rested":0,"item_purchase_floors":[4],"current_hp_per_floor":[70,70,58,58,58,51,51,24,24,24,24,24,24,24,36,42,75,75,75,75,68,52,27,27],"gold":194,"neow_bonus":"BOSS_RELIC","is_daily":false,"chose_seed":false,"campfire_upgraded":1,"win_rate":0.0,"timestamp":1614086208,"path_taken":["R","M","?","$","?","M","T","E","?","R","M","R","E","M","M","BOSS","R","M","?","M","M","E"],"items_purchased_type":["Card"],"build_version":"2020-12-22","purchased_purges":0,"victory":false,"max_hp_per_floor":[70,70,70,70,70,70,70,70,70,70,70,70,70,70,75,75,75,75,75,75,75,75,75,75],"relic_stats":{"counters":[13,48],"Blue Candle":[0],"Juzu Bracelet":0,"obtain_stats":[{"testmod-Maize":0,"testmod-TestBox":0,"downfall:HeartBlessingRed":18,"Blue Candle":7,"testmod-IncinerationGenerator":17,"Juzu Bracelet":13,"Frozen Egg 2":8,"testmod-ConstraintPeriapt":18,"REME:ComplimentaryCards":0,"downfall:BrokenWingStatue":5,"ChewingGum":0,"ReplayTheSpireMod:TigerMarble":3,"hexamod:SpiritBrand":0},{"testmod-Maize":0,"testmod-TestBox":0,"downfall:HeartBlessingRed":9,"Blue Candle":3,"testmod-IncinerationGenerator":9,"Juzu Bracelet":6,"Frozen Egg 2":4,"testmod-ConstraintPeriapt":9,"REME:ComplimentaryCards":0,"downfall:BrokenWingStatue":2,"ChewingGum":0,"ReplayTheSpireMod:TigerMarble":1,"hexamod:SpiritBrand":0},{"testmod-Maize":0,"testmod-TestBox":0,"downfall:HeartBlessingRed":33,"Blue Candle":10,"testmod-IncinerationGenerator":33,"Juzu Bracelet":20,"Frozen Egg 2":14,"testmod-ConstraintPeriapt":33,"REME:ComplimentaryCards":0,"downfall:BrokenWingStatue":7,"ChewingGum":0,"ReplayTheSpireMod:TigerMarble":3,"hexamod:SpiritBrand":0}]},"card_choices":[{"not_picked":["hexamod:Haunt","hexamod:GhostflameBarrier"],"picked":"hexamod:EtherealExpedition","floor":2.0},{"not_picked":["hexamod:HeatMetal","hexamod:RainOfEmbers"],"picked":"hexamod:BurningTouch","floor":4.0},{"not_picked":["hexamod:PhantomFireball","hexamod:RetreatToShadows","hexamod:FastForward"],"picked":"SKIP","floor":6.0},{"not_picked":["hexamod:EmpoweredFlame+1","hexamod:PowerFromBeyond"],"picked":"hexamod:Haunt","floor":8.0},{"not_picked":["hexamod:HeatShield","hexamod:Firestarter"],"picked":"hexamod:GhostShield","floor":11.0},{"not_picked":["hexamod:SuperheatedStrike","hexamod:NightmareGuise"],"picked":"hexamod:GhostOfSpirePast+1","floor":13.0},{"not_picked":["hexamod:GhostLash","hexamod:SoulSteal"],"picked":"hexamod:FirstSeal","floor":14.0},{"not_picked":["hexamod:SuperheatedStrike","hexamod:RetreatToShadows"],"picked":"hexamod:GhostOfSpireFuture+1","floor":15.0},{"not_picked":["hexamod:Toasty","hexamod:SearingWound"],"picked":"hexamod:VolcanoVisage+1","floor":16.0},{"not_picked":["hexamod:EmpoweredFlame+1","hexamod:ThermalTransfer"],"picked":"hexamod:FourthSeal","floor":19.0},{"not_picked":["hexamod:SoulSteal","hexamod:NecessarySacrifice"],"picked":"hexamod:ThirdSeal","floor":21.0},{"not_picked":["hexamod:Firestarter+1","hexamod:ChargedBarrage","hexamod:StepThrough+1"],"picked":"SKIP","floor":22},{"not_picked":["hexamod:ShieldOfDarkness","hexamod:FourthSeal","hexamod:Firestarter+1"],"picked":"SKIP","floor":22}],"player_experience":304686,"relics_obtained":[{"floor":7.0,"key":"Blue Candle"},{"floor":8.0,"key":"Frozen Egg 2"},{"floor":13.0,"key":"Juzu Bracelet"},{"floor":18.0,"key":"testmod-ConstraintPeriapt"}],"event_choices":[{"damage_healed":0.0,"max_hp_gain":0.0,"max_hp_loss":0.0,"gold_gain":0.0,"event_name":"Scrap Ooze","player_choice":"Success","floor":3.0,"gold_loss":0.0,"damage_taken":12.0,"relics_obtained":["ReplayTheSpireMod:TigerMarble"]}],"is_beta":false,"boss_relics":[{"not_picked":["Honey Jar","Calling Bell"],"picked":"testmod-IncinerationGenerator"}],"items_purged_floors":[],"is_endless":false,"potions_floor_spawned":[8,11,14,15,19],"killed_by":"Gremlin Leader","ascension_level":2}}