{"host":"rykcscnxwcosqdkz","time":1614099560,"event":{"mods":["BaseMod","Conspire","DeckTracker","Downfall","GifTheSpireLib","Hubris","Infinite Spire","JesterMod","Luminous","Minty Spire (QoL Compilation)","Reliquary","Replay The Spire","Shade Mod","StSLib","Stuff the Spire","The Alterego","TheSwordswoman"],"gold_per_floor":[112,214,214,228,239,239,114,144,167,167,186,86,103,116,116,215,215,233,74,174,186,115,145,145,165,213,213,226,239,239,239,239],"floor_reached":31,"language":"ENG","playtime":1350,"items_purged":["Shade:Strike_Shade","Shade:Strike_Shade"],"score":307,"play_id":"99249432-72c3-4d37-8f9e-67ab583b9147","local_time":"20210223175920","is_ascension_mode":false,"campfire_choices":[{"data":"Shade:AnimateDead","floor":6,"key":"SMITH"},{"floor":15,"key":"REST"},{"floor":24,"key":"REST"}],"circlet_count":0,"master_deck":["Shade:Defend_Shade","Shade:Defend_Shade","Shade:Defend_Shade","Shade:Defend_Shade","Shade:AnimateDead+1","Shade:CarefulCut","Shade:AuraOfUnlife","Shade:Trample","Shade:FreshBones","StuffTheSpire:Innocence","Shade:FreshBones","Shade:CommandSoldier","Shade:SensePrey","Shade:CommandSoldier","Shade:Putrefaction","Shade:PressTheAttack","Shade:LichForm","Shade:SensePrey","Shade:FuneraryArmor","Shade:FuneraryArmor","Shade:Haruspicy"],"relics":["Shade:YorickSkull","Potion Belt","reliquary:SharkskinSheath","Vajra","hubris:HollowSoul","hubris:Metronome","reliquary:Aerogel"],"acts_visited":["Exordium","TheCity"],"potions_floor_usage":[25,31,31,31],"damage_taken":[{"damage":0,"enemies":"Cultist","floor":1,"turns":4},{"damage":0,"enemies":"Small Slimes","floor":4,"turns":6},{"damage":0,"enemies":"2 Louse","floor":5,"turns":2},{"damage":1,"enemies":"Gremlin Nob","floor":8,"turns":4},{"damage":4,"enemies":"2 Fungi Beasts","floor":11,"turns":3},{"damage":0,"enemies":"Blue Slaver","floor":13,"turns":3},{"damage":0,"enemies":"Exordium Thugs","floor":14,"turns":3},{"damage":0,"enemies":"The Guardian","floor":16,"turns":7},{"damage":20,"enemies":"2 Thieves","floor":18,"turns":3},{"damage":6,"enemies":"Chosen","floor":21,"turns":4},{"damage":15,"enemies":"Gremlin Leader","floor":23,"turns":6},{"damage":11,"enemies":"Centurion and Healer","floor":25,"turns":5},{"damage":12,"enemies":"Colosseum Slavers","floor":27,"turns":4},{"damage":9,"enemies":"Snake Plant","floor":28,"turns":4},{"damage":7,"enemies":"Snecko","floor":29,"turns":5},{"damage":14,"enemies":"Sentry and Sphere","floor":31,"turns":2}],"seed_played":"-3674558794884025527","potions_obtained":[{"floor":5,"key":"DistilledChaos"},{"floor":11,"key":"LiquidMemories"},{"floor":13,"key":"Doom Potion"},{"floor":14,"key":"Doom Potion"},{"floor":18,"key":"Languid Potion"},{"floor":28,"key":"PowerPotion"}],"is_trial":false,"path_per_floor":["M","?","?","M","M","R","$","E","T","?","M","$","M","M","R","B",null,"M","$","?","M","$","E","R","M","T","?","M","M","?","M"],"character_chosen":"SHADE","items_purchased":["Shade:CommandSoldier","Shade:Putrefaction","Shade:PressTheAttack"],"campfire_rested":2,"item_purchase_floors":[7,19,22],"current_hp_per_floor":[65,49,42,42,42,42,42,41,41,41,37,37,37,37,56,56,65,45,45,45,39,39,24,43,32,32,20,11,4,4,0,0],"gold":239,"neow_bonus":"THREE_CARDS","is_daily":false,"chose_seed":false,"campfire_upgraded":1,"win_rate":0.0,"timestamp":1614099560,"path_taken":["M","?","?","M","M","R","$","E","T","?","M","?","M","M","R","BOSS","M","?","?","?","?","E","R","M","T","?","M","M","?","M"],"items_purchased_type":["Card","Card","Card"],"build_version":"2020-12-22","purchased_purges":2,"victory":false,"max_hp_per_floor":[65,65,65,65,65,65,65,65,65,65,65,65,65,65,65,65,65,65,65,65,65,65,65,65,65,65,65,65,65,65,65,65],"card_choices":[{"not_picked":["Shade:FleshLikeOak","Shade:Premonition"],"picked":"Shade:AuraOfUnlife","floor":0},{"not_picked":["Shade:Brains","Shade:FeralStrike"],"picked":"Shade:Trample","floor":1},{"not_picked":["Shade:FuneraryArmor","Shade:PressTheAttack"],"picked":"Shade:FreshBones","floor":2},{"not_picked":["Shade:Bonestorm","Shade:FeralStrike","Shade:CallWraith"],"picked":"SKIP","floor":4},{"not_picked":["Shade:CloudOfShrapnel","Shade:BoneShards"],"picked":"Shade:FreshBones","floor":5},{"not_picked":["Shade:Frenzy","Shade:Patience","Shade:Premonition"],"picked":"SKIP","floor":8},{"not_picked":["Shade:OfferingToTheBeyond","Shade:ExtraLimbs"],"picked":"Shade:SensePrey","floor":11},{"not_picked":["Shade:Patience","Shade:AblativeArmor"],"picked":"Shade:CommandSoldier","floor":13},{"not_picked":["Shade:Brains","Shade:Patience","Shade:ExtraLimbs"],"picked":"SKIP","floor":14},{"not_picked":["Shade:AncientSpear","Shade:Brains+1","Shade:PoundOfFlesh"],"picked":"SKIP","floor":18},{"not_picked":["Shade:BoneShards","Shade:Awaken","Shade:Haruspicy+1"],"picked":"SKIP","floor":21},{"not_picked":["Shade:Premonition","Shade:Excise"],"picked":"Shade:LichForm","floor":23},{"not_picked":["Shade:GreyBargain","Shade:Trample+1","Shade:CoffinDance"],"picked":"SKIP","floor":25},{"not_picked":["Shade:CallWraith+1","Shade:ClawBack"],"picked":"Shade:SensePrey","floor":28},{"not_picked":["Shade:Frenzy","Shade:Bite_Shade"],"picked":"Shade:FuneraryArmor","floor":29}],"player_experience":117187,"relics_obtained":[{"floor":2,"key":"Potion Belt"},{"floor":8,"key":"reliquary:SharkskinSheath"},{"floor":9,"key":"Vajra"},{"floor":23,"key":"hubris:Metronome"},{"floor":26,"key":"reliquary:Aerogel"}],"event_choices":[{"damage_healed":0,"gold_gain":0,"player_choice":"Ignored","damage_taken":0,"max_hp_gain":0,"max_hp_loss":0,"event_name":"Liars Game","floor":10,"gold_loss":0},{"damage_healed":0,"gold_gain":100,"player_choice":"Pray","damage_taken":0,"max_hp_gain":0,"max_hp_loss":0,"event_name":"Golden Shrine","floor":20,"gold_loss":0},{"damage_healed":0,"gold_gain":0,"player_choice":"Fight","damage_taken":0,"max_hp_gain":0,"max_hp_loss":0,"event_name":"Colosseum","floor":27,"gold_loss":0},{"damage_healed":0,"gold_gain":0,"player_choice":"Fled From Nobs","damage_taken":0,"max_hp_gain":0,"max_hp_loss":0,"event_name":"Colosseum","floor":27,"gold_loss":0},{"damage_healed":0,"gold_gain":0,"cards_transformed":["Shade:Strike_Shade","Shade:Strike_Shade"],"player_choice":"Became Test Subject","damage_taken":0,"max_hp_gain":0,"max_hp_loss":0,"event_name":"Drug Dealer","floor":30,"gold_loss":0,"cards_obtained":["Shade:FuneraryArmor","Shade:Haruspicy"]}],"is_beta":false,"boss_relics":[{"not_picked":["Kintsugi","conspire:RoyalGoblet"],"picked":"hubris:HollowSoul"}],"items_purged_floors":[7,12],"is_endless":false,"potions_floor_spawned":[5,11,13,14,18,27,28,29],"killed_by":"Sentry and Sphere","ascension_level":0}}