{"host":"d52brwsy6af8zvaq","time":1614123108,"event":{"mods":["AchievementEnabler","BaseMod","Bestiary","Highlight Path","Minty Spire (QoL Compilation)","Quick Restart","Relic Stats","ojb\u0027s Better Paths Mod"],"gold_per_floor":[115,125,144,162,178,178,209,209,209,223,223,223,250,250,250,329,329,329,153,153,153,98,98,98,98,98,98,98,98,98,98,98,98,98,98,98,18,18,18,18,18],"floor_reached":40,"language":"ENG","playtime":2272,"items_purged":["Strike_B"],"score":1166,"play_id":"aed5259f-bf17-4a54-a359-4264e6447d11","local_time":"20210223163148","is_ascension_mode":true,"campfire_choices":[{"data":"Zap","floor":6.0,"key":"SMITH"},{"data":"Sweeping Beam","floor":8.0,"key":"SMITH"},{"data":"Dualcast","floor":12.0,"key":"SMITH"},{"data":"Echo Form","floor":15.0,"key":"SMITH"},{"data":"Panacea","floor":24.0,"key":"SMITH"},{"data":"Coolheaded","floor":32.0,"key":"SMITH"}],"circlet_count":0,"master_deck":["AscendersBane","Defend_B","Defend_B","Defend_B+1","Defend_B","Zap+1","Dualcast+1","Self Repair","Echo Form+1","Steam+1","Glacier","Sweeping Beam+1","Skim","Coolheaded+1","Biased Cognition+1","Undo","Panacea+1","Cold Snap","Ball Lightning","Coolheaded","Turbo","Lockon","Rebound","RitualDagger","Hyperbeam","Hologram+1","Recycle","Defragment+1","Leap+1"],"relics":["Cracked Core","Bag of Preparation","Orichalcum","Pen Nib","Frozen Egg 2","Ectoplasm","Mercury Hourglass","War Paint","PreservedInsect","Omamori","Empty Cage"],"acts_visited":["Exordium","TheCity","TheBeyond"],"potions_floor_usage":[],"damage_taken":[{"damage":6.0,"enemies":"Small Slimes","floor":1.0,"turns":3.0},{"damage":1.0,"enemies":"2 Louse","floor":2.0,"turns":4.0},{"damage":6.0,"enemies":"Cultist","floor":3.0,"turns":3.0},{"damage":5.0,"enemies":"Gremlin Gang","floor":4.0,"turns":10.0},{"damage":9.0,"enemies":"Large Slime","floor":5.0,"turns":11.0},{"damage":22.0,"enemies":"3 Sentries","floor":7.0,"turns":9.0},{"damage":5.0,"enemies":"2 Fungi Beasts","floor":10.0,"turns":3.0},{"damage":15.0,"enemies":"Gremlin Nob","floor":13.0,"turns":4.0},{"damage":0.0,"enemies":"The Guardian","floor":16.0,"turns":15.0},{"damage":9.0,"enemies":"Chosen","floor":18.0,"turns":9.0},{"damage":11.0,"enemies":"3 Byrds","floor":21.0,"turns":8.0},{"damage":25.0,"enemies":"Gremlin Leader","floor":23.0,"turns":10.0},{"damage":24.0,"enemies":"Slavers","floor":25.0,"turns":8.0},{"damage":0.0,"enemies":"Gremlin Leader","floor":27.0,"turns":8.0},{"damage":6.0,"enemies":"Shelled Parasite and Fungi","floor":28.0,"turns":9.0},{"damage":13.0,"enemies":"Centurion and Healer","floor":30.0,"turns":9.0},{"damage":11.0,"enemies":"Snake Plant","floor":31.0,"turns":5.0},{"damage":0.0,"enemies":"Automaton","floor":33.0,"turns":10.0},{"damage":16.0,"enemies":"3 Darklings","floor":35.0,"turns":5.0},{"damage":14.0,"enemies":"Orb Walker","floor":36.0,"turns":4.0},{"damage":16.0,"enemies":"Sphere and 2 Shapes","floor":39.0,"turns":6.0},{"damage":30,"enemies":"Nemesis","floor":40,"turns":4}],"seed_played":"8894785412628865160","potions_obtained":[{"floor":1.0,"key":"Ancient Potion"},{"floor":2.0,"key":"SpeedPotion"},{"floor":7.0,"key":"FocusPotion"},{"floor":13.0,"key":"Fire Potion"},{"floor":21.0,"key":"Energy Potion"},{"floor":27.0,"key":"Explosive Potion"},{"floor":28.0,"key":"Fire Potion"},{"floor":39.0,"key":"EssenceOfSteel"}],"is_trial":false,"path_per_floor":["M","M","M","M","M","R","E","R","T","M","?","R","E","?","R","B",null,"M","$","?","M","$","E","R","E","T","E","M","?","M","M","R","B",null,"M","M","$","?","M","E"],"character_chosen":"DEFECT","items_purchased":["Panacea","Ball Lightning","Defragment+1"],"campfire_rested":0,"item_purchase_floors":[19,22,37],"current_hp_per_floor":[65,71,72,74,72,72,57,57,57,59,41,41,33,33,33,40,69,74,74,74,77,77,59,59,49,49,49,57,51,52,41,41,48,71,62,48,48,48,39,9,9],"gold":18,"neow_bonus":"TEN_PERCENT_HP_BONUS","is_daily":false,"chose_seed":false,"campfire_upgraded":6,"win_rate":0.0,"timestamp":1614123108,"path_taken":["M","M","M","M","M","R","E","R","T","M","?","R","E","?","R","BOSS","M","$","?","M","?","E","R","E","T","E","?","?","M","M","R","BOSS","M","M","$","?","M","E"],"items_purchased_type":["Card","Card","Card"],"build_version":"2020-12-22","purchased_purges":1,"victory":false,"max_hp_per_floor":[78,78,78,78,78,78,78,78,78,78,78,78,78,78,78,78,78,78,78,78,78,78,78,78,78,78,78,78,78,78,78,78,78,78,78,78,78,78,78,78,78],"relic_stats":{"counters":[22,157],"Pen Nib":[14],"Ectoplasm":315,"PreservedInsect":99,"Bag of Preparation":[32],"Orichalcum":[120],"War Paint":["Steam","Defend_B"],"obtain_stats":[{"Pen Nib":11,"Ectoplasm":17,"PreservedInsect":26,"Bag of Preparation":7,"Omamori":27,"Orichalcum":9,"Frozen Egg 2":13,"War Paint":25,"Cracked Core":0,"Empty Cage":34,"Mercury Hourglass":23},{"Pen Nib":7,"Ectoplasm":9,"PreservedInsect":13,"Bag of Preparation":6,"Omamori":14,"Orichalcum":6,"Frozen Egg 2":8,"War Paint":13,"Cracked Core":0,"Empty Cage":18,"Mercury Hourglass":12},{"Pen Nib":43,"Ectoplasm":62,"PreservedInsect":97,"Bag of Preparation":40,"Omamori":105,"Orichalcum":40,"Frozen Egg 2":47,"War Paint":97,"Cracked Core":0,"Empty Cage":138,"Mercury Hourglass":89}],"Mercury Hourglass":[279]},"card_choices":[{"not_picked":["Conserve Battery","Sweeping Beam"],"picked":"Self Repair","floor":1.0},{"not_picked":["Redo","Rebound"],"picked":"Echo Form","floor":2.0},{"not_picked":["Darkness","Redo"],"picked":"Steam","floor":3.0},{"not_picked":["Go for the Eyes","Cold Snap"],"picked":"Glacier","floor":4.0},{"not_picked":["Turbo","Compile Driver"],"picked":"Sweeping Beam","floor":5.0},{"not_picked":["Reboot","Hello World","Barrage"],"picked":"SKIP","floor":7.0},{"not_picked":["Gash","Blizzard"],"picked":"Skim","floor":10.0},{"not_picked":["Recycle","Sweeping Beam"],"picked":"Coolheaded","floor":13.0},{"not_picked":["Creative AI+1","Amplify"],"picked":"Biased Cognition+1","floor":16.0},{"not_picked":["Rebound","Chaos"],"picked":"Undo","floor":18.0},{"not_picked":["Coolheaded","Steam"],"picked":"Cold Snap","floor":21.0},{"not_picked":["Melter","Redo"],"picked":"Coolheaded","floor":23.0},{"not_picked":["Fission","Blizzard"],"picked":"Turbo","floor":25.0},{"not_picked":["White Noise","Barrage"],"picked":"Lockon","floor":27.0},{"not_picked":["Self Repair+1","Gash"],"picked":"Rebound","floor":28.0},{"not_picked":["Steam","Darkness","Auto Shields"],"picked":"SKIP","floor":30.0},{"not_picked":["Hologram","Gash","Sweeping Beam"],"picked":"SKIP","floor":31.0},{"not_picked":["Meteor Strike","Reboot"],"picked":"Hyperbeam","floor":33.0},{"not_picked":["Steam","Barrage"],"picked":"Hologram+1","floor":35.0},{"not_picked":["Stack","Self Repair+1"],"picked":"Recycle","floor":36.0},{"not_picked":["Lockon","Barrage"],"picked":"Leap+1","floor":39.0}],"player_experience":2352860,"relics_obtained":[{"floor":7.0,"key":"Bag of Preparation"},{"floor":9.0,"key":"Orichalcum"},{"floor":13.0,"key":"Frozen Egg 2"},{"floor":23.0,"key":"Mercury Hourglass"},{"floor":25.0,"key":"War Paint"},{"floor":26.0,"key":"PreservedInsect"},{"floor":27.0,"key":"Omamori"}],"event_choices":[{"damage_healed":0.0,"max_hp_gain":0.0,"max_hp_loss":0.0,"gold_gain":0.0,"event_name":"Scrap Ooze","player_choice":"Success","floor":11.0,"gold_loss":0.0,"damage_taken":18.0,"relics_obtained":["Pen Nib"]},{"damage_healed":0.0,"max_hp_gain":0.0,"max_hp_loss":0.0,"gold_gain":0.0,"event_name":"Liars Game","player_choice":"Ignored","floor":14.0,"gold_loss":0.0,"damage_taken":0.0},{"cards_removed":["Strike_B"],"damage_healed":0.0,"max_hp_gain":0.0,"max_hp_loss":0.0,"gold_gain":0.0,"event_name":"Bonfire Elementals","player_choice":"Offered Basic","floor":20.0,"gold_loss":0.0,"damage_taken":0.0},{"damage_healed":0.0,"max_hp_gain":0.0,"max_hp_loss":0.0,"gold_gain":0.0,"event_name":"Nest","player_choice":"Joined the Cult","floor":29.0,"gold_loss":0.0,"damage_taken":6.0,"cards_obtained":["RitualDagger"]},{"damage_healed":0.0,"max_hp_gain":0.0,"max_hp_loss":0.0,"gold_gain":0.0,"event_name":"Mysterious Sphere","player_choice":"Ignored","floor":38.0,"gold_loss":0.0,"damage_taken":0.0}],"is_beta":false,"boss_relics":[{"not_picked":["Runic Dome","Busted Crown"],"picked":"Ectoplasm"},{"not_picked":["Sozu","Velvet Choker"],"picked":"Empty Cage"}],"items_purged_floors":[19],"is_endless":false,"potions_floor_spawned":[1,2,7,13,21,27,28,31,39],"killed_by":"Nemesis","ascension_level":20}}