{"host":"92kgk6frc09v07nq","time":1614103097,"event":{"mods":["BaseMod","Minty Spire (QoL Compilation)"],"gold_per_floor":[116,116,129,2,58,86,86,114,114,114,173,173,173,192,192,287,287,306,306,266,279,295,295,327,327,327,346,346,362,372,388,388,493,493,507,359,359,371,389,389,421,432,732,732,732,759,759,809,809,809,809,809,127,157,157,157],"floor_reached":55,"language":"ENG","playtime":2120,"items_purged":["Strike_P","Strike_P"],"score":1029,"play_id":"36e4a8fb-d3f3-4a6b-bd0c-e8afc86aa09c","local_time":"20210223115817","is_ascension_mode":true,"campfire_choices":[{"data":"Eruption","floor":7.0,"key":"SMITH"},{"floor":13.0,"key":"REST"},{"data":"BattleHymn","floor":15.0,"key":"SMITH"},{"data":"Omniscience","floor":23.0,"key":"SMITH"},{"data":"Establishment","floor":25.0,"key":"SMITH"},{"floor":32.0,"key":"REST"},{"floor":40.0,"key":"REST"},{"floor":45.0,"key":"REST"},{"floor":49.0,"key":"RECALL"},{"data":"WaveOfTheHand","floor":52.0,"key":"SMITH"}],"circlet_count":0,"master_deck":["Strike_P+1","Defend_P","Defend_P","Defend_P","Defend_P","Eruption+1","Vigilance","Crescendo+1","SashWhip+1","SashWhip+1","EmptyFist+1","BattleHymn+1","SashWhip+1","Omniscience+1","BowlingBash+1","EmptyBody+1","Establishment+1","Protect+1","TalkToTheHand+1","Wallop+1","Ragnarok+1","ClearTheMind+1","EmptyMind+1","WaveOfTheHand+1","ThirdEye+1","Apotheosis","DeceiveReality"],"relics":["PureWater","NeowsBlessing","Molten Egg 2","Art of War","Bronze Scales","Pear","Matryoshka","Philosopher\u0027s Stone","Juzu Bracelet","Centennial Puzzle","SacredBark","Bag of Marbles","Shuriken","Old Coin","TeardropLocket","Thread and Needle","Mercury Hourglass","CaptainsWheel"],"acts_visited":["Exordium","TheCity","TheBeyond","TheEnding"],"potions_floor_usage":[55],"damage_taken":[{"damage":0.0,"enemies":"2 Louse","floor":1.0,"turns":1.0},{"damage":0.0,"enemies":"Jaw Worm","floor":3.0,"turns":1.0},{"damage":0.0,"enemies":"Lagavulin","floor":6.0,"turns":1.0},{"damage":38.0,"enemies":"Gremlin Nob","floor":8.0,"turns":4.0},{"damage":11.0,"enemies":"Lagavulin Event","floor":11.0,"turns":3.0},{"damage":2.0,"enemies":"Small Slimes","floor":14.0,"turns":3.0},{"damage":0.0,"enemies":"Slime Boss","floor":16.0,"turns":4.0},{"damage":28.0,"enemies":"3 Byrds","floor":18.0,"turns":2.0},{"damage":5.0,"enemies":"Chosen","floor":21.0,"turns":3.0},{"damage":0.0,"enemies":"Snecko","floor":22.0,"turns":3.0},{"damage":14.0,"enemies":"Gremlin Leader","floor":24.0,"turns":4.0},{"damage":17.0,"enemies":"Shelled Parasite and Fungi","floor":27.0,"turns":3.0},{"damage":2.0,"enemies":"3 Cultists","floor":29.0,"turns":3.0},{"damage":5.0,"enemies":"Centurion and Healer","floor":30.0,"turns":4.0},{"damage":8.0,"enemies":"Snake Plant","floor":31.0,"turns":3.0},{"damage":32.0,"enemies":"Automaton","floor":33.0,"turns":8.0},{"damage":28.0,"enemies":"3 Darklings","floor":35.0,"turns":4.0},{"damage":5.0,"enemies":"3 Shapes","floor":38.0,"turns":3.0},{"damage":4.0,"enemies":"Spire Growth","floor":39.0,"turns":4.0},{"damage":0.0,"enemies":"Giant Head","floor":41.0,"turns":6.0},{"damage":8.0,"enemies":"Writhing Mass","floor":42.0,"turns":7.0},{"damage":26.0,"enemies":"Nemesis","floor":46.0,"turns":7.0},{"damage":0.0,"enemies":"Mind Bloom Boss Battle","floor":48.0,"turns":3.0},{"damage":92.0,"enemies":"Time Eater","floor":50.0,"turns":10.0},{"damage":30.0,"enemies":"Shield and Spear","floor":54.0,"turns":7.0},{"damage":28,"enemies":"The Heart","floor":55,"turns":5}],"seed_played":"3843000813430615625","potions_obtained":[{"floor":3.0,"key":"PowerPotion"},{"floor":11.0,"key":"Dexterity Potion"},{"floor":27.0,"key":"Weak Potion"},{"floor":29.0,"key":"SteroidPotion"},{"floor":31.0,"key":"DuplicationPotion"},{"floor":38.0,"key":"FairyPotion"},{"floor":48.0,"key":"BlessingOfTheForge"},{"floor":54.0,"key":"DuplicationPotion"}],"is_trial":false,"path_per_floor":["M","?","M","$","?","E","R","E","T","?","?","?","R","M","R","B",null,"M","?","?","M","M","R","E","R","T","M","?","M","M","M","R","B",null,"M","$","?","M","M","R","E","M","T","?","R","E","?","?","R","B",null,"R","$","E","B"],"character_chosen":"WATCHER","items_purchased":["SashWhip+1","Explosive Potion","Apotheosis","Mercury Hourglass","GamblersBrew","BottledMiracle","SpeedPotion","DeceiveReality"],"campfire_rested":4,"item_purchase_floors":[4,36,53,53,53,53,53,53],"current_hp_per_floor":[72,54,54,54,54,54,54,16,26,26,15,15,39,37,37,37,71,43,70,70,65,65,65,51,51,51,34,34,32,27,19,43,11,64,36,36,36,31,27,50,50,42,42,42,65,39,39,39,39,15,62,62,62,32,4,4],"gold":157,"neow_bonus":"THREE_ENEMY_KILL","is_daily":false,"chose_seed":false,"campfire_upgraded":5,"win_rate":0.0,"timestamp":1614103097,"path_taken":["M","?","M","$","?","E","R","E","T","?","?","?","R","M","R","BOSS","M","?","?","?","M","R","E","R","T","M","?","M","M","M","R","BOSS","M","$","?","M","M","R","E","M","T","?","R","E","?","?","R","BOSS","R","$","E","BOSS"],"items_purchased_type":["Card","Potion","Card","Relic","Potion","Potion","Potion","Card"],"build_version":"2020-12-22","purchased_purges":2,"victory":false,"max_hp_per_floor":[72,72,72,72,72,72,72,72,82,82,82,82,82,82,82,82,82,82,82,82,82,82,82,82,82,82,82,82,82,82,82,82,82,82,82,82,78,78,78,78,78,78,78,78,78,78,78,78,78,78,78,78,78,78,78,78],"card_choices":[{"not_picked":["Halt","EmptyBody"],"picked":"Wireheading","floor":1.0},{"not_picked":["Evaluate","Halt"],"picked":"Crescendo","floor":3.0},{"not_picked":["Weave+1","PathToVictory"],"picked":"SashWhip+1","floor":6.0},{"not_picked":["DeusExMachina","BowlingBash+1"],"picked":"EmptyFist+1","floor":8.0},{"not_picked":["DeceiveReality","Evaluate"],"picked":"BattleHymn","floor":11.0},{"not_picked":["EmptyFist+1","Prostrate"],"picked":"SashWhip+1","floor":14.0},{"not_picked":["Brilliance+1","Blasphemy"],"picked":"Omniscience","floor":16.0},{"not_picked":["Collect","Vengeance","PathToVictory"],"picked":"SKIP","floor":18.0},{"not_picked":["WaveOfTheHand","FlurryOfBlows+1"],"picked":"BowlingBash+1","floor":21.0},{"not_picked":["EmptyFist+1","WindmillStrike+1"],"picked":"EmptyBody+1","floor":22.0},{"not_picked":["PathToVictory","Wallop+1"],"picked":"Establishment","floor":24.0},{"not_picked":["FlyingSleeves+1","FollowUp+1"],"picked":"Protect+1","floor":27.0},{"not_picked":["Study","ThirdEye+1"],"picked":"TalkToTheHand+1","floor":29.0},{"not_picked":["WheelKick+1","Pray","BowlingBash+1"],"picked":"SKIP","floor":30.0},{"not_picked":["FlurryOfBlows+1","Blasphemy"],"picked":"Wallop+1","floor":31.0},{"not_picked":["Wish","MasterReality"],"picked":"Ragnarok+1","floor":33.0},{"not_picked":["Prostrate","Wireheading+1","Conclude+1"],"picked":"SKIP","floor":35.0},{"not_picked":["CarveReality+1","Protect+1"],"picked":"ClearTheMind+1","floor":38.0},{"not_picked":["Study+1","CrushJoints+1","PathToVictory+1"],"picked":"SKIP","floor":39.0},{"not_picked":["ThirdEye","FollowUp+1"],"picked":"EmptyMind+1","floor":41.0},{"not_picked":["PathToVictory+1","Vengeance+1"],"picked":"WaveOfTheHand","floor":42.0},{"not_picked":["SashWhip+1","Consecrate+1","CutThroughFate+1"],"picked":"SKIP","floor":46.0},{"not_picked":["FollowUp+1","SignatureMove+1"],"picked":"ThirdEye+1","floor":48.0},{"not_picked":["InnerPeace+1","Judgement","BowlingBash+1"],"picked":"SKIP","floor":54.0}],"player_experience":1068790,"relics_obtained":[{"floor":6.0,"key":"Art of War"},{"floor":8.0,"key":"Bronze Scales"},{"floor":9.0,"key":"Pear"},{"floor":11.0,"key":"Matryoshka"},{"floor":24.0,"key":"Juzu Bracelet"},{"floor":26.0,"key":"Centennial Puzzle"},{"floor":41.0,"key":"Bag of Marbles"},{"floor":43.0,"key":"Shuriken"},{"floor":43.0,"key":"Old Coin"},{"floor":46.0,"key":"TeardropLocket"},{"floor":48.0,"key":"Thread and Needle"},{"floor":54.0,"key":"CaptainsWheel"}],"event_choices":[{"damage_healed":0.0,"max_hp_gain":0.0,"max_hp_loss":0.0,"gold_gain":0.0,"event_name":"Scrap Ooze","player_choice":"Success","floor":2.0,"gold_loss":0.0,"damage_taken":18.0,"relics_obtained":["Molten Egg 2"]},{"damage_healed":0.0,"max_hp_gain":0.0,"max_hp_loss":0.0,"gold_gain":56.0,"event_name":"Golden Wing","player_choice":"Gained Gold","floor":5.0,"gold_loss":0.0,"damage_taken":0.0},{"damage_healed":0.0,"max_hp_gain":0.0,"max_hp_loss":0.0,"gold_gain":0.0,"event_name":"Liars Game","player_choice":"Ignored","floor":10.0,"gold_loss":0.0,"damage_taken":0.0},{"damage_healed":0.0,"max_hp_gain":0.0,"max_hp_loss":0.0,"gold_gain":0.0,"event_name":"Dead Adventurer","player_choice":"Searched \u00271\u0027 times","floor":11.0,"gold_loss":0.0,"damage_taken":0.0},{"damage_healed":0.0,"max_hp_gain":0.0,"max_hp_loss":0.0,"gold_gain":0.0,"event_name":"Shining Light","player_choice":"Ignored","floor":12.0,"gold_loss":0.0,"damage_taken":0.0},{"damage_healed":27.0,"max_hp_gain":0.0,"max_hp_loss":0.0,"gold_gain":0.0,"event_name":"The Library","player_choice":"Heal","floor":19.0,"gold_loss":0.0,"damage_taken":0.0},{"damage_healed":0.0,"max_hp_gain":0.0,"max_hp_loss":0.0,"gold_gain":0.0,"event_name":"Designer","player_choice":"Upgraded Two","floor":20.0,"gold_loss":40.0,"damage_taken":0.0,"cards_upgraded":["Crescendo","Strike_P"]},{"cards_removed":["Strike_P"],"damage_healed":0.0,"max_hp_gain":0.0,"max_hp_loss":0.0,"gold_gain":0.0,"event_name":"Purifier","player_choice":"Purged","floor":28.0,"gold_loss":0.0,"damage_taken":0.0},{"damage_healed":0.0,"max_hp_gain":0.0,"max_hp_loss":4.0,"gold_gain":0.0,"event_name":"Winding Halls","player_choice":"Max HP","floor":37.0,"gold_loss":0.0,"damage_taken":0.0},{"damage_healed":0.0,"max_hp_gain":0.0,"max_hp_loss":0.0,"gold_gain":0.0,"event_name":"Tomb of Lord Red Mask","player_choice":"Ignored","floor":44.0,"gold_loss":0.0,"damage_taken":0.0},{"cards_removed":["Wireheading"],"damage_healed":0.0,"max_hp_gain":0.0,"max_hp_loss":0.0,"gold_gain":0.0,"event_name":"Falling","player_choice":"Removed Power","floor":47.0,"gold_loss":0.0,"damage_taken":0.0},{"damage_healed":0.0,"max_hp_gain":0.0,"max_hp_loss":0.0,"gold_gain":0.0,"event_name":"MindBloom","player_choice":"Fight","floor":48.0,"gold_loss":0.0,"damage_taken":0.0}],"is_beta":false,"boss_relics":[{"not_picked":["Busted Crown","Velvet Choker"],"picked":"Philosopher\u0027s Stone"},{"not_picked":["Coffee Dripper","Pandora\u0027s Box"],"picked":"SacredBark"}],"items_purged_floors":[4,36],"is_endless":false,"potions_floor_spawned":[3,11,27,29,30,31,38,39,48,54],"killed_by":"The Heart","ascension_level":5}}