{"host":"lsq35p0sdkx2xifo","time":1614063489,"event":{"mods":["AchievementEnabler","BaseMod","Highlight Path","Minty Spire (QoL Compilation)","StSLib"],"gold_per_floor":[112,55,68,68,82,82,110,110,137,172,14,14,46,74,74,149,149,167,6,16,16,29,29,29],"floor_reached":23,"language":"ENG","playtime":1080,"items_purged":[],"score":414,"play_id":"2019f126-6f69-4e6b-b508-39cec517b0a6","local_time":"20210222225809","is_ascension_mode":true,"campfire_choices":[{"data":"Battle Trance","floor":6,"key":"SMITH"},{"floor":8,"key":"REST"},{"data":"Double Tap","floor":12,"key":"SMITH"},{"data":"True Grit","floor":15,"key":"SMITH"}],"circlet_count":0,"master_deck":["AscendersBane","Strike_R","Strike_R","Strike_R","Strike_R","Defend_R","Defend_R","Defend_R","Defend_R","Bash+1","Battle Trance+1","Heavy Blade","Pummel","Metallicize","Immolate","Intimidate","Double Tap+1","True Grit+1","Bloodletting","Bludgeon","Sentinel+1","Warcry+1","Armaments+1"],"relics":["Burning Blood","Ancient Tea Set","Happy Flower","Tiny Chest","Paper Frog","Odd Mushroom","Mark of Pain","Lee\u0027s Waffle"],"acts_visited":["Exordium","TheCity"],"potions_floor_usage":[7,16,23],"damage_taken":[{"damage":10,"enemies":"2 Louse","floor":1,"turns":3},{"damage":3,"enemies":"Small Slimes","floor":3,"turns":3},{"damage":1,"enemies":"Cultist","floor":5,"turns":3},{"damage":44,"enemies":"Lagavulin","floor":7,"turns":8},{"damage":8,"enemies":"Gremlin Nob","floor":10,"turns":3},{"damage":4,"enemies":"3 Sentries","floor":13,"turns":5},{"damage":0,"enemies":"The Mushroom Lair","floor":14,"turns":1},{"damage":29,"enemies":"Hexaghost","floor":16,"turns":9},{"damage":12,"enemies":"2 Thieves","floor":18,"turns":4},{"damage":12,"enemies":"3 Byrds","floor":20,"turns":7},{"damage":19,"enemies":"Snake Plant","floor":22,"turns":3},{"damage":68,"enemies":"Gremlin Leader","floor":23,"turns":5}],"seed_played":"-2274672782566056425","potions_obtained":[{"floor":3,"key":"BlessingOfTheForge"},{"floor":5,"key":"Dexterity Potion"},{"floor":14,"key":"EssenceOfSteel"},{"floor":18,"key":"Strength Potion"}],"is_trial":false,"path_per_floor":["M","$","M","?","M","R","E","R","T","E","$","R","E","?","R","B",null,"M","$","M","?","M","E"],"character_chosen":"IRONCLAD","items_purchased":["Heavy Blade","Double Tap","Lee\u0027s Waffle"],"campfire_rested":1,"item_purchase_floors":[2,11,19],"current_hp_per_floor":[64,64,67,60,65,65,27,49,49,47,47,47,49,55,55,32,64,58,82,76,76,63,0,0],"gold":29,"neow_bonus":"UPGRADE_CARD","is_daily":false,"chose_seed":false,"campfire_upgraded":3,"win_rate":0.0,"timestamp":1614063489,"path_taken":["M","$","M","?","M","R","E","R","T","E","$","R","E","?","R","BOSS","M","$","M","?","M","E"],"items_purchased_type":["Card","Card","Relic"],"build_version":"2020-12-22","purchased_purges":0,"victory":false,"max_hp_per_floor":[75,75,75,75,75,75,75,75,75,75,75,75,75,75,75,75,75,75,82,82,82,82,82,82],"card_choices":[{"not_picked":["Armaments","Sword Boomerang"],"picked":"Battle Trance","floor":1},{"not_picked":["Combust","Infernal Blade"],"picked":"Pummel","floor":3},{"not_picked":["Clash","Warcry"],"picked":"Metallicize","floor":5},{"not_picked":["Barricade","Combust"],"picked":"Immolate","floor":7},{"not_picked":["Dark Embrace","Clothesline"],"picked":"Intimidate","floor":10},{"not_picked":["Infernal Blade","Ghostly Armor"],"picked":"True Grit","floor":13},{"not_picked":["Iron Wave","Spot Weakness"],"picked":"Bloodletting","floor":14},{"not_picked":["Immolate","Fiend Fire"],"picked":"Bludgeon","floor":16},{"not_picked":["Second Wind","Searing Blow"],"picked":"Sentinel+1","floor":18},{"not_picked":["Shrug It Off","Clothesline"],"picked":"Warcry+1","floor":20},{"not_picked":["Anger","Hemokinesis"],"picked":"Armaments+1","floor":22}],"player_experience":1303024,"relics_obtained":[{"floor":7,"key":"Ancient Tea Set"},{"floor":9,"key":"Happy Flower"},{"floor":10,"key":"Tiny Chest"},{"floor":13,"key":"Paper Frog"},{"floor":14,"key":"Odd Mushroom"}],"event_choices":[{"cards_removed":["Strike_R"],"damage_healed":0,"gold_gain":0,"player_choice":"Card Removal","damage_taken":7,"max_hp_gain":0,"max_hp_loss":0,"event_name":"Golden Wing","floor":4,"gold_loss":0},{"damage_healed":0,"gold_gain":0,"player_choice":"Fought Mushrooms","damage_taken":0,"max_hp_gain":0,"max_hp_loss":0,"event_name":"Mushrooms","floor":14,"gold_loss":0}],"is_beta":false,"boss_relics":[{"not_picked":["Philosopher\u0027s Stone","Runic Dome"],"picked":"Mark of Pain"}],"items_purged_floors":[],"is_endless":false,"potions_floor_spawned":[3,5,14,18,20],"killed_by":"Gremlin Leader","ascension_level":20}}