{"host":"insagfzijja1377g","time":1614044254,"event":{"mods":["BaseMod","Bestiary","Highlight Path","Minty Spire (QoL Compilation)","Relic Stats","Slay the Relics Exporter"],"gold_per_floor":[214,214,225,225,244,287,287,326,326,11,55,55,73,38,38,168,168,186,186,186,211,211,211,255,273,273,312,66,97,97,121,121,250,250,269,602,602,81,98,133,133,133,183,183,183,193,227,146,146,146,146,146,113,138,138],"floor_reached":56,"language":"ENG","playtime":2574,"items_purged":["Strike_P","Strike_P","Strike_P+1"],"score":1557,"play_id":"4775ff0c-66c1-4571-89ce-6262a139fd8b","local_time":"20210222193734","is_ascension_mode":true,"campfire_choices":[{"floor":7.0,"key":"REST"},{"data":"Wallop","floor":15.0,"key":"SMITH"},{"data":"Wallop","floor":23.0,"key":"SMITH"},{"data":"DeceiveReality","floor":30.0,"key":"SMITH"},{"data":"SashWhip","floor":32.0,"key":"SMITH"},{"data":"Devotion","floor":42.0,"key":"SMITH"},{"floor":45.0,"key":"RECALL"},{"data":"Wallop","floor":49.0,"key":"SMITH"},{"data":"Wallop","floor":52.0,"key":"SMITH"}],"circlet_count":0,"master_deck":["Defend_P+1","Defend_P+1","Eruption+1","Vigilance+1","CutThroughFate+1","SashWhip+1","Consecrate+1","DeceiveReality+1","InnerPeace+1","Flash of Steel+1","EmptyFist+1","Wallop+1","Establishment+1","TalkToTheHand+1","Wallop+1","Prostrate+1","Evaluate+1","Necronomicurse","FlurryOfBlows+1","DeusExMachina+1","Wallop+1","CutThroughFate","Tantrum+1","Collect+1","Devotion+1","BowlingBash+1","Sanctity+1","Prostrate","CrushJoints+1","Wallop+1","Fasting2","CutThroughFate"],"relics":["PureWater","Unceasing Top","Darkstone Periapt","Matryoshka","Nunchaku","Centennial Puzzle","SacredBark","Necronomicon","PreservedInsect","Bag of Marbles","Singing Bowl","Damaru","Whetstone","Bottled Lightning","SlaversCollar","Mark of the Bloom","Happy Flower","Orrery","Juzu Bracelet","Vajra","Ornamental Fan","Lantern"],"acts_visited":["Exordium","TheCity","TheBeyond","TheEnding"],"potions_floor_usage":[55,55],"damage_taken":[{"damage":7.0,"enemies":"Jaw Worm","floor":1.0,"turns":4.0},{"damage":0.0,"enemies":"Small Slimes","floor":3.0,"turns":2.0},{"damage":0.0,"enemies":"2 Louse","floor":5.0,"turns":3.0},{"damage":27.0,"enemies":"Lagavulin","floor":6.0,"turns":6.0},{"damage":18.0,"enemies":"3 Sentries","floor":8.0,"turns":9.0},{"damage":9.0,"enemies":"Gremlin Nob","floor":11.0,"turns":3.0},{"damage":1.0,"enemies":"Large Slime","floor":13.0,"turns":2.0},{"damage":2.0,"enemies":"The Guardian","floor":16.0,"turns":14.0},{"damage":0.0,"enemies":"Spheric Guardian","floor":18.0,"turns":2.0},{"damage":2.0,"enemies":"Shell Parasite","floor":21.0,"turns":3.0},{"damage":7.0,"enemies":"Book of Stabbing","floor":24.0,"turns":5.0},{"damage":0.0,"enemies":"Snake Plant","floor":25.0,"turns":4.0},{"damage":9.0,"enemies":"Gremlin Leader","floor":27.0,"turns":5.0},{"damage":2.0,"enemies":"Book of Stabbing","floor":29.0,"turns":5.0},{"damage":1.0,"enemies":"Chosen and Byrds","floor":31.0,"turns":6.0},{"damage":13.0,"enemies":"Champ","floor":33.0,"turns":10.0},{"damage":5.0,"enemies":"3 Darklings","floor":35.0,"turns":5.0},{"damage":0.0,"enemies":"3 Shapes","floor":39.0,"turns":4.0},{"damage":0.0,"enemies":"Reptomancer","floor":40.0,"turns":4.0},{"damage":8.0,"enemies":"Writhing Mass","floor":46.0,"turns":5.0},{"damage":0.0,"enemies":"Giant Head","floor":47.0,"turns":5.0},{"damage":10.0,"enemies":"Donu and Deca","floor":50.0,"turns":6.0},{"damage":38,"enemies":"Shield and Spear","floor":54,"turns":3},{"damage":0,"enemies":"The Heart","floor":55,"turns":8}],"seed_played":"-7967455241671311831","potions_obtained":[{"floor":3.0,"key":"Strength Potion"},{"floor":5.0,"key":"Dexterity Potion"},{"floor":6.0,"key":"GamblersBrew"},{"floor":8.0,"key":"Energy Potion"},{"floor":16.0,"key":"Swift Potion"},{"floor":18.0,"key":"DuplicationPotion"},{"floor":25.0,"key":"BottledMiracle"},{"floor":31.0,"key":"SteroidPotion"},{"floor":33.0,"key":"ColorlessPotion"},{"floor":39.0,"key":"PowerPotion"}],"is_trial":false,"path_per_floor":["M","?","M","?","M","E","R","E","T","$","E","?","M","?","R","B",null,"M","?","?","M","?","R","E","M","T","E","$","E","R","M","R","B",null,"M","?","?","$","M","E","?","R","T","?","R","M","E","$","R","B",null,"R","$","E","B",null],"character_chosen":"WATCHER","items_purchased":["Nunchaku","Flash of Steel","Whetstone","Wallop","CutThroughFate","Happy Flower","Orrery","Wallop","Fasting2"],"campfire_rested":1,"item_purchase_floors":[10,10,28,38,38,38,38,48,53],"current_hp_per_floor":[65,70,70,51,51,24,47,29,29,29,20,5,4,23,23,21,77,77,77,77,75,65,65,58,58,58,51,51,51,51,50,50,37,87,84,84,84,84,84,84,84,84,84,84,84,76,76,76,76,66,66,66,66,28,28],"gold":138,"neow_bonus":"HUNDRED_GOLD","is_daily":false,"chose_seed":false,"campfire_upgraded":7,"win_rate":0.0,"timestamp":1614044254,"path_taken":["M","?","M","?","?","E","R","E","T","$","E","?","M","?","R","BOSS","M","?","?","M","?","R","E","?","T","E","$","E","R","M","R","BOSS","M","?","?","?","?","E","?","R","T","?","R","M","E","$","R","BOSS","R","$","E","BOSS"],"items_purchased_type":["Relic","Card","Relic","Card","Card","Relic","Relic","Card","Card"],"build_version":"2020-12-22","purchased_purges":3,"victory":true,"max_hp_per_floor":[72,77,77,77,77,77,77,77,77,77,77,77,77,77,77,77,77,77,77,77,77,83,83,83,83,83,85,85,87,87,87,87,87,87,89,89,89,91,93,93,93,93,93,93,93,93,93,93,93,93,93,93,93,93,93],"relic_stats":{"Darkstone Periapt":6,"Mark of the Bloom":97,"Singing Bowl":10,"Happy Flower":[11],"counters":[24,123],"PreservedInsect":338,"Juzu Bracelet":0,"Whetstone":["Consecrate","Strike_P"],"Nunchaku":[30],"Centennial Puzzle":[36],"Ornamental Fan":[64],"Necronomicon":[36],"obtain_stats":[{"Darkstone Periapt":8,"Mark of the Bloom":37,"Lantern":54,"Singing Bowl":26,"Happy Flower":38,"Golden Idol":4,"SacredBark":17,"Damaru":27,"Vajra":43,"PreservedInsect":24,"Juzu Bracelet":40,"Whetstone":28,"SlaversCollar":34,"Nunchaku":10,"Centennial Puzzle":11,"Matryoshka":9,"Ornamental Fan":47,"Orrery":38,"Necronomicon":22,"Bag of Marbles":26,"Bottled Lightning":29,"PureWater":0,"Unceasing Top":6},{"Darkstone Periapt":5,"Mark of the Bloom":17,"Lantern":23,"Singing Bowl":12,"Happy Flower":17,"Golden Idol":2,"SacredBark":8,"Damaru":13,"Vajra":19,"PreservedInsect":11,"Juzu Bracelet":19,"Whetstone":13,"SlaversCollar":16,"Nunchaku":5,"Centennial Puzzle":6,"Matryoshka":5,"Ornamental Fan":21,"Orrery":17,"Necronomicon":10,"Bag of Marbles":12,"Bottled Lightning":14,"PureWater":0,"Unceasing Top":4},{"Darkstone Periapt":24,"Mark of the Bloom":88,"Lantern":115,"Singing Bowl":57,"Happy Flower":88,"Golden Idol":6,"SacredBark":43,"Damaru":62,"Vajra":96,"PreservedInsect":53,"Juzu Bracelet":96,"Whetstone":62,"SlaversCollar":83,"Nunchaku":24,"Centennial Puzzle":27,"Matryoshka":24,"Ornamental Fan":106,"Orrery":88,"Necronomicon":48,"Bag of Marbles":57,"Bottled Lightning":67,"PureWater":0,"Unceasing Top":15}],"Unceasing Top":[2]},"card_choices":[{"not_picked":["FlurryOfBlows","ThirdEye"],"picked":"CutThroughFate","floor":1.0},{"not_picked":["FlurryOfBlows","Halt"],"picked":"SashWhip","floor":3.0},{"not_picked":["SignatureMove","Evaluate"],"picked":"Consecrate","floor":5.0},{"not_picked":["Evaluate","WheelKick"],"picked":"DeceiveReality","floor":6.0},{"not_picked":["Evaluate","SignatureMove"],"picked":"InnerPeace","floor":8.0},{"not_picked":["ConjureBlade","Prostrate"],"picked":"EmptyFist","floor":11.0},{"not_picked":["Evaluate","Meditate"],"picked":"Wallop","floor":13.0},{"not_picked":["Omniscience","MasterReality"],"picked":"Establishment","floor":16.0},{"not_picked":["JustLucky","ThirdEye"],"picked":"TalkToTheHand+1","floor":18.0},{"not_picked":["Study","Evaluate","FollowUp"],"picked":"SKIP","floor":21.0},{"not_picked":["DevaForm","PathToVictory","Establishment"],"picked":"SKIP","floor":24.0},{"not_picked":["Halt","SashWhip","Fasting2"],"picked":"SKIP","floor":25.0},{"not_picked":["Study","Fasting2","ThirdEye"],"picked":"Singing Bowl","floor":27.0},{"not_picked":["JustLucky","Swivel+1","Worship"],"picked":"Singing Bowl","floor":29.0},{"not_picked":["Halt","SashWhip"],"picked":"FlurryOfBlows","floor":31.0},{"not_picked":["ConjureBlade","Scrawl"],"picked":"DeusExMachina","floor":33.0},{"not_picked":["ClearTheMind","Study","FollowUp"],"picked":"Singing Bowl","floor":35.0},{"not_picked":["Indignation","CutThroughFate"],"picked":"Tantrum+1","floor":38.0},{"not_picked":["LikeWater","WheelKick"],"picked":"Collect+1","floor":38.0},{"not_picked":["CutThroughFate","SashWhip+1"],"picked":"Devotion","floor":38.0},{"not_picked":["FollowUp","SashWhip","ReachHeaven+1"],"picked":"Singing Bowl","floor":38.0},{"not_picked":["Crescendo+1","Tantrum+1"],"picked":"BowlingBash+1","floor":38.0},{"not_picked":["InnerPeace","FollowUp+1","FlurryOfBlows"],"picked":"Singing Bowl","floor":39.0},{"not_picked":["FlurryOfBlows+1","LikeWater"],"picked":"Sanctity+1","floor":40.0},{"not_picked":["Protect","WindmillStrike+1"],"picked":"Prostrate","floor":46.0},{"not_picked":["Weave","DeusExMachina"],"picked":"CrushJoints+1","floor":47.0},{"not_picked":["WaveOfTheHand","CrushJoints"],"picked":"CutThroughFate","floor":54}],"player_experience":2196249,"relics_obtained":[{"floor":6.0,"key":"Unceasing Top"},{"floor":8.0,"key":"Darkstone Periapt"},{"floor":9.0,"key":"Matryoshka"},{"floor":11.0,"key":"Centennial Puzzle"},{"floor":22.0,"key":"Necronomicon"},{"floor":24.0,"key":"PreservedInsect"},{"floor":26.0,"key":"Bag of Marbles"},{"floor":26.0,"key":"Singing Bowl"},{"floor":27.0,"key":"Damaru"},{"floor":29.0,"key":"Bottled Lightning"},{"floor":40.0,"key":"Juzu Bracelet"},{"floor":43.0,"key":"Vajra"},{"floor":47.0,"key":"Ornamental Fan"},{"floor":54,"key":"Lantern"}],"event_choices":[{"damage_healed":0.0,"max_hp_gain":5.0,"max_hp_loss":0.0,"gold_gain":0.0,"event_name":"Big Fish","player_choice":"Donut","floor":2.0,"gold_loss":0.0,"damage_taken":0.0},{"damage_healed":0.0,"max_hp_gain":0.0,"max_hp_loss":0.0,"gold_gain":0.0,"event_name":"Golden Idol","player_choice":"Take Damage","floor":4.0,"gold_loss":0.0,"damage_taken":19.0,"relics_obtained":["Golden Idol"]},{"damage_healed":0.0,"max_hp_gain":0.0,"max_hp_loss":0.0,"gold_gain":0.0,"event_name":"Shining Light","player_choice":"Entered Light","floor":12.0,"gold_loss":0.0,"damage_taken":15.0,"cards_upgraded":["Eruption","CutThroughFate"]},{"damage_healed":19.0,"max_hp_gain":0.0,"max_hp_loss":0.0,"gold_gain":0.0,"event_name":"The Cleric","player_choice":"Healed","floor":14.0,"gold_loss":35.0,"damage_taken":0.0},{"damage_healed":0.0,"max_hp_gain":0.0,"max_hp_loss":0.0,"gold_gain":0.0,"event_name":"The Library","player_choice":"Read","floor":19.0,"gold_loss":0.0,"damage_taken":0.0,"cards_obtained":["Wallop"]},{"damage_healed":0.0,"max_hp_gain":0.0,"max_hp_loss":0.0,"gold_gain":0.0,"cards_transformed":["Defend_P","Defend_P"],"event_name":"Drug Dealer","player_choice":"Became Test Subject","floor":20.0,"gold_loss":0.0,"damage_taken":0.0,"cards_obtained":["Prostrate","Evaluate"]},{"damage_healed":0.0,"max_hp_gain":0.0,"max_hp_loss":0.0,"gold_gain":0.0,"event_name":"Cursed Tome","player_choice":"Obtained Book","floor":22.0,"gold_loss":0.0,"damage_taken":16.0},{"damage_healed":0.0,"max_hp_gain":0.0,"max_hp_loss":0.0,"gold_gain":333.0,"event_name":"The Moai Head","player_choice":"Gave Idol","floor":36.0,"relics_lost":["Golden Idol"],"gold_loss":0.0,"damage_taken":0.0},{"damage_healed":0.0,"max_hp_gain":0.0,"max_hp_loss":0.0,"gold_gain":0.0,"event_name":"MindBloom","player_choice":"Upgrade","floor":37.0,"gold_loss":0.0,"damage_taken":0.0,"cards_upgraded":["Strike_P","Defend_P","Defend_P","Vigilance","InnerPeace","Flash of Steel","EmptyFist","Establishment","Prostrate","Evaluate","FlurryOfBlows","DeusExMachina"],"relics_obtained":["Mark of the Bloom"]},{"damage_healed":0.0,"max_hp_gain":0.0,"max_hp_loss":0.0,"gold_gain":0.0,"event_name":"Tomb of Lord Red Mask","player_choice":"Ignored","floor":41.0,"gold_loss":0.0,"damage_taken":0.0},{"cards_removed":["Strike_P"],"damage_healed":0.0,"max_hp_gain":0.0,"max_hp_loss":0.0,"gold_gain":0.0,"event_name":"Purifier","player_choice":"Purged","floor":44.0,"gold_loss":0.0,"damage_taken":0.0}],"is_beta":false,"boss_relics":[{"not_picked":["Snecko Eye","Velvet Choker"],"picked":"SacredBark"},{"not_picked":["Runic Dome","VioletLotus"],"picked":"SlaversCollar"}],"items_purged_floors":[10,28,38],"is_endless":false,"potions_floor_spawned":[3,5,6,8,16,18,21,25,31,33,39,47],"ascension_level":2}}