{"host":"qxeepl7ydvsgmfdb","time":1614097844,"event":{"mods":["AchievementEnabler","BaseMod","Colored Powertips","Minty Spire (QoL Compilation)","Quick Restart","slay the spire mod where everything is the same but ironclad has a cowboy hat"],"gold_per_floor":[119,119,69,69,69,113,129,160,160,21,21,35,35,35,35,160,460,473,473,113,113,128,128,68,91,91,129,129,129],"floor_reached":28,"language":"ENG","playtime":553,"items_purged":["Strike_G"],"score":257,"play_id":"5b8c31e2-5215-4b42-ad9d-4ba6531178ea","local_time":"20210223113044","is_ascension_mode":false,"campfire_choices":[{"floor":13.0,"key":"REST"},{"floor":15.0,"key":"REST"},{"floor":23.0,"key":"REST"}],"circlet_count":0,"master_deck":["Strike_G+1","Strike_G","Strike_G","Defend_G","Defend_G","Defend_G","Defend_G","Defend_G","Survivor","Neutralize","Catalyst+1","Deadly Poison+1","Noxious Fumes","Dramatic Entrance+1","Envenom","CurseOfTheBell","Footwork","Poisoned Stab","Deadly Poison+1"],"relics":["Ring of the Snake","NeowsBlessing","Golden Idol","Toxic Egg 2","The Courier","Odd Mushroom","Bottled Lightning","Ornamental Fan","Calling Bell","Ancient Tea Set","Mummified Hand","Old Coin","HornCleat","Sling","Bottled Flame","Whetstone"],"acts_visited":["Exordium","TheCity"],"potions_floor_usage":[28,28],"damage_taken":[{"damage":0.0,"enemies":"Cultist","floor":1.0,"turns":1.0},{"damage":0.0,"enemies":"Gremlin Nob","floor":6.0,"turns":1.0},{"damage":0.0,"enemies":"Small Slimes","floor":7.0,"turns":1.0},{"damage":18.0,"enemies":"The Mushroom Lair","floor":8.0,"turns":6.0},{"damage":0.0,"enemies":"2 Louse","floor":12.0,"turns":2.0},{"damage":24.0,"enemies":"Hexaghost","floor":16.0,"turns":7.0},{"damage":32.0,"enemies":"Spheric Guardian","floor":18.0,"turns":6.0},{"damage":16.0,"enemies":"Shell Parasite","floor":22.0,"turns":5.0},{"damage":11.0,"enemies":"Snake Plant","floor":25.0,"turns":5.0},{"damage":26.0,"enemies":"Gremlin Leader","floor":27.0,"turns":6.0},{"damage":8,"enemies":"Chosen and Byrds","floor":28,"turns":4}],"seed_played":"-8201153855613414837","potions_obtained":[{"floor":6.0,"key":"DistilledChaos"},{"floor":8.0,"key":"SkillPotion"},{"floor":12.0,"key":"FearPotion"},{"floor":18.0,"key":"CunningPotion"}],"is_trial":false,"path_per_floor":["M","$","?","?","?","E","M","?","T","$","T","M","R","?","R","B",null,"M","?","$","?","M","R","$","M","T","E","M"],"character_chosen":"THE_SILENT","items_purchased":["Deadly Poison+1","Noxious Fumes","Dramatic Entrance","Poisoned Stab","HornCleat","Sling"],"campfire_rested":3,"item_purchase_floors":[10,10,10,20,20,20],"current_hp_per_floor":[70,70,70,70,52,52,52,34,34,34,34,34,55,48,69,45,70,38,38,38,38,22,43,43,32,32,6,0,0],"gold":129,"neow_bonus":"THREE_ENEMY_KILL","is_daily":false,"chose_seed":false,"campfire_upgraded":0,"win_rate":0.0,"timestamp":1614097844,"path_taken":["M","$","?","?","?","E","M","?","T","?","?","?","R","?","R","BOSS","M","?","$","?","M","R","?","M","T","E","M"],"items_purchased_type":["Card","Card","Card","Card","Relic","Relic"],"build_version":"2020-12-22","purchased_purges":1,"victory":false,"max_hp_per_floor":[70,70,70,70,70,70,70,70,70,70,70,70,70,70,70,70,70,70,70,70,70,70,70,70,70,70,70,70,70],"card_choices":[{"not_picked":["Acrobatics","Eviscerate","Backflip"],"picked":"SKIP","floor":1.0},{"not_picked":["Deflect+1","Prepared+1"],"picked":"Catalyst+1","floor":6.0},{"not_picked":["Outmaneuver+1","Blur+1","Accuracy"],"picked":"SKIP","floor":7.0},{"not_picked":["Quick Slash","Bane","Flying Knee"],"picked":"SKIP","floor":12.0},{"not_picked":["Unload","After Image"],"picked":"Envenom","floor":16.0},{"not_picked":["Dash","PiercingWail+1"],"picked":"Footwork","floor":18.0},{"not_picked":["Acrobatics+1","Quick Slash","Outmaneuver+1"],"picked":"SKIP","floor":22.0},{"not_picked":["Bane","Underhanded Strike+1"],"picked":"Deadly Poison+1","floor":25.0},{"not_picked":["Backflip+1","Well Laid Plans","Masterful Stab"],"picked":"SKIP","floor":27.0}],"player_experience":206918,"relics_obtained":[{"floor":6.0,"key":"The Courier"},{"floor":8.0,"key":"Odd Mushroom"},{"floor":9.0,"key":"Bottled Lightning"},{"floor":11.0,"key":"Ornamental Fan"},{"floor":17.0,"key":"Ancient Tea Set"},{"floor":17.0,"key":"Mummified Hand"},{"floor":17.0,"key":"Old Coin"},{"floor":26.0,"key":"Bottled Flame"},{"floor":27.0,"key":"Whetstone"}],"event_choices":[{"cards_removed":["Strike_G"],"damage_healed":0.0,"max_hp_gain":0.0,"max_hp_loss":0.0,"gold_gain":0.0,"event_name":"The Cleric","player_choice":"Card Removal","floor":3.0,"gold_loss":50.0,"damage_taken":0.0},{"damage_healed":0.0,"max_hp_gain":0.0,"max_hp_loss":0.0,"gold_gain":0.0,"event_name":"Golden Idol","player_choice":"Take Wound","floor":4.0,"gold_loss":0.0,"damage_taken":0.0,"relics_obtained":["Golden Idol"],"cards_obtained":["Injury"]},{"damage_healed":0.0,"max_hp_gain":0.0,"max_hp_loss":0.0,"gold_gain":0.0,"event_name":"Scrap Ooze","player_choice":"Success","floor":5.0,"gold_loss":0.0,"damage_taken":18.0,"relics_obtained":["Toxic Egg 2"]},{"damage_healed":0.0,"max_hp_gain":0.0,"max_hp_loss":0.0,"gold_gain":0.0,"event_name":"Mushrooms","player_choice":"Fought Mushrooms","floor":8.0,"gold_loss":0.0,"damage_taken":0.0},{"cards_removed":["Injury"],"damage_healed":0.0,"max_hp_gain":0.0,"max_hp_loss":0.0,"gold_gain":0.0,"event_name":"Golden Wing","player_choice":"Card Removal","floor":14.0,"gold_loss":0.0,"damage_taken":7.0},{"damage_healed":0.0,"max_hp_gain":0.0,"max_hp_loss":0.0,"gold_gain":0.0,"event_name":"Vampires","player_choice":"Ignored","floor":19.0,"gold_loss":0.0,"damage_taken":0.0},{"damage_healed":0.0,"max_hp_gain":0.0,"max_hp_loss":0.0,"gold_gain":0.0,"event_name":"Ghosts","player_choice":"Ignored","floor":21.0,"gold_loss":0.0,"damage_taken":0.0}],"is_beta":false,"boss_relics":[{"not_picked":["Tiny House","Runic Dome"],"picked":"Calling Bell"}],"items_purged_floors":[24],"is_endless":false,"potions_floor_spawned":[6,8,12,18],"killed_by":"Chosen and Byrds","ascension_level":0}}