{"host":"iyj530209nkhhjuz","time":1614086677,"event":{"mods":["AchievementEnabler","BaseMod","Better Match","Better Note","Better Third Choice","BetterRewards","Colored Map","Colored Powertips","Dark Map","Fox Events","Highlight Path","Minty Spire (QoL Compilation)","Permanent Neow","Random Character Button","Rare Cards Sparkle","Relic Stats","StSLib","Waifu the Spire"],"gold_per_floor":[118,135,135,21,0,26,46,73,96,96,125,138,152,152,152,250,250,267,267,267,290,317,329,376,388,472,501,568,596,608,620,632,743,755,786,798,141,153,166,192,192,217,242,267,282,282,312,312,312,312,312,312,38,66,66],"floor_reached":56,"language":"ENG","playtime":4979,"items_purged":["Defend_G"],"score":2617,"play_id":"1e81fe6a-f11f-4a87-b9e7-c1ab2ff7fb9e","local_time":"20210223142437","is_ascension_mode":true,"campfire_choices":[{"data":"Underhanded Strike","floor":15.0,"key":"SMITH"},{"data":"Endless Agony","floor":23.0,"key":"SMITH"},{"data":"Neutralize","floor":25.0,"key":"SMITH"},{"data":"Dagger Spray","floor":32.0,"key":"SMITH"},{"data":"Noxious Fumes","floor":41.0,"key":"SMITH"},{"floor":46,"key":"RECALL"},{"data":"Survivor","floor":49,"key":"SMITH"},{"data":"Die Die Die","floor":52,"key":"SMITH"}],"circlet_count":0,"master_deck":["Survivor+1","Neutralize+1","Backflip+1","Prepared+1","Jack Of All Trades+1","PiercingWail+1","Calculated Gamble+1","Adrenaline+1","Backflip+1","Enlightenment+1","Underhanded Strike+1","Blade Dance+1","Prepared+1","PiercingWail+1","Venomology+1","Calculated Gamble+1","Storm of Steel+1","Dagger Spray+1","Endless Agony+1","Deflect+1","Acrobatics+1","Die Die Die+1","Tactician+1","Phantasmal Killer+1","Adrenaline+1","Seek+1","Skewer+1","Bullet Time+1","Caltrops+1","Noxious Fumes+1","Malaise+1","Accuracy+1","Blade Dance+1","Noxious Fumes+1","Blade Dance+1","Regret","Panache","Adrenaline+1"],"relics":["Ring of the Snake","Toxic Egg 2","Vajra","Boot","Bag of Preparation","Ancient Tea Set","MealTicket","Pandora\u0027s Box","MawBank","Orichalcum","The Courier","Sundial","Nilry\u0027s Codex","MutagenicStrength","Cursed Key","Anchor","Incense Burner","Snake Skull","Dream Catcher","Ornamental Fan","Happy Flower","Gremlin Horn","Chemical X","Tingsha"],"acts_visited":["Exordium","TheCity","TheBeyond","TheEnding"],"potions_floor_usage":[47,50,55,55,55,55,55,55,55],"damage_taken":[{"damage":2.0,"enemies":"2 Louse","floor":1.0,"turns":2.0},{"damage":0.0,"enemies":"Small Slimes","floor":2.0,"turns":3.0},{"damage":16.0,"enemies":"Gremlin Nob","floor":6.0,"turns":5.0},{"damage":0.0,"enemies":"Jaw Worm","floor":7.0,"turns":2.0},{"damage":3.0,"enemies":"Lagavulin","floor":8.0,"turns":4.0},{"damage":0.0,"enemies":"Gremlin Nob","floor":11.0,"turns":2.0},{"damage":0.0,"enemies":"3 Louse","floor":12.0,"turns":2.0},{"damage":1.0,"enemies":"Blue Slaver","floor":13.0,"turns":2.0},{"damage":24.0,"enemies":"The Guardian","floor":16.0,"turns":9.0},{"damage":0.0,"enemies":"3 Byrds","floor":18.0,"turns":2.0},{"damage":0.0,"enemies":"Chosen","floor":21.0,"turns":2.0},{"damage":0.0,"enemies":"Snecko","floor":22.0,"turns":2.0},{"damage":0.0,"enemies":"Book of Stabbing","floor":24.0,"turns":3.0},{"damage":0.0,"enemies":"Sentry and Sphere","floor":27.0,"turns":1.0},{"damage":0.0,"enemies":"Gremlin Leader","floor":28.0,"turns":1.0},{"damage":0.0,"enemies":"Cultist and Chosen","floor":29.0,"turns":2.0},{"damage":0.0,"enemies":"Collector","floor":33.0,"turns":2.0},{"damage":0.0,"enemies":"3 Shapes","floor":35.0,"turns":1.0},{"damage":0.0,"enemies":"3 Darklings","floor":38.0,"turns":1.0},{"damage":0.0,"enemies":"Transient","floor":39.0,"turns":5.0},{"damage":0.0,"enemies":"Reptomancer","floor":40.0,"turns":2.0},{"damage":0.0,"enemies":"Giant Head","floor":42.0,"turns":3.0},{"damage":0.0,"enemies":"Nemesis","floor":44.0,"turns":3.0},{"damage":0.0,"enemies":"Maw","floor":45.0,"turns":1.0},{"damage":0,"enemies":"Reptomancer","floor":47,"turns":2},{"damage":0,"enemies":"Donu and Deca","floor":50,"turns":2},{"damage":0,"enemies":"Shield and Spear","floor":54,"turns":2},{"damage":57,"enemies":"The Heart","floor":55,"turns":5}],"seed_played":"-6809401383084227291","potions_obtained":[{"floor":1.0,"key":"SpeedPotion"},{"floor":2.0,"key":"Block Potion"},{"floor":11.0,"key":"SteroidPotion"},{"floor":12.0,"key":"Explosive Potion"},{"floor":16.0,"key":"AttackPotion"},{"floor":18.0,"key":"CunningPotion"},{"floor":24.0,"key":"LiquidMemories"},{"floor":29.0,"key":"CunningPotion"},{"floor":38.0,"key":"AttackPotion"},{"floor":39.0,"key":"DistilledChaos"},{"floor":42.0,"key":"CultistPotion"}],"is_trial":false,"path_per_floor":["M","M","?","$","?","E","M","E","T","?","E","M","M","$","R","B",null,"M","?","?","M","M","R","E","R","T","M","E","M","?","?","R","B",null,"M","?","$","M","M","E","R","E","T","E","M","R","E","?","R","B",null,"R","$","E","B",null],"character_chosen":"THE_SILENT","items_purchased":["Toxic Egg 2","Backflip+1","Vajra","Prepared+1","Jack Of All Trades+1","Adrenaline+1","Backflip+1","Anchor","Incense Burner","Snake Skull","Caltrops","Noxious Fumes","Malaise+1","Chemical X","Panache"],"campfire_rested":0,"item_purchase_floors":[0,0,0,0,0,4,4,37,37,37,37,37,37,53,53],"current_hp_per_floor":[54,54,54,54,60,44,44,41,41,41,41,41,40,55,55,31,65,65,65,65,65,65,65,65,65,65,65,65,65,49,49,49,49,69,69,69,76,76,76,76,76,76,76,76,76,76,76,76,76,76,76,76,76,76,31],"gold":66,"neow_bonus":"","is_daily":false,"chose_seed":false,"campfire_upgraded":7,"win_rate":0.0,"timestamp":1614086677,"path_taken":["M","M","?","$","?","E","M","E","T","?","E","M","?","$","R","BOSS","M","?","?","M","M","R","E","R","T","M","E","?","?","?","R","BOSS","M","?","$","M","M","E","R","E","T","E","M","R","E","?","R","BOSS","R","$","E","BOSS"],"items_purchased_type":["Relic","Card","Relic","Card","Card","Card","Card","Relic","Relic","Relic","Card","Card","Card","Relic","Card"],"build_version":"2020-12-22","purchased_purges":1,"victory":true,"max_hp_per_floor":[70,70,70,70,76,76,76,76,76,76,76,76,76,76,76,76,76,76,76,76,76,76,76,76,76,76,76,76,76,76,76,76,76,76,76,76,76,76,76,76,76,76,76,76,76,76,76,76,76,76,76,76,76,76,76],"relic_stats":{"Happy Flower":[4],"Gremlin Horn":[1,1],"counters":[189,838],"Tingsha":[45],"Snake Skull":[24],"Bag of Preparation":[47],"Orichalcum":[30],"Boot":[52],"MawBank":204,"Cursed Key":2,"Dream Catcher":6,"Sundial":[4],"Ornamental Fan":[112],"MealTicket":22,"Pandora\u0027s Box":["Dagger Spray","Endless Agony","Deflect","Acrobatics","Die Die Die","Tactician","Phantasmal Killer","Adrenaline"],"Chemical X":[4],"obtain_stats":[{"TwistedFunnel":37,"Gremlin Horn":11,"Nilry\u0027s Codex":30,"CeramicFish":9,"Vajra":0,"HoveringKite":17,"Whetstone":30,"Bottled Tornado":42,"Boot":31,"Blood Vial":30,"HornCleat":23,"Sundial":28,"Strawberry":25,"MealTicket":13,"Toxic Egg 2":27,"Girya":43,"Pear":43,"Happy Flower":40,"Blue Candle":20,"Astrolabe":34,"Oddly Smooth Stone":29,"Tingsha":45,"Eternal Feather":17,"Pen Nib":46,"Letter Opener":13,"War Paint":45,"Paper Crane":9,"Akabeko":27,"WarpedTongs":4,"SlaversCollar":17,"Bottled Flame":8,"Bronze Scales":11,"MutagenicStrength":24,"Bird Faced Urn":31,"Pandora\u0027s Box":17,"foxEvents:LuckyCharm":10,"Black Star":34,"StrikeDummy":8,"Ring of the Serpent":17,"Pocketwatch":25,"Meat on the Bone":48,"Lantern":43,"Regal Pillow":25,"Singing Bowl":9,"Torii":44,"StoneCalendar":44,"Snake Skull":45,"Bag of Preparation":23,"Incense Burner":45,"Empty Cage":17,"Cursed Key":34,"Ancient Tea Set":9,"Nunchaku":7,"Tough Bandages":34,"Dream Catcher":42,"Matryoshka":0,"Ninja Scroll":0,"Pantograph":34,"Tiny Chest":17,"Red Mask":39,"Chemical X":53,"InkBottle":54,"Ring of the Snake":0,"Runic Pyramid":17,"Potion Belt":27,"Lee\u0027s Waffle":0,"The Specimen":38,"Golden Idol":5,"PreservedInsect":9,"The Courier":9,"Omamori":14,"Orichalcum":26,"Frozen Egg 2":23,"MawBank":26,"White Beast Statue":36,"Mercury Hourglass":14,"Calling Bell":34,"Anchor":7,"Busted Crown":34,"Ornamental Fan":10,"Orrery":0,"Turnip":42,"Art of War":37,"Bottled Lightning":6,"Toy Ornithopter":54,"TungstenRod":0},{"TwistedFunnel":126,"Gremlin Horn":86,"Nilry\u0027s Codex":177,"CeramicFish":59,"Vajra":24,"HoveringKite":62,"Whetstone":14,"Bottled Tornado":20,"Boot":41,"Blood Vial":122,"HornCleat":66,"Sundial":176,"Strawberry":94,"MealTicket":30,"Toxic Egg 2":68,"Girya":48,"Pear":74,"Happy Flower":19,"Blue Candle":33,"Astrolabe":71,"Oddly Smooth Stone":69,"Tingsha":76,"Eternal Feather":89,"Pen Nib":51,"Letter Opener":87,"War Paint":105,"Paper Crane":112,"Akabeko":119,"WarpedTongs":57,"SlaversCollar":32,"Bottled Flame":84,"Bronze Scales":5,"MutagenicStrength":11,"Bird Faced Urn":97,"Pandora\u0027s Box":170,"foxEvents:LuckyCharm":85,"Black Star":98,"StrikeDummy":112,"Ring of the Serpent":143,"Pocketwatch":12,"Meat on the Bone":21,"Lantern":20,"Regal Pillow":37,"Singing Bowl":26,"Torii":49,"StoneCalendar":75,"Snake Skull":130,"Bag of Preparation":11,"Incense Burner":20,"Empty Cage":115,"Cursed Key":150,"Ancient Tea Set":166,"Nunchaku":26,"Tough Bandages":42,"Dream Catcher":48,"Matryoshka":55,"Ninja Scroll":134,"Pantograph":42,"Tiny Chest":89,"Red Mask":127,"Chemical X":187,"InkBottle":54,"Ring of the Snake":0,"Runic Pyramid":8,"Potion Belt":38,"Lee\u0027s Waffle":134,"The Specimen":45,"Golden Idol":3,"PreservedInsect":4,"The Courier":59,"Omamori":61,"Orichalcum":67,"Frozen Egg 2":93,"MawBank":118,"White Beast Statue":99,"Mercury Hourglass":7,"Calling Bell":42,"Anchor":59,"Busted Crown":15,"Ornamental Fan":27,"Orrery":134,"Turnip":104,"Art of War":44,"Bottled Lightning":83,"Toy Ornithopter":23,"TungstenRod":108},{"TwistedFunnel":609,"Gremlin Horn":404,"Nilry\u0027s Codex":809,"CeramicFish":282,"Vajra":104,"HoveringKite":302,"Whetstone":47,"Bottled Tornado":79,"Boot":194,"Blood Vial":586,"HornCleat":314,"Sundial":807,"Strawberry":447,"MealTicket":138,"Toxic Egg 2":320,"Girya":233,"Pear":341,"Happy Flower":73,"Blue Candle":154,"Astrolabe":331,"Oddly Smooth Stone":323,"Tingsha":348,"Eternal Feather":420,"Pen Nib":246,"Letter Opener":408,"War Paint":505,"Paper Crane":543,"Akabeko":577,"WarpedTongs":273,"SlaversCollar":149,"Bottled Flame":395,"Bronze Scales":16,"MutagenicStrength":39,"Bird Faced Urn":461,"Pandora\u0027s Box":796,"foxEvents:LuckyCharm":400,"Black Star":467,"StrikeDummy":543,"Ring of the Serpent":684,"Pocketwatch":43,"Meat on the Bone":84,"Lantern":79,"Regal Pillow":176,"Singing Bowl":119,"Torii":237,"StoneCalendar":344,"Snake Skull":629,"Bag of Preparation":39,"Incense Burner":79,"Empty Cage":566,"Cursed Key":713,"Ancient Tea Set":781,"Nunchaku":119,"Tough Bandages":201,"Dream Catcher":233,"Matryoshka":268,"Ninja Scroll":649,"Pantograph":201,"Tiny Chest":420,"Red Mask":614,"Chemical X":831,"InkBottle":260,"Ring of the Snake":0,"Runic Pyramid":31,"Potion Belt":181,"Lee\u0027s Waffle":649,"The Specimen":216,"Golden Idol":9,"PreservedInsect":12,"The Courier":282,"Omamori":293,"Orichalcum":317,"Frozen Egg 2":443,"MawBank":576,"White Beast Statue":471,"Mercury Hourglass":23,"Calling Bell":201,"Anchor":282,"Busted Crown":57,"Ornamental Fan":126,"Orrery":649,"Turnip":498,"Art of War":210,"Bottled Lightning":388,"Toy Ornithopter":99,"TungstenRod":520}],"Ring of the Snake":[56]},"card_choices":[{"not_picked":["Bane","Slice"],"picked":"PiercingWail+1","floor":1.0},{"not_picked":["Bouncing Flask+1","Deadly Poison+1"],"picked":"Calculated Gamble+1","floor":2.0},{"not_picked":["Acrobatics+1","Skewer"],"picked":"Underhanded Strike","floor":6.0},{"not_picked":["Slice","Dagger Spray"],"picked":"Blade Dance+1","floor":7.0},{"not_picked":["Quick Slash","Unload"],"picked":"Prepared+1","floor":8.0},{"not_picked":["Outmaneuver+1","Dagger Spray"],"picked":"PiercingWail+1","floor":11.0},{"not_picked":["Acrobatics+1","Outmaneuver+1"],"picked":"Venomology+1","floor":12.0},{"not_picked":["Bouncing Flask+1","Masterful Stab"],"picked":"Calculated Gamble+1","floor":13.0},{"not_picked":["Burst+1","Tools of the Trade"],"picked":"Storm of Steel+1","floor":16.0},{"not_picked":["Flying Knee","Riddle With Holes","All Out Attack"],"picked":"SKIP","floor":18.0},{"not_picked":["Dagger Spray","Bouncing Flask+1","Prepared+1"],"picked":"SKIP","floor":21.0},{"not_picked":["Dagger Throw","All Out Attack","PiercingWail+1"],"picked":"SKIP","floor":22.0},{"not_picked":["PiercingWail+1","Footwork+1"],"picked":"Skewer+1","floor":24.0},{"not_picked":["Setup+1","Reflex+1","Flechettes"],"picked":"SKIP","floor":27.0},{"not_picked":["Slice","PiercingWail+1","Prepared+1"],"picked":"SKIP","floor":28.0},{"not_picked":["Masterful Stab","Flying Knee","Poisoned Stab+1"],"picked":"SKIP","floor":29.0},{"not_picked":["Venomology+1","Adrenaline+1"],"picked":"Bullet Time+1","floor":33.0},{"not_picked":["Deflect+1","Backstab","Reflex+1"],"picked":"SKIP","floor":35.0},{"not_picked":["Deadly Poison+1","Sucker Punch+1"],"picked":"Accuracy+1","floor":38.0},{"not_picked":["Deadly Poison+1","Predator+1"],"picked":"Blade Dance+1","floor":39.0},{"not_picked":["Dodge and Roll+1","Riddle With Holes+1"],"picked":"Noxious Fumes+1","floor":40.0},{"not_picked":["Poisoned Stab","Quick Slash"],"picked":"Blade Dance+1","floor":42.0},{"not_picked":["Blur+1","PiercingWail+1","Slice"],"picked":"SKIP","floor":44.0},{"not_picked":["Flying Knee","Dagger Spray","Bane+1"],"picked":"SKIP","floor":45.0},{"not_picked":["Prepared+1","Flying Knee+1","Dagger Spray+1"],"picked":"SKIP","floor":47},{"not_picked":["Dash+1","Concentrate+1"],"picked":"Adrenaline+1","floor":54}],"player_experience":535032,"relics_obtained":[{"floor":6.0,"key":"Boot"},{"floor":8.0,"key":"Bag of Preparation"},{"floor":9.0,"key":"Ancient Tea Set"},{"floor":11.0,"key":"MealTicket"},{"floor":24.0,"key":"Orichalcum"},{"floor":26.0,"key":"The Courier"},{"floor":28.0,"key":"Sundial"},{"floor":30.0,"key":"Nilry\u0027s Codex"},{"floor":40.0,"key":"Dream Catcher"},{"floor":42.0,"key":"Ornamental Fan"},{"floor":44.0,"key":"Happy Flower"},{"floor":47,"key":"Gremlin Horn"},{"floor":54,"key":"Tingsha"}],"event_choices":[{"cards_removed":["Defend_G"],"damage_healed":0.0,"max_hp_gain":0.0,"max_hp_loss":0.0,"gold_gain":0.0,"event_name":"Living Wall","player_choice":"Forget","floor":3.0,"gold_loss":0.0,"damage_taken":0.0},{"damage_healed":0.0,"max_hp_gain":0.0,"max_hp_loss":0.0,"gold_gain":0.0,"event_name":"betterThird:BetterSerpent","player_choice":"RENOUNCE","floor":5.0,"gold_loss":21.0,"damage_taken":21.0,"cards_obtained":["Enlightenment"]},{"damage_healed":0.0,"max_hp_gain":1.0,"max_hp_loss":0.0,"gold_gain":0.0,"event_name":"betterThird:BetterGoop","player_choice":"Left","floor":10.0,"gold_loss":0.0,"damage_taken":0.0},{"cards_removed":["Seek"],"damage_healed":0.0,"max_hp_gain":0.0,"max_hp_loss":0.0,"gold_gain":0.0,"event_name":"betterNote:BetterNote","player_choice":"Take \u0026 Give","floor":19.0,"gold_loss":0.0,"damage_taken":0.0,"cards_obtained":["Seek"]},{"damage_healed":0.0,"max_hp_gain":0.0,"max_hp_loss":0.0,"gold_gain":0.0,"event_name":"WeMeetAgain","player_choice":"Gave Potion","floor":20.0,"gold_loss":0.0,"damage_taken":0.0,"relics_obtained":["MawBank"]},{"damage_healed":0.0,"max_hp_gain":0.0,"max_hp_loss":0.0,"gold_gain":0.0,"event_name":"Cursed Tome","player_choice":"Obtained Book","floor":30.0,"gold_loss":0.0,"damage_taken":16.0},{"damage_healed":0.0,"max_hp_gain":0.0,"max_hp_loss":0.0,"gold_gain":0.0,"event_name":"Drug Dealer","player_choice":"Inject Mutagens","floor":31.0,"gold_loss":0.0,"damage_taken":0.0,"relics_obtained":["MutagenicStrength"]},{"damage_healed":0.0,"max_hp_gain":0.0,"max_hp_loss":0.0,"gold_gain":0.0,"event_name":"Tomb of Lord Red Mask","player_choice":"Ignored","floor":36.0,"gold_loss":0.0,"damage_taken":0.0},{"damage_healed":0,"gold_gain":0,"player_choice":"Upgraded","damage_taken":0,"max_hp_gain":0,"max_hp_loss":0,"event_name":"Upgrade Shrine","floor":48,"gold_loss":0,"cards_upgraded":["Caltrops"]}],"is_beta":false,"boss_relics":[{"not_picked":["Runic Dome","Black Star"],"picked":"Pandora\u0027s Box"},{"not_picked":["Busted Crown","Sozu"],"picked":"Cursed Key"}],"items_purged_floors":[0],"is_endless":false,"potions_floor_spawned":[1,2,11,12,16,18,24,29,38,39,42],"ascension_level":9}}