{"host":"hpdezpg731xgox4e","time":1614053201,"event":{"mods":["2.2 Compatiblity","Aspiration","BaseMod","Downfall","GifTheSpireLib","Minty Spire (QoL Compilation)","Shop Mod","StSLib"],"gold_per_floor":[99,116,116,128,139,139,139,49,49,49,62,62,79,89,99,198,198,198,212,212,180,180,180,254,254,254,254,83,83,83,111,125,221,221,221,221,233,233,247,257,280,280,280,306,306,306,306,1,21,21],"floor_reached":51,"language":"ENG","playtime":3210,"items_purged":["hexamod:Strike","hexamod:Strike","hexamod:Strike","hexamod:Firestarter"],"score":781,"play_id":"8a1582eb-10ed-4d57-acf4-5c178550c7c7","local_time":"20210222230641","is_ascension_mode":false,"campfire_choices":[{"data":"Discovery","floor":1,"key":"SMITH"},{"data":"hexamod:ExtraCrispy","floor":6,"key":"SMITH"},{"data":"hexamod:BurningTouch","floor":9,"key":"SMITH"},{"data":"hexamod:BurningTouch","floor":12,"key":"SMITH"},{"data":"hexamod:WildfireWeapon","floor":18,"key":"SMITH"},{"data":"hexamod:HeatCrush","floor":26,"key":"SMITH"},{"data":"hexamod:BurningTouch","floor":30,"key":"SMITH"},{"data":"hexamod:BurningTouch","floor":35,"key":"SMITH"},{"data":"hexamod:Sear","floor":43,"key":"SMITH"},{"data":"hexamod:Incineration","floor":45,"key":"SMITH"},{"data":"hexamod:HeatMetal","floor":47,"key":"SMITH"}],"circlet_count":0,"master_deck":["hexamod:Defend","hexamod:Defend","hexamod:Sear+1","hexamod:Float","Discovery+1","hexamod:BurningTouch+1","hexamod:ExtraCrispy+1","hexamod:BurningTouch+1","hexamod:CatchUp","hexamod:ThermalTransfer","hexamod:AdvancingGuard","hexamod:WildfireWeapon+1","hexamod:UnlimitedPower","hexamod:HeatCrush+1","hexamod:Incineration+1","hexamod:Firestarter","hexamod:UnlimitedPower","hexamod:BurningTouch+1","hexamod:HeatMetal+1","downfall:Bewildered","hexamod:BurningTouch+1","hexamod:HeatCrush+1","hexamod:UnlimitedPower","expansioncontent:PrepareCrush","hexamod:PhantomFireball","hexamod:GhostflameInferno"],"relics":["hexamod:SpiritBrand","HornCleat","Snecko Eye","DollysMirror","Mummified Hand","aspiration:FrozenJewel","sneckomod:BabySnecko","Sundial","Sozu","Bronze Scales","aspiration:SeaSaltIceCream","Empty Cage"],"acts_visited":["Exordium","TheCity","TheBeyond"],"potions_floor_usage":[31,33,33,50,50],"damage_taken":[{"damage":0,"enemies":"Small Slimes","floor":2,"turns":3},{"damage":0,"enemies":"2 Louse","floor":4,"turns":2},{"damage":0,"enemies":"Cultist","floor":5,"turns":2},{"damage":0,"enemies":"downfall:FleeingMerchant","floor":8,"turns":4},{"damage":2,"enemies":"2 Fungi Beasts","floor":11,"turns":3},{"damage":18,"enemies":"Exordium Wildlife","floor":13,"turns":5},{"damage":2,"enemies":"Blue Slaver","floor":14,"turns":4},{"damage":5,"enemies":"downfall:LooterAlt","floor":15,"turns":3},{"damage":8,"enemies":"SI_SHIV_ARCHETYPE","floor":16,"turns":6},{"damage":0,"enemies":"Spheric Guardian","floor":19,"turns":3},{"damage":0,"enemies":"downfall:FleeingMerchant","floor":21,"turns":3},{"damage":0,"enemies":"Slavers","floor":31,"turns":3},{"damage":0,"enemies":"Chosen","floor":32,"turns":2},{"damage":5,"enemies":"IC_MUSHROOM_ARCHETYPE","floor":33,"turns":3},{"damage":4,"enemies":"Orb Walker","floor":37,"turns":2},{"damage":0,"enemies":"3 Shapes","floor":39,"turns":3},{"damage":0,"enemies":"Maw","floor":40,"turns":3},{"damage":0,"enemies":"Reptomancer","floor":44,"turns":3},{"damage":0,"enemies":"3 Darklings","floor":49,"turns":2},{"damage":11,"enemies":"WA_ARCHETYPE_DIVINITY","floor":50,"turns":5}],"seed_played":"4489244168022661117","potions_obtained":[{"floor":11,"key":"Energy Potion"},{"floor":13,"key":"Energy Potion"},{"floor":15,"key":"DistilledChaos"},{"floor":32,"key":"Dexterity Potion"},{"floor":33,"key":"PowerPotion"}],"is_trial":false,"path_per_floor":["R","M","?","M","M","R","T","$","R","?","M","R","M","M","M","B",null,"R","M","?","$","?","T","T","?","R","?","$","?","R","E","M","B",null,"R","?","M","?","M","M","T","?","R","E","R","?","R","$","M","B",null],"character_chosen":"THE_SPIRIT","items_purchased":["DollysMirror","hexamod:BurningTouch","hexamod:HeatMetal","hexamod:BurningTouch","hexamod:PhantomFireball","hexamod:GhostflameInferno"],"campfire_rested":0,"item_purchase_floors":[21,21,21,28,48,48],"current_hp_per_floor":[70,70,70,70,70,70,70,70,70,70,68,68,50,48,43,35,70,70,70,70,70,70,70,70,70,70,70,70,70,70,70,70,65,70,70,70,66,66,66,66,66,66,66,66,66,66,66,66,66,55],"gold":21,"neow_bonus":"RANDOM_COLORLESS","is_daily":false,"chose_seed":false,"campfire_upgraded":11,"win_rate":0.0,"timestamp":1614053201,"path_taken":["R","M","?","M","M","R","T","$","R","?","M","R","M","?","M","BOSS","R","M","?","$","?","?","T","?","R","?","?","?","R","E","M","BOSS","R","?","?","?","?","M","T","?","R","E","R","?","R","$","M","BOSS"],"items_purchased_type":["Relic","Card","Card","Card","Card","Card"],"build_version":"2020-12-22","purchased_purges":4,"victory":true,"max_hp_per_floor":[70,70,70,70,70,70,70,70,70,70,70,70,70,70,70,70,70,70,70,70,70,70,70,70,70,70,70,70,70,70,70,70,70,70,70,70,70,70,70,70,70,70,70,70,70,70,70,70,70,70],"card_choices":[{"not_picked":["Madness","Jack Of All Trades"],"picked":"Discovery","floor":0},{"not_picked":["hexamod:InspiringFlames","hexamod:NightmareGuise"],"picked":"hexamod:BurningTouch","floor":2},{"not_picked":["hexamod:AdvancingGuard","hexamod:EmpoweredFlame"],"picked":"hexamod:ExtraCrispy","floor":4},{"not_picked":["hexamod:SkipABeat","hexamod:Firestarter"],"picked":"hexamod:BurningTouch","floor":5},{"not_picked":["hexamod:NightmareStrike","hexamod:AdvancingGuard"],"picked":"hexamod:Firestarter","floor":8},{"not_picked":["hexamod:GhostShield","hexamod:NightmareStrike"],"picked":"hexamod:CatchUp","floor":11},{"not_picked":["hexamod:ShieldOfDarkness","hexamod:SecondSeal"],"picked":"hexamod:ThermalTransfer","floor":13},{"not_picked":["hexamod:FastForward","hexamod:GhostLash"],"picked":"hexamod:AdvancingGuard","floor":14},{"not_picked":["hexamod:CatchUp","hexamod:GhostOfSpireFuture"],"picked":"hexamod:WildfireWeapon","floor":15},{"not_picked":["hexamod:HexaLevel","hexamod:GhostflameInferno"],"picked":"hexamod:UnlimitedPower","floor":16},{"not_picked":["hexamod:Rewind","hexamod:NightmareStrike"],"picked":"hexamod:HeatCrush","floor":19},{"not_picked":["hexamod:HauntingEcho","hexamod:FourthSeal"],"picked":"hexamod:Firestarter","floor":21},{"not_picked":["hexamod:NecessarySacrifice","hexamod:AdvancingGuard"],"picked":"hexamod:HeatCrush+1","floor":31},{"not_picked":["hexamod:NightmareGuise","hexamod:Firestarter","hexamod:SpectralAdrenaline"],"picked":"SKIP","floor":32},{"not_picked":["hexamod:FifthSeal","hexamod:GhostflameInferno"],"picked":"hexamod:UnlimitedPower","floor":33},{"not_picked":["hexamod:BacktrackSmack+1","hexamod:Hexaguard","hexamod:SpectersWail"],"picked":"SKIP","floor":37},{"not_picked":["hexamod:FourthSeal","hexamod:GhostLash","hexamod:FastForward"],"picked":"SKIP","floor":39},{"not_picked":["hexamod:FirstSeal","hexamod:SpectersWail","hexamod:GhostLash"],"picked":"SKIP","floor":40},{"not_picked":["expansioncontent:HyperBeam","expansioncontent:InvincibleStrength"],"picked":"expansioncontent:PrepareCrush","floor":42},{"not_picked":["hexamod:FastForward+1","hexamod:SecondSeal","hexamod:NightmareStrike"],"picked":"SKIP","floor":44},{"not_picked":["hexamod:FastForward+1","hexamod:SecondSeal","hexamod:NightmareStrike"],"picked":"SKIP","floor":44},{"not_picked":["hexamod:Again+1","hexamod:TimeWarp","hexamod:Firestarter+1"],"picked":"SKIP","floor":49}],"player_experience":105704,"relics_obtained":[{"floor":7,"key":"HornCleat"},{"floor":23,"key":"Mummified Hand"},{"floor":24,"key":"aspiration:FrozenJewel"},{"floor":31,"key":"Sundial"},{"floor":41,"key":"Bronze Scales"},{"floor":44,"key":"aspiration:SeaSaltIceCream"}],"event_choices":[{"cards_removed":["hexamod:Defend"],"damage_healed":0,"gold_gain":0,"player_choice":"Card Removal","damage_taken":0,"max_hp_gain":0,"max_hp_loss":0,"event_name":"The Cleric","floor":3,"gold_loss":0},{"damage_healed":0,"gold_gain":0,"player_choice":"Read","damage_taken":0,"max_hp_gain":0,"max_hp_loss":0,"event_name":"The Library","floor":20,"gold_loss":0,"cards_obtained":["hexamod:Incineration"]}],"is_beta":false,"boss_relics":[{"not_picked":["Fusion Hammer","aspiration:RitualDagger"],"picked":"Snecko Eye"},{"not_picked":["Tiny House","aspiration:SilentSkillbook"],"picked":"Sozu"}],"items_purged_floors":[8,21,28,48],"is_endless":false,"potions_floor_spawned":[11,13,15,32,33,44],"ascension_level":0}}