{"host":"4bjf3jtd8i13astb","time":1614124762,"event":{"mods":["AchievementEnabler","BaseMod","Colored Map","Colored Powertips","Highlight Path","Minty Spire (QoL Compilation)","StSLib"],"gold_per_floor":[113,113,288,33,33,33,66,81,104,104,104],"floor_reached":10,"language":"ENG","playtime":204,"items_purged":[],"score":147,"play_id":"683e3502-d70d-4444-b369-811a30a5482b","local_time":"20210223185922","is_ascension_mode":true,"campfire_choices":[{"data":"Neutralize","floor":6,"key":"SMITH"}],"circlet_count":0,"master_deck":["AscendersBane","Strike_G","Strike_G","Strike_G","Strike_G","Strike_G","Defend_G","Defend_G","Defend_G","Defend_G","Defend_G","Survivor","Neutralize+1","Slice","Doubt","Deflect","Deflect"],"relics":["Ring of the Snake","NeowsBlessing","Calipers","Frozen Egg 2","Letter Opener","Snake Skull"],"acts_visited":["Exordium"],"potions_floor_usage":[],"damage_taken":[{"damage":0,"enemies":"2 Louse","floor":1,"turns":1},{"damage":0,"enemies":"Gremlin Nob","floor":7,"turns":1},{"damage":0,"enemies":"Jaw Worm","floor":8,"turns":1},{"damage":75,"enemies":"Lagavulin","floor":10,"turns":14}],"seed_played":"902038747474659291","potions_obtained":[],"is_trial":false,"path_per_floor":["M","?","?","$","?","R","E","M","T","E"],"character_chosen":"THE_SILENT","items_purchased":["Frozen Egg 2"],"campfire_rested":0,"item_purchase_floors":[4],"current_hp_per_floor":[63,60,60,60,65,65,65,65,65,0,0],"gold":104,"neow_bonus":"THREE_ENEMY_KILL","is_daily":false,"chose_seed":false,"campfire_upgraded":1,"win_rate":0.0,"timestamp":1614124762,"path_taken":["M","?","?","$","?","R","E","?","T","E"],"items_purchased_type":["Relic"],"build_version":"2020-12-22","purchased_purges":0,"victory":false,"max_hp_per_floor":[70,70,70,70,75,75,75,75,75,75,75],"card_choices":[{"not_picked":["Outmaneuver","PiercingWail"],"picked":"Slice","floor":1},{"not_picked":["Backflip","Dodge and Roll"],"picked":"Deflect","floor":7},{"not_picked":["Underhanded Strike","Finisher"],"picked":"Deflect","floor":8}],"player_experience":1228486,"relics_obtained":[{"floor":7,"key":"Letter Opener"},{"floor":9,"key":"Snake Skull"}],"event_choices":[{"damage_healed":0,"gold_gain":0,"player_choice":"Success","damage_taken":3,"relics_obtained":["Calipers"],"max_hp_gain":0,"max_hp_loss":0,"event_name":"Scrap Ooze","floor":2,"gold_loss":0},{"damage_healed":0,"gold_gain":175,"player_choice":"AGREE","damage_taken":0,"max_hp_gain":0,"max_hp_loss":0,"event_name":"Liars Game","floor":3,"gold_loss":0,"cards_obtained":["Doubt"]},{"damage_healed":0,"gold_gain":0,"player_choice":"Donut","damage_taken":0,"max_hp_gain":5,"max_hp_loss":0,"event_name":"Big Fish","floor":5,"gold_loss":0}],"is_beta":false,"boss_relics":[],"items_purged_floors":[],"is_endless":false,"potions_floor_spawned":[],"killed_by":"Lagavulin","ascension_level":13}}