{"host":"rw1trt79hfpl7pom","time":1614089204,"event":{"mods":["BaseMod","Bestiary","Colored Map","Jorbs\u0027s Wanderer Trilogy","Minty Spire (QoL Compilation)","Relic Stats","StSLib","SuperFastMode"],"gold_per_floor":[361,30,30,30,30,65,84,116,128,172,199,211,238,267,279,367,379,410,433,445,7,27,53,53,83,110,110,148,11,33,59,59,139,139,150,167,110,136,161,202,41,78,104,129,190,225,249,291,291,291,291,291,291,21,56,56],"floor_reached":57,"language":"ENG","playtime":4192,"items_purged":["Strike_R"],"score":3254,"play_id":"f32b8755-fefa-4cd1-8624-ad8c7c36a35c","local_time":"20210223060644","is_ascension_mode":true,"campfire_choices":[{"data":"Heavy Blade","floor":12.0,"key":"SMITH"},{"data":"Uppercut","floor":15.0,"key":"SMITH"},{"data":"Whirlwind","floor":24.0,"key":"SMITH"},{"floor":27.0,"key":"REST"},{"data":"Barricade","floor":32.0,"key":"SMITH"},{"floor":49.0,"key":"RECALL"},{"data":"Feel No Pain","floor":53.0,"key":"SMITH"}],"circlet_count":0,"master_deck":["AscendersBane","Strike_R","Defend_R","Defend_R","Defend_R","Defend_R","Bash","Uppercut+1","Heavy Blade+1","Whirlwind+1","Inflame","Feel No Pain+1","True Grit+1","Fiend Fire+1","Shrug It Off+1","Barricade+1","True Grit+1","Disarm+1","Feel No Pain","Shrug It Off+1","True Grit+1","Fire Breathing","Havoc+1","Power Through+1","Body Slam+1","Entrench+1","Flame Barrier+1","Feel No Pain","Whirlwind+1","Corruption","Double Tap+1","Sentinel+1","Shrug It Off+1","Dark Embrace","Disarm+1","Feel No Pain+1","Exhume+1","Spot Weakness+1","Feel No Pain","Entrench+1","Second Wind+1","Dark Embrace","Flame Barrier+1","Shrug It Off+1"],"relics":["Burning Blood","Red Skull","Medical Kit","Question Card","MawBank","Molten Egg 2","Toxic Egg 2","Mark of Pain","Chemical X","Juzu Bracelet","Kunai","Anchor","CeramicFish","Snecko Eye","Dream Catcher","Potion Belt","Pantograph","Magic Flower","Bag of Preparation","Pen Nib","Toy Ornithopter","Oddly Smooth Stone"],"acts_visited":["Exordium","TheCity","TheBeyond","TheEnding"],"potions_floor_usage":[55,56,56],"damage_taken":[{"damage":13.0,"enemies":"Small Slimes","floor":1.0,"turns":4.0},{"damage":32.0,"enemies":"Gremlin Nob","floor":6.0,"turns":5.0},{"damage":4.0,"enemies":"Jaw Worm","floor":7.0,"turns":4.0},{"damage":20.0,"enemies":"3 Sentries","floor":8.0,"turns":4.0},{"damage":6.0,"enemies":"Gremlin Nob","floor":10.0,"turns":3.0},{"damage":0.0,"enemies":"Cultist","floor":11.0,"turns":3.0},{"damage":4.0,"enemies":"2 Fungi Beasts","floor":13.0,"turns":3.0},{"damage":5.0,"enemies":"Red Slaver","floor":14.0,"turns":2.0},{"damage":24.0,"enemies":"The Guardian","floor":16.0,"turns":13.0},{"damage":20.0,"enemies":"Shell Parasite","floor":18.0,"turns":7.0},{"damage":11.0,"enemies":"2 Thieves","floor":19.0,"turns":3.0},{"damage":15.0,"enemies":"Snake Plant","floor":22.0,"turns":6.0},{"damage":1.0,"enemies":"Gremlin Leader","floor":23.0,"turns":7.0},{"damage":27.0,"enemies":"Slavers","floor":25.0,"turns":5.0},{"damage":0.0,"enemies":"Book of Stabbing","floor":28.0,"turns":8.0},{"damage":6.0,"enemies":"3 Cultists","floor":30.0,"turns":4.0},{"damage":0.0,"enemies":"Centurion and Healer","floor":31.0,"turns":5.0},{"damage":17.0,"enemies":"Collector","floor":33.0,"turns":16.0},{"damage":6.0,"enemies":"Orb Walker","floor":35.0,"turns":5.0},{"damage":0.0,"enemies":"3 Darklings","floor":36.0,"turns":3.0},{"damage":0.0,"enemies":"Maw","floor":38.0,"turns":5.0},{"damage":0.0,"enemies":"Jaw Worm Horde","floor":39.0,"turns":2.0},{"damage":0.0,"enemies":"Nemesis","floor":40.0,"turns":3.0},{"damage":0.0,"enemies":"Giant Head","floor":42.0,"turns":5.0},{"damage":2.0,"enemies":"3 Darklings","floor":44.0,"turns":4.0},{"damage":0.0,"enemies":"2 Orb Walkers","floor":45.0,"turns":4.0},{"damage":0.0,"enemies":"Nemesis","floor":46.0,"turns":9.0},{"damage":22.0,"enemies":"Transient","floor":47.0,"turns":6.0},{"damage":0.0,"enemies":"Giant Head","floor":48.0,"turns":4.0},{"damage":30.0,"enemies":"Donu and Deca","floor":50.0,"turns":5.0},{"damage":11.0,"enemies":"Time Eater","floor":51.0,"turns":7.0},{"damage":37,"enemies":"Shield and Spear","floor":55,"turns":8},{"damage":25,"enemies":"The Heart","floor":56,"turns":8}],"seed_played":"8926445963698367836","potions_obtained":[{"floor":1.0,"key":"Ancient Potion"},{"floor":6.0,"key":"BlessingOfTheForge"},{"floor":10.0,"key":"BlessingOfTheForge"},{"floor":13.0,"key":"Explosive Potion"},{"floor":23.0,"key":"Fire Potion"},{"floor":25.0,"key":"Weak Potion"},{"floor":33.0,"key":"PowerPotion"},{"floor":36.0,"key":"DistilledChaos"},{"floor":44.0,"key":"Energy Potion"},{"floor":46.0,"key":"Dexterity Potion"},{"floor":47.0,"key":"Swift Potion"}],"is_trial":false,"path_per_floor":["M","$","?","?","$","E","M","E","T","E","M","R","M","M","R","B",null,"M","M","?","$","M","E","R","E","T","R","E","$","M","M","R","B",null,"M","M","?","M","M","E","$","E","T","M","?","E","M","E","R","B","B",null,"R","$","E","B",null],"character_chosen":"IRONCLAD","items_purchased":["Red Skull","Medical Kit","Chemical X","Shrug It Off+1","True Grit+1","Energy Potion","FearPotion","Entrench+1","Flame Barrier+1","Potion Belt","Toy Ornithopter","Dark Embrace","Flame Barrier+1"],"campfire_rested":1,"item_purchase_floors":[2,2,21,21,21,21,21,29,29,41,54,54,54],"current_hp_per_floor":[61,61,66,66,66,40,42,28,28,28,34,34,36,37,37,19,60,46,41,41,41,32,37,37,16,16,37,43,43,43,49,49,38,64,64,70,70,73,73,73,73,73,73,73,73,73,60,69,69,52,71,73,73,73,45,59],"gold":56,"neow_bonus":"TWO_FIFTY_GOLD","is_daily":false,"chose_seed":false,"campfire_upgraded":5,"win_rate":0.0,"timestamp":1614089204,"path_taken":["M","$","?","?","$","E","M","E","T","E","M","R","M","M","R","BOSS","M","?","?","$","?","E","R","E","T","R","E","$","M","M","R","BOSS","M","M","?","M","M","E","?","E","T","M","?","E","M","E","R","BOSS","BOSS","R","$","E","BOSS"],"items_purchased_type":["Relic","Relic","Relic","Card","Card","Potion","Potion","Card","Card","Relic","Relic","Card","Card"],"build_version":"2020-12-22","purchased_purges":1,"victory":true,"max_hp_per_floor":[68,68,73,73,73,73,73,73,73,73,73,73,73,73,73,73,73,73,73,73,73,73,73,73,73,73,73,73,73,73,73,73,73,73,73,73,73,73,73,73,73,73,73,73,73,73,73,73,73,73,73,73,73,73,73,73],"relic_stats":{"counters":[33,180],"CeramicFish":180,"Magic Flower":[21],"Pen Nib":[4],"Juzu Bracelet":0,"Bag of Preparation":[12],"Medical Kit":[84],"Question Card":28,"MawBank":156,"Burning Blood":179,"Dream Catcher":0,"Pantograph":53,"Snecko Eye":[155,155,183,193],"Chemical X":[67],"Kunai":[17],"obtain_stats":[{"Potion Belt":41,"CeramicFish":28,"Magic Flower":45,"Oddly Smooth Stone":55,"Pen Nib":48,"Juzu Bracelet":23,"Bag of Preparation":46,"Medical Kit":2,"Question Card":6,"MawBank":8,"Burning Blood":0,"Anchor":26,"Dream Catcher":40,"Pantograph":42,"Snecko Eye":34,"Molten Egg 2":9,"Mark of Pain":17,"Chemical X":21,"Kunai":25,"Toxic Egg 2":10,"Red Skull":2,"Toy Ornithopter":54},{"Potion Belt":23,"CeramicFish":15,"Magic Flower":26,"Oddly Smooth Stone":32,"Pen Nib":29,"Juzu Bracelet":13,"Bag of Preparation":27,"Medical Kit":1,"Question Card":2,"MawBank":4,"Burning Blood":0,"Anchor":14,"Dream Catcher":23,"Pantograph":24,"Snecko Eye":18,"Molten Egg 2":4,"Mark of Pain":9,"Chemical X":11,"Kunai":14,"Toxic Egg 2":5,"Red Skull":1,"Toy Ornithopter":31},{"Potion Belt":120,"CeramicFish":77,"Magic Flower":133,"Oddly Smooth Stone":172,"Pen Nib":152,"Juzu Bracelet":64,"Bag of Preparation":142,"Medical Kit":4,"Question Card":9,"MawBank":17,"Burning Blood":0,"Anchor":69,"Dream Catcher":120,"Pantograph":125,"Snecko Eye":102,"Molten Egg 2":17,"Mark of Pain":41,"Chemical X":51,"Kunai":69,"Toxic Egg 2":20,"Red Skull":4,"Toy Ornithopter":164}],"Toy Ornithopter":2},"card_choices":[{"not_picked":["Fire Breathing","Body Slam"],"picked":"Uppercut","floor":1.0},{"not_picked":["Rage","Seeing Red"],"picked":"Heavy Blade","floor":6.0},{"not_picked":["Intimidate","Sword Boomerang","Anger"],"picked":"Whirlwind","floor":7.0},{"not_picked":["Thunderclap","Brutality","Anger"],"picked":"Inflame","floor":8.0},{"not_picked":["Hemokinesis+1","Inflame","Sentinel+1"],"picked":"Feel No Pain","floor":10.0},{"not_picked":["Flex+1","Cleave+1","Anger+1"],"picked":"True Grit+1","floor":11.0},{"not_picked":["True Grit+1","Flex+1","Warcry+1"],"picked":"Fiend Fire+1","floor":13.0},{"not_picked":["Headbutt+1","Armaments+1","Perfected Strike+1"],"picked":"Shrug It Off+1","floor":14.0},{"not_picked":["Bludgeon+1","Berserk","Limit Break+1"],"picked":"Barricade","floor":16.0},{"not_picked":["Pommel Strike+1","Hemokinesis+1","Anger+1"],"picked":"True Grit+1","floor":18.0},{"not_picked":["Thunderclap+1","Combust","Demon Form"],"picked":"Disarm+1","floor":19.0},{"not_picked":["Hemokinesis+1","Headbutt+1","Clash+1"],"picked":"Fire Breathing","floor":22.0},{"not_picked":["Iron Wave+1","Juggernaut","Rampage+1"],"picked":"Havoc+1","floor":23.0},{"not_picked":["Body Slam+1","True Grit+1","Heavy Blade+1"],"picked":"Power Through+1","floor":25.0},{"not_picked":["Demon Form","Reckless Charge+1","Cleave+1"],"picked":"Body Slam+1","floor":28.0},{"not_picked":["Bloodletting+1","Flex+1","Headbutt+1"],"picked":"Feel No Pain","floor":30.0},{"not_picked":["Uppercut+1","Twin Strike+1","Anger+1"],"picked":"Whirlwind+1","floor":31.0},{"not_picked":["Fiend Fire+1","Offering+1","Feed+1"],"picked":"Corruption","floor":33.0},{"not_picked":["Warcry+1","Anger+1","Infernal Blade+1","Hemokinesis+1"],"picked":"SKIP","floor":35.0},{"not_picked":["Anger+1","Body Slam+1","Sword Boomerang+1","Combust"],"picked":"SKIP","floor":36.0},{"not_picked":["Body Slam+1","True Grit+1","Pummel+1"],"picked":"Shrug It Off+1","floor":38.0},{"not_picked":["Body Slam+1","Cleave+1","Twin Strike+1"],"picked":"Dark Embrace","floor":39.0},{"not_picked":["Bloodletting+1","Battle Trance+1","Second Wind+1"],"picked":"Disarm+1","floor":40.0},{"not_picked":["Sword Boomerang+1","Pommel Strike+1","Armaments+1"],"picked":"Feel No Pain+1","floor":42.0},{"not_picked":["Headbutt+1","Wild Strike+1","Cleave+1"],"picked":"Exhume+1","floor":44.0},{"not_picked":["Perfected Strike+1","Cleave+1","True Grit+1"],"picked":"Spot Weakness+1","floor":45.0},{"not_picked":["Spot Weakness+1","Warcry+1","Headbutt+1"],"picked":"Feel No Pain","floor":46.0},{"not_picked":["Heavy Blade+1","Anger+1","Warcry+1"],"picked":"Entrench+1","floor":47.0},{"not_picked":["Heavy Blade+1","Clash+1","Pummel+1"],"picked":"Second Wind+1","floor":48.0},{"not_picked":["Iron Wave+1","Rampage+1","Bloodletting+1"],"picked":"Shrug It Off+1","floor":55}],"player_experience":2886361,"relics_obtained":[{"floor":6.0,"key":"Question Card"},{"floor":8.0,"key":"MawBank"},{"floor":9.0,"key":"Molten Egg 2"},{"floor":10.0,"key":"Toxic Egg 2"},{"floor":23.0,"key":"Juzu Bracelet"},{"floor":25.0,"key":"Kunai"},{"floor":26.0,"key":"Anchor"},{"floor":28.0,"key":"CeramicFish"},{"floor":40.0,"key":"Dream Catcher"},{"floor":42.0,"key":"Pantograph"},{"floor":45.0,"key":"Magic Flower"},{"floor":46.0,"key":"Bag of Preparation"},{"floor":48.0,"key":"Pen Nib"},{"floor":55,"key":"Oddly Smooth Stone"}],"event_choices":[{"damage_healed":0.0,"max_hp_gain":5.0,"max_hp_loss":0.0,"gold_gain":0.0,"event_name":"Big Fish","player_choice":"Donut","floor":3.0,"gold_loss":0.0,"damage_taken":0.0},{"cards_removed":["Strike_R"],"damage_healed":0.0,"max_hp_gain":0.0,"max_hp_loss":0.0,"gold_gain":0.0,"event_name":"Bonfire Elementals","player_choice":"Offered Basic","floor":4.0,"gold_loss":0.0,"damage_taken":0.0},{"damage_healed":0.0,"max_hp_gain":0.0,"max_hp_loss":0.0,"gold_gain":0.0,"event_name":"Duplicator","player_choice":"Copied","floor":20.0,"gold_loss":0.0,"damage_taken":0.0,"cards_obtained":["Feel No Pain"]},{"damage_healed":0.0,"max_hp_gain":0.0,"max_hp_loss":0.0,"gold_gain":0.0,"cards_transformed":["Strike_R","Strike_R"],"event_name":"Designer","player_choice":"Transformed Cards","floor":37.0,"gold_loss":75.0,"damage_taken":0.0,"cards_obtained":["Double Tap","Sentinel"]},{"damage_healed":0.0,"max_hp_gain":0.0,"max_hp_loss":0.0,"gold_gain":0.0,"event_name":"Mysterious Sphere","player_choice":"Fight","floor":45.0,"gold_loss":0.0,"damage_taken":0.0}],"is_beta":false,"boss_relics":[{"not_picked":["Velvet Choker","Tiny House"],"picked":"Mark of Pain"},{"not_picked":["Black Blood","Runic Dome"],"picked":"Snecko Eye"}],"items_purged_floors":[21],"is_endless":false,"potions_floor_spawned":[1,6,10,13,22,23,25,33,36,44,46,47,48],"ascension_level":20}}