{"host":"u7lm8z2rvb4dg2oo","time":1614060332,"event":{"mods":["AchievementEnabler","BaseMod","Bestiary","Block Reminder","Colored Map","Colored Powertips","Curses Come First","DeckTracker","Googly Eyes","Highlight Path","Minty Spire (QoL Compilation)","Quick Restart","StSLib"],"gold_per_floor":[114,17,17,33,33,33,61,61,61,88,103,121,156,174,174,250,250,270,7,7,7,17,17,17,17,71,71,71,71,71],"floor_reached":29,"language":"ENG","playtime":829,"items_purged":[],"score":549,"play_id":"5df39f45-4b2d-4074-ab09-8e95a21e73b6","local_time":"20210223010532","is_ascension_mode":true,"campfire_choices":[{"floor":6.0,"key":"REST"},{"data":"Catalyst","floor":8.0,"key":"SMITH"},{"floor":15.0,"key":"REST"},{"floor":23,"key":"REST"},{"data":"Wraith Form v2","floor":25,"key":"SMITH"},{"floor":28,"key":"REST"}],"circlet_count":0,"master_deck":["AscendersBane","Strike_G","Strike_G","Strike_G","Strike_G","Defend_G","Defend_G","Defend_G","Defend_G","Defend_G","Survivor+1","Neutralize","Catalyst+1","Deadly Poison+1","Footwork","Bane","Corpse Explosion","Deadly Poison","Poisoned Stab","Deadly Poison","Wraith Form v2+1","Flechettes","Necronomicurse","Writhe"],"relics":["Ring of the Snake","NeowsBlessing","Toy Ornithopter","Gremlin Horn","White Beast Statue","Meat on the Bone","Black Star","Mummified Hand","Necronomicon","Ornamental Fan","Boot"],"acts_visited":["Exordium","TheCity"],"potions_floor_usage":[29,29],"damage_taken":[{"damage":0.0,"enemies":"Small Slimes","floor":1.0,"turns":1.0},{"damage":0.0,"enemies":"Cultist","floor":4.0,"turns":1.0},{"damage":0.0,"enemies":"Lagavulin","floor":7.0,"turns":1.0},{"damage":35.0,"enemies":"Gremlin Nob","floor":10.0,"turns":4.0},{"damage":0.0,"enemies":"Jaw Worm","floor":11.0,"turns":3.0},{"damage":0.0,"enemies":"Large Slime","floor":12.0,"turns":6.0},{"damage":20.0,"enemies":"3 Sentries","floor":13.0,"turns":5.0},{"damage":3.0,"enemies":"Looter","floor":14.0,"turns":2.0},{"damage":29.0,"enemies":"Hexaghost","floor":16.0,"turns":9.0},{"damage":22.0,"enemies":"2 Thieves","floor":18.0,"turns":2.0},{"damage":8,"enemies":"3 Byrds","floor":22,"turns":4},{"damage":79,"enemies":"Gremlin Leader","floor":29,"turns":5}],"seed_played":"-3546230544012749889","potions_obtained":[{"floor":11.0,"key":"Fire Potion"},{"floor":12.0,"key":"AttackPotion"},{"floor":13.0,"key":"ColorlessPotion"},{"floor":14.0,"key":"BlessingOfTheForge"},{"floor":16.0,"key":"Fire Potion"},{"floor":18.0,"key":"SpeedPotion"},{"floor":22,"key":"AttackPotion"}],"is_trial":false,"path_per_floor":["M","$","?","M","?","R","E","R","T","E","M","M","E","M","R","B",null,"M","$","?","$","M","R","?","R","T","$","R","E"],"character_chosen":"THE_SILENT","items_purchased":["Deadly Poison","Footwork","Mummified Hand"],"campfire_rested":4,"item_purchase_floors":[2,2,19],"current_hp_per_floor":[59,59,59,59,39,58,58,58,58,23,23,28,13,27,46,34,58,41,41,20,20,24,43,43,43,43,43,62,0,0],"gold":71,"neow_bonus":"THREE_ENEMY_KILL","is_daily":false,"chose_seed":false,"campfire_upgraded":2,"win_rate":0.0,"timestamp":1614060332,"path_taken":["M","$","?","?","?","R","E","R","T","E","M","M","E","M","R","BOSS","M","$","?","$","M","R","?","R","T","?","R","E"],"items_purchased_type":["Card","Card","Relic"],"build_version":"2020-12-22","purchased_purges":0,"victory":false,"max_hp_per_floor":[66,66,66,66,66,66,66,66,66,66,66,66,66,66,66,66,66,66,66,66,66,66,66,66,66,66,66,66,66,66],"card_choices":[{"not_picked":["Dagger Spray","Deflect"],"picked":"Catalyst","floor":1.0},{"not_picked":["Dash","Prepared"],"picked":"Bane","floor":4.0},{"not_picked":["Poisoned Stab","Heel Hook"],"picked":"Corpse Explosion","floor":7.0},{"not_picked":["Acrobatics","Blade Dance"],"picked":"Deadly Poison","floor":10.0},{"not_picked":["Underhanded Strike","Eviscerate"],"picked":"Poisoned Stab","floor":11.0},{"not_picked":["Malaise","Blade Dance"],"picked":"Deadly Poison","floor":12.0},{"not_picked":["Expertise","Bane"],"picked":"Wraith Form v2","floor":13.0},{"not_picked":["Cloak And Dagger","Bane"],"picked":"Flechettes","floor":14.0},{"not_picked":["Underhanded Strike","Sucker Punch","Bane"],"picked":"SKIP","floor":18.0},{"not_picked":["Poisoned Stab","Outmaneuver","Prepared"],"picked":"SKIP","floor":22}],"player_experience":2044828,"relics_obtained":[{"floor":7.0,"key":"Toy Ornithopter"},{"floor":9.0,"key":"Gremlin Horn"},{"floor":10.0,"key":"White Beast Statue"},{"floor":13.0,"key":"Meat on the Bone"},{"floor":20.0,"key":"Necronomicon"},{"floor":26,"key":"Boot"}],"event_choices":[{"cards_removed":["Strike_G"],"damage_healed":0.0,"max_hp_gain":0.0,"max_hp_loss":0.0,"gold_gain":0.0,"event_name":"Purifier","player_choice":"Purged","floor":3.0,"gold_loss":0.0,"damage_taken":0.0},{"damage_healed":0.0,"max_hp_gain":0.0,"max_hp_loss":0.0,"gold_gain":0.0,"event_name":"Shining Light","player_choice":"Entered Light","floor":5.0,"gold_loss":0.0,"damage_taken":20.0,"cards_upgraded":["Deadly Poison","Survivor"]},{"damage_healed":0.0,"max_hp_gain":0.0,"max_hp_loss":0.0,"gold_gain":0.0,"event_name":"Cursed Tome","player_choice":"Obtained Book","floor":20.0,"gold_loss":0.0,"damage_taken":21.0},{"damage_healed":0,"gold_gain":0,"player_choice":"Opened","damage_taken":0,"relics_obtained":["Ornamental Fan"],"max_hp_gain":0,"max_hp_loss":0,"event_name":"The Mausoleum","floor":24,"gold_loss":0,"cards_obtained":["Writhe"]}],"is_beta":false,"boss_relics":[{"not_picked":["Astrolabe","Tiny House"],"picked":"Black Star"}],"items_purged_floors":[],"is_endless":false,"potions_floor_spawned":[11,12,13,14,16,18,22],"killed_by":"Gremlin Leader","ascension_level":18}}