{"host":"bakf0s4odzu8z5xt","time":1614048911,"event":{"mods":["2.2 Compatiblity","BaseMod","Downfall","Friendly Minions","Minty Spire (QoL Compilation)","StSLib"],"gold_per_floor":[99,112,131,131,144,144,144,144,167,44,77,77,77,77,88,194,194,194,221,249,249,269,289,316,316,340,340,363,392,413,438,451,451,451,451],"floor_reached":33,"language":"ENG","playtime":2433,"items_purged":[],"score":341,"play_id":"d902e574-b212-466b-9fd2-703f66fccb2c","local_time":"20210222205511","is_ascension_mode":true,"campfire_choices":[{"data":"hexamod:Sear","floor":1,"key":"SMITH"},{"data":"hexamod:Float","floor":8,"key":"SMITH"},{"data":"hexamod:Defend","floor":12,"key":"PURGE"},{"data":"hexamod:GhostOfSpirePast","floor":18,"key":"SMITH"},{"floor":25,"key":"REST"},{"floor":27,"key":"RECALL"}],"circlet_count":0,"master_deck":["hexamod:Strike+1","hexamod:Strike","hexamod:Strike","hexamod:Defend+1","hexamod:Defend+1","hexamod:Defend+1","hexamod:Sear+1","hexamod:Float+1","hexamod:BacktrackSmack","hexamod:Hexaguard+1","hexamod:SecondSeal","hexamod:Hexaguard+1","hexamod:FlameSwitch+1","hexamod:GhostOfSpirePast+1","hexamod:GhostOfSpirePast+1","hexamod:GhostOfSpirePast+1","hexamod:SixthSeal","hexamod:BacktrackSmack","hexamod:GhostflameBarrier+1","hexamod:SpectralAdrenaline+1","hexamod:ThirdSeal","hexamod:BacktrackSmack","hexamod:ApocalypseNow"],"relics":["hexamod:UnbrokenSoul","Akabeko","The Courier","Peace Pipe","downfall:ShatteredFragment","Vajra","Slimebound:PreparedRelic"],"acts_visited":["Exordium","TheCity"],"potions_floor_usage":[28,29,29,32,33],"damage_taken":[{"damage":1,"enemies":"Small Slimes","floor":2,"turns":4},{"damage":0,"enemies":"2 Louse","floor":3,"turns":2},{"damage":0,"enemies":"Jaw Worm","floor":5,"turns":3},{"damage":9,"enemies":"Red Slaver","floor":9,"turns":3},{"damage":0,"enemies":"downfall:FleeingMerchant","floor":10,"turns":4},{"damage":13,"enemies":"3 Sentries","floor":11,"turns":9},{"damage":6,"enemies":"Exordium Thugs","floor":15,"turns":3},{"damage":7,"enemies":"IC_STATUS_ARCHETYPE","floor":16,"turns":7},{"damage":0,"enemies":"Chosen","floor":19,"turns":3},{"damage":3,"enemies":"Spheric Guardian","floor":20,"turns":4},{"damage":17,"enemies":"Snake Plant","floor":22,"turns":4},{"damage":25,"enemies":"Sentry and Sphere","floor":23,"turns":5},{"damage":0,"enemies":"Snecko","floor":26,"turns":4},{"damage":0,"enemies":"Snake Plant","floor":28,"turns":3},{"damage":23,"enemies":"Slavers","floor":29,"turns":6},{"damage":0,"enemies":"Centurion and Healer","floor":30,"turns":5},{"damage":10,"enemies":"Snecko","floor":31,"turns":4},{"damage":6,"enemies":"Snake Plant","floor":32,"turns":4},{"damage":19,"enemies":"SI_MIRROR_ARCHETYPE","floor":33,"turns":8}],"seed_played":"5983097915429876039","potions_obtained":[{"floor":2,"key":"LiquidBronze"},{"floor":9,"key":"Guardian:BlockOnCardUsePotion"},{"floor":22,"key":"LiquidBronze"},{"floor":23,"key":"FairyPotion"},{"floor":28,"key":"Strength Potion"},{"floor":30,"key":"ColorlessPotion"},{"floor":32,"key":"champ:CounterPotion"}],"is_trial":false,"path_per_floor":["R","M","M","?","M","?","T","R","M","$","E","R","?","?","M","B",null,"R","M","M","?","M","M","T","R","M","R","M","E","M","M","M","B"],"character_chosen":"THE_SPIRIT","items_purchased":["hexamod:GhostOfSpirePast","hexamod:GhostOfSpirePast"],"campfire_rested":1,"item_purchase_floors":[10,10],"current_hp_per_floor":[70,69,69,69,69,69,69,69,60,60,47,47,47,26,20,13,56,56,56,53,53,36,11,11,32,32,32,32,9,9,21,15,0,0,0],"gold":451,"neow_bonus":"REMOVE_CARD","is_daily":false,"chose_seed":false,"campfire_upgraded":3,"win_rate":0.0,"timestamp":1614048911,"path_taken":["R","M","M","?","M","?","T","R","M","$","E","R","?","?","M","BOSS","R","M","M","?","M","M","T","R","?","R","M","E","M","M","M","BOSS"],"items_purchased_type":["Card","Card"],"build_version":"2020-12-22","purchased_purges":0,"victory":false,"max_hp_per_floor":[70,70,70,70,70,70,70,70,70,70,70,70,70,70,70,70,70,70,70,70,70,70,70,70,70,70,70,70,70,70,70,70,70,70,70],"card_choices":[{"not_picked":["hexamod:EtherealExpedition","hexamod:HauntingEcho"],"picked":"hexamod:BacktrackSmack","floor":2},{"not_picked":["hexamod:Firestarter","hexamod:NightmareGuise"],"picked":"hexamod:Hexaguard","floor":3},{"not_picked":["hexamod:PowerFromBeyond","hexamod:NightmareGuise"],"picked":"hexamod:SecondSeal","floor":5},{"not_picked":["hexamod:FlamesFromBeyond","hexamod:NightmareGuise"],"picked":"hexamod:Hexaguard","floor":9},{"not_picked":["hexamod:InspiringFlames","hexamod:EtherealExpedition"],"picked":"hexamod:FlameSwitch","floor":10},{"not_picked":["hexamod:FourthSeal","hexamod:SpectralAdrenaline"],"picked":"hexamod:GhostOfSpirePast","floor":11},{"not_picked":["hexamod:NightmareStrike","hexamod:FastForward","hexamod:SwordOfDarkness"],"picked":"SKIP","floor":15},{"not_picked":["hexamod:VolcanoVisage","hexamod:TurnItUp"],"picked":"hexamod:SixthSeal","floor":16},{"not_picked":["hexamod:GhostLash","hexamod:Incineration","hexamod:GhostShield"],"picked":"SKIP","floor":19},{"not_picked":["hexamod:FlamesFromBeyond","hexamod:ExtraCrispy+1"],"picked":"hexamod:BacktrackSmack","floor":20},{"not_picked":["hexamod:NightmareGuise+1","hexamod:EtherealExpedition","hexamod:SuperheatedStrike+1"],"picked":"SKIP","floor":22},{"not_picked":["hexamod:RadiantFlame","hexamod:RecurringNightmare","hexamod:PhantomFireball"],"picked":"SKIP","floor":23},{"not_picked":["hexamod:NightmareStrike","hexamod:GhostShield"],"picked":"hexamod:GhostflameBarrier+1","floor":26},{"not_picked":["hexamod:Again","hexamod:ShieldOfDarkness","hexamod:HeatMetal"],"picked":"SKIP","floor":28},{"not_picked":["hexamod:BurningTouch+1","hexamod:ExtraCrispy"],"picked":"hexamod:SpectralAdrenaline","floor":29},{"not_picked":["hexamod:SecondSeal","hexamod:GhostOfSpireFuture","hexamod:NightmareGuise"],"picked":"SKIP","floor":30},{"not_picked":["hexamod:GhostOfSpireFuture","hexamod:RecurringNightmare"],"picked":"hexamod:ThirdSeal","floor":31},{"not_picked":["hexamod:FlamesFromBeyond","hexamod:SwordOfDarkness"],"picked":"hexamod:BacktrackSmack","floor":32},{"not_picked":["hexamod:RecurringNightmare","hexamod:HauntingEcho+1"],"picked":"hexamod:ApocalypseNow","floor":32}],"player_experience":2257289,"relics_obtained":[{"floor":7,"key":"The Courier"},{"floor":11,"key":"Peace Pipe"},{"floor":24,"key":"Vajra"},{"floor":29,"key":"Slimebound:PreparedRelic"}],"event_choices":[{"damage_healed":0,"gold_gain":0,"player_choice":"Grow","damage_taken":0,"max_hp_gain":0,"max_hp_loss":0,"event_name":"Living Wall","floor":13,"gold_loss":0,"cards_upgraded":["hexamod:FlameSwitch"]},{"damage_healed":0,"gold_gain":0,"player_choice":"Forge","damage_taken":0,"max_hp_gain":0,"max_hp_loss":0,"event_name":"Accursed Blacksmith","floor":21,"gold_loss":0,"cards_upgraded":["hexamod:GhostOfSpirePast"]}],"is_beta":false,"boss_relics":[{"not_picked":["Astrolabe","Velvet Choker"],"picked":"hexamod:UnbrokenSoul"}],"items_purged_floors":[],"is_endless":false,"potions_floor_spawned":[2,9,22,23,26,28,30,32],"killed_by":"SI_MIRROR_ARCHETYPE","ascension_level":5}}