{"host":"lsq35p0sdkx2xifo","time":1614083799,"event":{"mods":["AchievementEnabler","BaseMod","Highlight Path","Minty Spire (QoL Compilation)","StSLib"],"gold_per_floor":[15,15,25,25,45,77,77,111,159,159,169,169,187,19,19,94,94,114,114,70,81,81,110,110,110],"floor_reached":24,"language":"ENG","playtime":1110,"items_purged":[],"score":403,"play_id":"17dea269-e04a-4da2-b13b-d963909a45f1","local_time":"20210223043639","is_ascension_mode":true,"campfire_choices":[{"floor":7,"key":"REST"},{"floor":12,"key":"REST"},{"floor":15,"key":"REST"}],"circlet_count":0,"master_deck":["AscendersBane","Strike_G","Strike_G","Strike_G","Strike_G","Defend_G","Defend_G","Defend_G","Defend_G","Defend_G","Survivor","Neutralize+1","Poisoned Stab","Backflip","Bouncing Flask","Cloak And Dagger","Backstab+1","Poisoned Stab","Unload","Bullet Time","Noxious Fumes+1","Slice","Footwork+1","Well Laid Plans+1","Writhe","Terror"],"relics":["Ring of the Snake","Frozen Egg 2","Bronze Scales","Anchor","Whetstone","Question Card","TwistedFunnel","SlaversCollar","Centennial Puzzle","Pocketwatch"],"acts_visited":["Exordium","TheCity"],"potions_floor_usage":[16,23],"damage_taken":[{"damage":2,"enemies":"Small Slimes","floor":1,"turns":5},{"damage":1,"enemies":"Cultist","floor":3,"turns":4},{"damage":0,"enemies":"Jaw Worm","floor":5,"turns":4},{"damage":52,"enemies":"3 Sentries","floor":6,"turns":12},{"damage":32,"enemies":"Lagavulin","floor":8,"turns":7},{"damage":0,"enemies":"Exordium Wildlife","floor":11,"turns":4},{"damage":0,"enemies":"Looter","floor":13,"turns":3},{"damage":15,"enemies":"The Guardian","floor":16,"turns":8},{"damage":7,"enemies":"2 Thieves","floor":18,"turns":4},{"damage":7,"enemies":"Shell Parasite","floor":21,"turns":4},{"damage":37,"enemies":"Gremlin Leader","floor":23,"turns":6},{"damage":25,"enemies":"Sentry and Sphere","floor":24,"turns":4}],"seed_played":"7165516391866836152","potions_obtained":[{"floor":1,"key":"Weak Potion"},{"floor":8,"key":"SteroidPotion"},{"floor":13,"key":"Weak Potion"},{"floor":16,"key":"EssenceOfSteel"},{"floor":21,"key":"Dexterity Potion"}],"is_trial":false,"path_per_floor":["M","?","M","?","M","E","R","E","T","T","M","R","M","$","R","B",null,"M","?","$","M","?","E","M"],"character_chosen":"THE_SILENT","items_purchased":["TwistedFunnel","Footwork+1"],"campfire_rested":3,"item_purchase_floors":[14,20],"current_hp_per_floor":[69,69,68,73,73,21,45,13,13,13,13,37,37,37,61,46,74,67,67,67,60,60,23,0,0],"gold":110,"neow_bonus":"TWENTY_PERCENT_HP_BONUS","is_daily":false,"chose_seed":false,"campfire_upgraded":0,"win_rate":0.0,"timestamp":1614083799,"path_taken":["M","?","?","?","M","E","R","E","T","?","M","R","M","$","R","BOSS","M","?","?","M","?","E","M"],"items_purchased_type":["Relic","Card"],"build_version":"2020-12-22","purchased_purges":0,"victory":false,"max_hp_per_floor":[78,78,78,83,83,83,83,83,83,83,83,83,83,83,83,83,83,83,83,83,83,83,83,83,83],"card_choices":[{"not_picked":["Crippling Poison","Bane"],"picked":"Poisoned Stab","floor":1},{"not_picked":["Sucker Punch","Flechettes"],"picked":"Backflip","floor":3},{"not_picked":["Sucker Punch","Tactician"],"picked":"Bouncing Flask","floor":5},{"not_picked":["Distraction","Calculated Gamble"],"picked":"Cloak And Dagger","floor":6},{"not_picked":["Outmaneuver","Setup"],"picked":"Backstab","floor":8},{"not_picked":["Slice","Predator","All Out Attack"],"picked":"Poisoned Stab","floor":11},{"not_picked":["Prepared","Accuracy+1","Dagger Spray"],"picked":"Unload","floor":13},{"not_picked":["Doppelganger","Glass Knife","Adrenaline"],"picked":"Bullet Time","floor":16},{"not_picked":["Dagger Spray","Caltrops+1","Deflect"],"picked":"Noxious Fumes+1","floor":18},{"not_picked":["Expertise","Underhanded Strike","PiercingWail"],"picked":"Well Laid Plans+1","floor":21},{"not_picked":["Slice","Flying Knee","Dodge and Roll"],"picked":"Terror","floor":23}],"player_experience":1306691,"relics_obtained":[{"floor":6,"key":"Bronze Scales"},{"floor":8,"key":"Anchor"},{"floor":9,"key":"Whetstone"},{"floor":10,"key":"Question Card"},{"floor":23,"key":"Pocketwatch"}],"event_choices":[{"damage_healed":0,"gold_gain":0,"player_choice":"Gave Potion","damage_taken":0,"relics_obtained":["Frozen Egg 2"],"max_hp_gain":0,"max_hp_loss":0,"event_name":"WeMeetAgain","floor":2,"gold_loss":0},{"damage_healed":0,"gold_gain":0,"player_choice":"Donut","damage_taken":0,"max_hp_gain":5,"max_hp_loss":0,"event_name":"Big Fish","floor":4,"gold_loss":0},{"damage_healed":0,"gold_gain":0,"cards_transformed":["Strike_G"],"player_choice":"Transformed","damage_taken":0,"max_hp_gain":0,"max_hp_loss":0,"event_name":"Transmorgrifier","floor":19,"gold_loss":0,"cards_obtained":["Slice"]},{"damage_healed":0,"gold_gain":0,"player_choice":"Opened","damage_taken":0,"relics_obtained":["Centennial Puzzle"],"max_hp_gain":0,"max_hp_loss":0,"event_name":"The Mausoleum","floor":22,"gold_loss":0,"cards_obtained":["Writhe"]}],"is_beta":false,"boss_relics":[{"not_picked":["Tiny House","Fusion Hammer"],"picked":"SlaversCollar"}],"items_purged_floors":[],"is_endless":false,"potions_floor_spawned":[1,8,13,16,21],"killed_by":"Sentry and Sphere","ascension_level":16}}