{"host":"72n3jwtrlpjobydj","time":1614120985,"event":{"mods":["AchievementEnabler","Act Like it!","Arknights","BaseMod","CapriCore","DeckTracker","Hermit","Koishi","Lobotomy","Marisa£¨Ùöéë¡¡Øª×âÞÞ£©","Minty Spire (QoL Compilation)","Permanent Neow","StSLib","SuperFastMode","The Cursed","The Gatherer","The Hierophant","The Immortal"],"gold_per_floor":[114,114,124,124,142,142,171,171,171,203,203,59,89,103,103,198,198,213,213,202,28,45,45,80,130,181,207,226,241,241,252,252,252,252],"floor_reached":33,"language":"KOR","playtime":988,"items_purged":[],"score":320,"play_id":"7cd8cb69-0302-4b61-bca5-605d08ca88f9","local_time":"20210224075625","is_ascension_mode":true,"campfire_choices":[{"data":"Flex","floor":6,"key":"SMITH"},{"floor":8,"key":"REST"},{"floor":15,"key":"REST"},{"floor":23,"key":"REST"},{"floor":30,"key":"REST"},{"floor":32,"key":"RECALL"}],"circlet_count":0,"master_deck":["Strike_R","Strike_R","Strike_R","Defend_R","Defend_R","Defend_R","Defend_R","Bash","Flex+1","Spot Weakness","Intimidate","Pommel Strike","Inflame","Evolve+1","Armaments","Pommel Strike","Shrug It Off","Double Tap","Offering","Flex","Heavy Blade","Twin Strike","Sword Boomerang+1","Clumsy","Armaments+1"],"relics":["Burning Blood","NeowsBlessing","Bird Faced Urn","Singing Bowl","Du-Vu Doll","Frozen Egg 2","Ornamental Fan","Cursed Key","Membership Card","Letter Opener","CeramicFish"],"acts_visited":["Exordium","TheCity"],"potions_floor_usage":[10,16,24,29,29],"damage_taken":[{"damage":0,"enemies":"2 Louse","floor":1,"turns":1},{"damage":0,"enemies":"Cultist","floor":3,"turns":1},{"damage":0,"enemies":"Jaw Worm","floor":5,"turns":1},{"damage":54,"enemies":"Lagavulin","floor":7,"turns":7},{"damage":22,"enemies":"3 Sentries","floor":10,"turns":8},{"damage":36,"enemies":"Gremlin Nob","floor":13,"turns":5},{"damage":10,"enemies":"Exordium Wildlife","floor":14,"turns":5},{"damage":36,"enemies":"The Guardian","floor":16,"turns":13},{"damage":17,"enemies":"Spheric Guardian","floor":18,"turns":4},{"damage":18,"enemies":"2 Thieves","floor":20,"turns":4},{"damage":29,"enemies":"Snake Plant","floor":22,"turns":4},{"damage":24,"enemies":"Gremlin Leader","floor":24,"turns":6},{"damage":31,"enemies":"Book of Stabbing","floor":27,"turns":4},{"damage":13,"enemies":"3 Cultists","floor":28,"turns":4},{"damage":14,"enemies":"Centurion and Healer","floor":29,"turns":3},{"damage":22,"enemies":"Snecko","floor":31,"turns":5},{"damage":65,"enemies":"Automaton","floor":33,"turns":6}],"seed_played":"-2026808604945284128","potions_obtained":[{"floor":3,"key":"CultistPotion"},{"floor":13,"key":"Swift Potion"},{"floor":16,"key":"Swift Potion"},{"floor":20,"key":"Dexterity Potion"},{"floor":22,"key":"Regen Potion"},{"floor":27,"key":"ElixirPotion"}],"is_trial":false,"path_per_floor":["M","?","M","?","M","R","E","R","T","E","T","$","E","M","R","B",null,"M","?","M","$","M","R","E","?","T","E","M","M","R","M","R","B"],"character_chosen":"IRONCLAD","items_purchased":["Evolve+1","Armaments","Pommel Strike","Heavy Blade","Membership Card"],"campfire_rested":4,"item_purchase_floors":[12,12,12,21,21],"current_hp_per_floor":[80,80,80,73,79,79,31,55,55,39,39,39,13,13,37,11,80,73,73,67,67,48,72,70,70,70,49,46,42,67,57,57,0,0],"gold":252,"neow_bonus":"THREE_ENEMY_KILL","is_daily":false,"chose_seed":false,"campfire_upgraded":1,"win_rate":0.0,"timestamp":1614120985,"path_taken":["M","?","?","?","M","R","E","R","T","E","?","$","E","M","R","BOSS","M","?","M","$","M","R","E","?","T","E","M","?","R","M","R","BOSS"],"items_purchased_type":["Card","Card","Card","Card","Relic"],"build_version":"2020-12-22","purchased_purges":0,"victory":false,"max_hp_per_floor":[80,80,80,80,80,80,80,80,80,80,80,80,80,80,80,80,80,80,80,82,82,82,82,82,82,82,84,84,86,86,88,88,88,88],"card_choices":[{"not_picked":["Shrug It Off","Shockwave"],"picked":"Flex","floor":1},{"not_picked":["Infernal Blade","Clothesline"],"picked":"Spot Weakness","floor":3},{"not_picked":["Shockwave","Metallicize"],"picked":"Intimidate","floor":5},{"not_picked":["Warcry","Dual Wield"],"picked":"Pommel Strike","floor":7},{"not_picked":["Flame Barrier","Headbutt"],"picked":"Inflame","floor":10},{"not_picked":["Rupture+1","Pommel Strike"],"picked":"Shrug It Off","floor":13},{"not_picked":["Body Slam","Thunderclap"],"picked":"Double Tap","floor":14},{"not_picked":["Fiend Fire","Juggernaut+1"],"picked":"Offering","floor":16},{"not_picked":["Armaments+1","Feel No Pain+1"],"picked":"Flex","floor":18},{"not_picked":["Perfected Strike","Clothesline+1","Metallicize+1"],"picked":"Singing Bowl","floor":20},{"not_picked":["Anger","Pommel Strike"],"picked":"Twin Strike","floor":22},{"not_picked":["Infernal Blade","Exhume"],"picked":"Sword Boomerang+1","floor":24},{"not_picked":["Perfected Strike+1","Clash","Combust+1"],"picked":"Singing Bowl","floor":27},{"not_picked":["Pommel Strike","Sword Boomerang"],"picked":"Armaments+1","floor":28},{"not_picked":["Thunderclap","True Grit","Havoc"],"picked":"Singing Bowl","floor":29},{"not_picked":["Wild Strike","True Grit+1","Havoc"],"picked":"Singing Bowl","floor":31}],"player_experience":135547,"relics_obtained":[{"floor":7,"key":"Bird Faced Urn"},{"floor":9,"key":"Singing Bowl"},{"floor":10,"key":"Du-Vu Doll"},{"floor":11,"key":"Frozen Egg 2"},{"floor":13,"key":"Ornamental Fan"},{"floor":24,"key":"Letter Opener"},{"floor":27,"key":"CeramicFish"}],"event_choices":[{"cards_removed":["Strike_R"],"damage_healed":0,"gold_gain":0,"player_choice":"Purged","damage_taken":0,"max_hp_gain":0,"max_hp_loss":0,"event_name":"Purifier","floor":2,"gold_loss":0},{"cards_removed":["Strike_R"],"damage_healed":0,"gold_gain":0,"player_choice":"Card Removal","damage_taken":7,"max_hp_gain":0,"max_hp_loss":0,"event_name":"Golden Wing","floor":4,"gold_loss":0},{"damage_healed":0,"gold_gain":0,"player_choice":"Ignored","damage_taken":0,"max_hp_gain":0,"max_hp_loss":0,"event_name":"Cursed Tome","floor":19,"gold_loss":0},{"damage_healed":0,"gold_gain":100,"player_choice":"Bet on Murderer","damage_taken":0,"max_hp_gain":0,"max_hp_loss":0,"event_name":"The Joust","floor":25,"gold_loss":50}],"is_beta":false,"boss_relics":[{"not_picked":["Ectoplasm","Astrolabe"],"picked":"Cursed Key"}],"items_purged_floors":[],"is_endless":false,"potions_floor_spawned":[3,13,16,20,22,27],"killed_by":"Automaton","ascension_level":1}}