{"host":"IMPacifista","time":1614064587,"event":{"mods":["BaseMod","Minty Spire (QoL Compilation)"],"gold_per_floor":[113,63,79,90,100,128,128,128,128,128,128],"floor_reached":10,"language":"ENG","playtime":4546,"items_purged":[],"score":99,"play_id":"2cd43140-3fdf-4f6b-b976-9fc068f9e01c","local_time":"20210222231627","is_ascension_mode":true,"campfire_choices":[{"floor":7,"key":"REST"}],"circlet_count":0,"master_deck":["Strike_R","Strike_R","Strike_R","Strike_R","Defend_R","Defend_R","Defend_R","Defend_R","Bash","Metallicize","Shrug It Off","Sword Boomerang","Wild Strike","Combust","Infernal Blade","Bash","Sword Boomerang"],"relics":["Burning Blood","Blue Candle","Bottled Flame"],"acts_visited":["Exordium"],"potions_floor_usage":[],"damage_taken":[{"damage":8,"enemies":"2 Louse","floor":1,"turns":4},{"damage":15,"enemies":"Jaw Worm","floor":3,"turns":5},{"damage":5,"enemies":"Cultist","floor":4,"turns":4},{"damage":3,"enemies":"Exordium Wildlife","floor":5,"turns":4},{"damage":56,"enemies":"Lagavulin","floor":6,"turns":11},{"damage":52,"enemies":"3 Sentries","floor":10,"turns":6}],"seed_played":"8413587335380357800","potions_obtained":[{"floor":3,"key":"BloodPotion"},{"floor":4,"key":"ElixirPotion"},{"floor":5,"key":"Ancient Potion"}],"is_trial":false,"path_per_floor":["M","?","M","M","M","E","R","?","T","E"],"character_chosen":"IRONCLAD","items_purchased":[],"campfire_rested":1,"item_purchase_floors":[],"current_hp_per_floor":[78,78,69,70,73,23,49,49,49,0,0],"gold":128,"neow_bonus":"TEN_PERCENT_HP_BONUS","is_daily":false,"chose_seed":false,"campfire_upgraded":0,"win_rate":0.0,"timestamp":1614064587,"path_taken":["M","?","M","M","M","E","R","?","T","E"],"items_purchased_type":[],"build_version":"2020-12-18","purchased_purges":0,"victory":false,"max_hp_per_floor":[88,88,88,88,88,88,88,88,88,88,88],"card_choices":[{"not_picked":["True Grit","Feel No Pain"],"picked":"Metallicize","floor":1},{"not_picked":["Body Slam","Flex"],"picked":"Shrug It Off","floor":3},{"not_picked":["Battle Trance","Burning Pact"],"picked":"Sword Boomerang","floor":4},{"not_picked":["Hemokinesis","Second Wind"],"picked":"Wild Strike","floor":5},{"not_picked":["Clash","Burning Pact"],"picked":"Combust","floor":6}],"player_experience":323557,"relics_obtained":[{"floor":6,"key":"Blue Candle"},{"floor":9,"key":"Bottled Flame"}],"event_choices":[{"cards_removed":["Strike_R"],"damage_healed":0,"gold_gain":0,"player_choice":"Card Removal","damage_taken":0,"max_hp_gain":0,"max_hp_loss":0,"event_name":"The Cleric","floor":2,"gold_loss":50},{"damage_healed":0,"gold_gain":0,"player_choice":"3 cards matched","damage_taken":0,"max_hp_gain":0,"max_hp_loss":0,"event_name":"Match and Keep!","floor":8,"gold_loss":0,"cards_obtained":["Infernal Blade","Bash","Sword Boomerang"]}],"is_beta":true,"boss_relics":[],"items_purged_floors":[],"is_endless":false,"potions_floor_spawned":[3,4,5],"killed_by":"3 Sentries","ascension_level":9}}