{"host":"4c7m9tuvqombcnjj","time":1614050202,"event":{"mods":["100% Spire Juice","ATMod(°¢èªMod)","Act Like it!","Aspiration","Astrologer","BaseMod","Conspire","Dota2Spire","Downfall","Gensokyo","GungeonMod","Hallownest","HololiveMod","Jedi Mod","Jorbs\u0027s Wanderer Trilogy","Koishi","KomeijiMod","Lobotomy","LobotomyExtend","Minty Spire (QoL Compilation)","MostiFishMod","Quarter Circle Forward PUNCH!","Reimu£¨²©ÀöÁéÃÎ£©","Reliquary","Remilia£¨ÀÙÃ×ÀòÑÇ£©","Replay The Spire","RumiaBox-Â¶Ã×æ«µÄÉñÃØºÐ×Ó","Smile Girya","StSLib","TestMod","The Animator","The Bug Knight","The Construct","The Cursed","The Hierophant","The Jungle","The Runesmith","Yuri Mod","[IsaacMod]ÒÔÈö¼âËþ","¡¾¹¦ÄÜMod¡¿»ìãçÖ®»·ÐÞ¸´²¹¶¡","¡¾ÒÅÎï¿¨ÅÆ¡¿REMEMod"],"gold_per_floor":[116,126,140,159,191,223,223,103,103,114,144,144,39,39,39],"floor_reached":14,"language":"ZHS","playtime":429,"items_purged":[],"score":160,"play_id":"3e2b9d8e-8865-4402-be14-e160065db102","local_time":"20210223111642","is_ascension_mode":true,"campfire_choices":[{"floor":7,"key":"RECALL"}],"circlet_count":0,"master_deck":["Moonworks:Strike","Moonworks:Strike","Moonworks:Strike","Moonworks:Strike","Moonworks:Defend","Moonworks:Defend","Moonworks:Defend","Moonworks:Defend","Moonworks:Ambush","Moonworks:LongDistanceShot","AT_LightSaberMaster","astrologer:Novile","Moonworks:Gamble","Moonworks:CloudOfSeagulls","Moonworks:JonathanRush","Moonworks:CloudOfSeagulls","Moonworks:EvilSpyWorkPreparation","Moonworks:EvilSpyWorkPreparation","Moonworks:DeployBits","Moonworks:SealedMemories","Moonworks:StarBlastingFuse","Moonworks:JonathanRush"],"relics":["Moonworks:BrokenBomb","Moonworks:Homemark","HushsDoor","REME_ComplimentaryCards","DaveBox","testmod-TestBox","AT_ATBox","testmod-Charity","BirthdayGift-Tetrahedron","Leech","SynthV:TestCard","Shuriken","DemoMod:GlassGuonStoneRelic","qcfpunch:Red_Gi"],"acts_visited":["Exordium"],"potions_floor_usage":[],"damage_taken":[{"damage":2,"enemies":"Cultist","floor":1,"turns":2},{"damage":2,"enemies":"Small Slimes","floor":2,"turns":2},{"damage":1,"enemies":"2 Louse","floor":3,"turns":1},{"damage":0,"enemies":"Exordium Thugs","floor":4,"turns":1},{"damage":2,"enemies":"conspire:MimicChest","floor":5,"turns":2},{"damage":10,"enemies":"Replay:BlueRogue","floor":6,"turns":3},{"damage":9,"enemies":"2 Fungi Beasts","floor":10,"turns":2},{"damage":4,"enemies":"Gremlin Nob","floor":11,"turns":3},{"damage":4,"enemies":"Large Slime","floor":13,"turns":3},{"damage":999,"enemies":"Lagavulin","floor":14,"turns":1}],"seed_played":"6708367196688946154","potions_obtained":[{"floor":1,"key":"jedi:tentaclejuice"},{"floor":2,"key":"SpeedPotion"},{"floor":4,"key":"AttackPotion"}],"is_trial":false,"path_per_floor":["M","M","M","M","?","E","R","$","T","M","E","?","M","E"],"character_chosen":"THE_STARBREAKER","items_purchased":[],"campfire_rested":0,"item_purchase_floors":[],"current_hp_per_floor":[59,59,60,62,62,55,55,55,55,48,47,47,46,0,0],"gold":39,"neow_bonus":"ONE_RANDOM_RARE_CARD","is_daily":false,"chose_seed":false,"campfire_upgraded":0,"win_rate":0.0,"timestamp":1614050202,"path_taken":["M","M","M","M","?","E","R","$","T","M","E","?","M","E"],"items_purchased_type":[],"build_version":"2020-12-22","purchased_purges":0,"victory":false,"max_hp_per_floor":[61,62,63,64,65,66,66,66,66,67,68,68,69,69,69],"card_choices":[{"not_picked":[],"picked":"Bomb","floor":0},{"not_picked":["Moonworks:SakisCookie","Moonworks:ImOnFire"],"picked":"Moonworks:CloudOfSeagulls","floor":1},{"not_picked":["Moonworks:NicePresent","Moonworks:IndiscriminateFireSupport","Moonworks:ReproductionOfRecords","Moonworks:EvilSpyWorkPreparation"],"picked":"Moonworks:JonathanRush","floor":2},{"not_picked":["Moonworks:BackdoorTrade","Moonworks:SubspaceTunnel","Moonworks:LulusLuckyEgg","Moonworks:MiracleWalker"],"picked":"Moonworks:CloudOfSeagulls","floor":3},{"not_picked":["Moonworks:BigMagnum","Moonworks:IndiscriminateFireSupport","Moonworks:RagingMadness","Moonworks:SakisCookie"],"picked":"Moonworks:EvilSpyWorkPreparation","floor":4},{"not_picked":["Moonworks:Assault","Moonworks:NicePresent","Moonworks:UnpaidWork","Moonworks:DeployBits"],"picked":"Moonworks:EvilSpyWorkPreparation","floor":5},{"not_picked":["Moonworks:Heat300Percent","Moonworks:LulusLuckyEgg","Moonworks:StiffCrystal","Moonworks:FullSpeedAlicianrone"],"picked":"Moonworks:DeployBits","floor":6},{"not_picked":["Moonworks:MiracleWalker","Moonworks:SweetBattle","Moonworks:Bloodlust","Moonworks:EvilSpyWorkPreparation"],"picked":"Moonworks:SealedMemories","floor":10},{"not_picked":["Moonworks:AngelHand","Moonworks:LulusLuckyEgg","Moonworks:ForcedRevival","Bomb"],"picked":"Moonworks:StarBlastingFuse","floor":11},{"not_picked":["Moonworks:ImOnFire","Moonworks:IndiscriminateFireSupport","Moonworks:LuckyCharm","Moonworks:EvilSpyWorkPreparation"],"picked":"Moonworks:JonathanRush","floor":13}],"player_experience":85890,"relics_obtained":[{"floor":1,"key":"SynthV:TestCard"},{"floor":6,"key":"Shuriken"},{"floor":11,"key":"qcfpunch:Red_Gi"}],"event_choices":[{"damage_healed":0,"gold_gain":0,"player_choice":"Bought 0 Potions","damage_taken":0,"max_hp_gain":0,"max_hp_loss":0,"event_name":"The Woman in Blue","floor":12,"gold_loss":0}],"is_beta":false,"boss_relics":[],"items_purged_floors":[],"is_endless":false,"potions_floor_spawned":[1,2,4,11,13],"killed_by":"Lagavulin","ascension_level":1}}