{"host":"v4pe0ixo3k7iwzp0","time":1614067919,"event":{"mods":["BaseMod","Bestiary","Highlight Path","Minty Spire (QoL Compilation)","Railgun Mod","StSLib","The Senshi"],"gold_per_floor":[110,110,120,134,61,61,91,109,109,109,126,158,158,175,175,273,273,285,200,200,44,55,55,82,95,177,177,192,212,112,131,131,131,131],"floor_reached":33,"language":"ENG","playtime":1732,"items_purged":["Strike_P","Strike_P"],"score":293,"play_id":"a89a6bb4-5338-4faf-9e36-1c3724c9c62a","local_time":"20210223001159","is_ascension_mode":true,"campfire_choices":[{"data":"PathToVictory","floor":6.0,"key":"SMITH"},{"floor":10.0,"key":"REST"},{"floor":13.0,"key":"REST"},{"data":"PathToVictory","floor":15.0,"key":"SMITH"},{"floor":23,"key":"REST"},{"floor":27,"key":"REST"},{"floor":32,"key":"REST"}],"circlet_count":0,"master_deck":["Strike_P","Strike_P","Defend_P","Defend_P","Defend_P","Defend_P","Eruption","Vigilance","PathToVictory+1","EmptyBody","LikeWater","PathToVictory+1","EmptyFist","Meditate","FearNoEvil","EmptyBody","WaveOfTheHand"],"relics":["PureWater","Centennial Puzzle","Bronze Scales","Shuriken","Philosopher\u0027s Stone","Dream Catcher","Smiling Mask","Mummified Hand"],"acts_visited":["Exordium","TheCity"],"potions_floor_usage":[24,24,31,33],"damage_taken":[{"damage":3.0,"enemies":"Small Slimes","floor":1.0,"turns":3.0},{"damage":1.0,"enemies":"Cultist","floor":3.0,"turns":4.0},{"damage":8.0,"enemies":"2 Louse","floor":4.0,"turns":3.0},{"damage":30.0,"enemies":"3 Sentries","floor":7.0,"turns":19.0},{"damage":6.0,"enemies":"Large Slime","floor":8.0,"turns":8.0},{"damage":4.0,"enemies":"Blue Slaver","floor":11.0,"turns":2.0},{"damage":13.0,"enemies":"Lagavulin","floor":12.0,"turns":5.0},{"damage":0.0,"enemies":"Exordium Wildlife","floor":14.0,"turns":3.0},{"damage":38.0,"enemies":"Hexaghost","floor":16.0,"turns":9.0},{"damage":15.0,"enemies":"3 Byrds","floor":18.0,"turns":3.0},{"damage":12.0,"enemies":"Spheric Guardian","floor":22.0,"turns":5.0},{"damage":10,"enemies":"Book of Stabbing","floor":24,"turns":5},{"damage":16,"enemies":"Shelled Parasite and Fungi","floor":25,"turns":4},{"damage":16,"enemies":"Centurion and Healer","floor":28,"turns":5},{"damage":21,"enemies":"Snake Plant","floor":29,"turns":3},{"damage":7,"enemies":"Snecko","floor":31,"turns":4},{"damage":53,"enemies":"Automaton","floor":33,"turns":6}],"seed_played":"-722843246029671607","potions_obtained":[{"floor":4.0,"key":"BlessingOfTheForge"},{"floor":7.0,"key":"Ancient Potion"},{"floor":22.0,"key":"Weak Potion"},{"floor":24,"key":"Energy Potion"}],"is_trial":false,"path_per_floor":["M","?","M","M","$","R","E","M","T","R","M","E","R","M","R","B",null,"M","?","?","$","M","R","E","M","T","R","M","M","$","M","R","B"],"character_chosen":"WATCHER","items_purchased":["LikeWater","FearNoEvil","Block Potion"],"campfire_rested":5,"item_purchase_floors":[5,21,30],"current_hp_per_floor":[76,76,75,67,67,67,37,31,31,54,50,37,60,60,60,22,79,64,64,64,64,52,75,65,49,49,72,56,35,35,28,51,0,0],"gold":131,"neow_bonus":"TEN_PERCENT_HP_BONUS","is_daily":false,"chose_seed":false,"campfire_upgraded":2,"win_rate":0.0,"timestamp":1614067919,"path_taken":["M","?","M","M","$","R","E","?","T","R","M","E","R","M","R","BOSS","M","?","?","$","M","R","E","M","T","R","M","M","$","M","R","BOSS"],"items_purchased_type":["Card","Card","Potion"],"build_version":"2020-12-22","purchased_purges":2,"victory":false,"max_hp_per_floor":[79,79,79,79,79,79,79,79,79,79,79,79,79,79,79,79,79,79,79,79,79,79,79,79,79,79,79,79,79,79,79,79,79,79],"card_choices":[{"not_picked":["JustLucky","WindmillStrike"],"picked":"PathToVictory","floor":1.0},{"not_picked":["Crescendo","Worship","FearNoEvil"],"picked":"SKIP","floor":3.0},{"not_picked":["ThirdEye","Consecrate"],"picked":"EmptyBody","floor":4.0},{"not_picked":["CrushJoints","Worship","Perseverance"],"picked":"SKIP","floor":7.0},{"not_picked":["CutThroughFate","LikeWater"],"picked":"PathToVictory","floor":8.0},{"not_picked":["Prostrate","Study"],"picked":"EmptyFist","floor":11.0},{"not_picked":["Wish","BowlingBash","Collect"],"picked":"SKIP","floor":12.0},{"not_picked":["FlurryOfBlows","EmptyFist","FlyingSleeves"],"picked":"SKIP","floor":14.0},{"not_picked":["FlurryOfBlows","Prostrate+1","CrushJoints+1"],"picked":"SKIP","floor":18.0},{"not_picked":["Consecrate","SashWhip","Adaptation+1"],"picked":"SKIP","floor":22.0},{"not_picked":["WreathOfFlame","FollowUp"],"picked":"EmptyBody","floor":23},{"not_picked":["ThirdEye","CutThroughFate","Vault"],"picked":"SKIP","floor":24},{"not_picked":["BowlingBash","LikeWater","Worship"],"picked":"SKIP","floor":25},{"not_picked":["CutThroughFate","FlyingSleeves","ClearTheMind"],"picked":"SKIP","floor":28},{"not_picked":["BowlingBash+1","Consecrate","Prostrate"],"picked":"SKIP","floor":29},{"not_picked":["Tantrum+1","Evaluate+1"],"picked":"WaveOfTheHand","floor":31}],"player_experience":193061,"relics_obtained":[{"floor":7.0,"key":"Centennial Puzzle"},{"floor":9.0,"key":"Bronze Scales"},{"floor":12.0,"key":"Shuriken"},{"floor":24,"key":"Smiling Mask"},{"floor":26,"key":"Mummified Hand"}],"event_choices":[{"damage_healed":0.0,"max_hp_gain":0.0,"max_hp_loss":0.0,"gold_gain":0.0,"event_name":"FaceTrader","player_choice":"Leave","floor":2.0,"gold_loss":0.0,"damage_taken":0.0},{"damage_healed":0.0,"max_hp_gain":0.0,"max_hp_loss":0.0,"gold_gain":0.0,"event_name":"Addict","player_choice":"Obtained Relic","floor":19.0,"gold_loss":85.0,"damage_taken":0.0,"relics_obtained":["Dream Catcher"]},{"damage_healed":0.0,"max_hp_gain":0.0,"max_hp_loss":0.0,"gold_gain":0.0,"event_name":"The Library","player_choice":"Read","floor":20.0,"gold_loss":0.0,"damage_taken":0.0,"cards_obtained":["Meditate"]}],"is_beta":false,"boss_relics":[{"not_picked":["HolyWater","Pandora\u0027s Box"],"picked":"Philosopher\u0027s Stone"}],"items_purged_floors":[21,30],"is_endless":false,"potions_floor_spawned":[4,7,11,22,24],"killed_by":"Automaton","ascension_level":1}}