{"host":"og21o26alpnbwmz8","time":1614092728,"event":{"mods":["2.2 Compatiblity","Act Like it!","Aspiration","BaseMod","Conspire","Downfall","Gensokyo","Halation","Hermit","Hubris","Jedi Mod","Mimic Mod","Minty Spire (QoL Compilation)","Pale of the Ancients","Reliquary","Replay The Spire","Shop Mod","Spikes Relics","StSLib","The Alterego","The Animator","The Blue Laboratory","The Bug Knight","Waifu the Spire","Yuri Mod"],"gold_per_floor":[119,133,151,16,16,16,46,46,46,46,121,121,141,158,158,256,256,275,291,308,408,426,426,457,457,457,357,101,101,101,114,114,216,216,234,83,97,97,97,97,114,129,179,197,197,197],"floor_reached":45,"language":"ENG","playtime":1893,"items_purged":["hermit:Strike_Hermit","hermit:Strike_Hermit"],"score":435,"play_id":"58911a4c-d5f1-4c70-9a7a-f95803482bc5","local_time":"20210223100528","is_ascension_mode":false,"campfire_choices":[{"data":"hermit:Vantage","floor":6,"key":"SMITH"},{"data":"hermit:Ricochet","floor":8,"key":"SMITH"},{"data":"hermit:WideOpen","floor":12,"key":"SMITH"},{"data":"hermit:FlashPowder","floor":12,"key":"SMITH"},{"data":"hermit:Dive","floor":15,"key":"SMITH"},{"data":"hermit:BigShot","floor":15,"key":"SMITH"},{"data":"hermit:Brawl","floor":23,"key":"SMITH"},{"data":"hermit:Defend_Hermit","floor":23,"key":"SMITH"},{"data":"hermit:BigShot","floor":25,"key":"SMITH"},{"data":"hermit:Defend_Hermit","floor":25,"key":"SMITH"},{"data":"hermit:Defend_Hermit","floor":29,"key":"SMITH"},{"data":"hermit:Defend_Hermit","floor":29,"key":"SMITH"},{"data":"hermit:Glare","floor":32,"key":"SMITH"},{"data":"hermit:Cheat","floor":32,"key":"SMITH"},{"data":"hermit:Strike_Hermit","floor":39,"key":"SMITH"},{"data":"hermit:Covet","floor":39,"key":"SMITH"},{"floor":40,"key":"RECALL"}],"circlet_count":0,"master_deck":["hermit:Strike_Hermit+1","hermit:Strike_Hermit+1","hermit:Defend_Hermit+1","hermit:Defend_Hermit+1","hermit:Defend_Hermit+1","hermit:Defend_Hermit+1","hermit:Snapshot+1","hermit:Covet+1","hermit:Ricochet+1","hermit:Brawl+1","hermit:BigShot+1","hermit:Enervate+1","hermit:Cheat+1","hermit:WideOpen+1","hermit:Vantage+1","hermit:FlashPowder+1","hermit:Glare+1","hermit:Dive+1","hermit:Dive+1","hermit:BigShot+1","hermit:CalledShot+1"],"relics":["hermit:Momento","jedi:arcanewood","Replay:Arrowhead","hermit:BartenderGlass","Orichalcum","conspire:BottledYoYo","halation:PinkSoulGem","CosmicIsotope","Lee\u0027s Waffle","Replay:Mystery Machine"],"acts_visited":["Exordium","TheCity","TheBeyond"],"potions_floor_usage":[18,18,19,19,20,20,22,22,24,31,31,33,33,35,35,41,41,41,42,42,45,45],"damage_taken":[{"damage":0,"enemies":"Small Slimes","floor":1,"turns":2},{"damage":0,"enemies":"Cultist","floor":2,"turns":3},{"damage":6,"enemies":"Jaw Worm","floor":3,"turns":2},{"damage":4,"enemies":"Lagavulin","floor":7,"turns":6},{"damage":0,"enemies":"2 Fungi Beasts","floor":13,"turns":3},{"damage":1,"enemies":"3 Louse","floor":14,"turns":3},{"damage":7,"enemies":"Hexaghost","floor":16,"turns":10},{"damage":0,"enemies":"3 Byrds","floor":18,"turns":6},{"damage":0,"enemies":"Chosen","floor":19,"turns":4},{"damage":6,"enemies":"Sentry and Sphere","floor":20,"turns":6},{"damage":16,"enemies":"Shelled Parasite and Fungi","floor":22,"turns":6},{"damage":14,"enemies":"Replay:Snechameleon","floor":24,"turns":8},{"damage":0,"enemies":"Centurion and Healer","floor":31,"turns":4},{"damage":35,"enemies":"Champ","floor":33,"turns":13},{"damage":20,"enemies":"3 Shapes","floor":35,"turns":6},{"damage":0,"enemies":"3 Darklings","floor":37,"turns":1},{"damage":12,"enemies":"Transient","floor":41,"turns":5},{"damage":0,"enemies":"Jaw Worm Horde","floor":42,"turns":4},{"damage":21,"enemies":"3 Darklings","floor":44,"turns":3},{"damage":57,"enemies":"Nemesis","floor":45,"turns":6}],"seed_played":"-6184837921433396014","potions_obtained":[{"floor":2,"key":"SteroidPotion"},{"floor":13,"key":"hermit:Eclipse"},{"floor":14,"key":"blueLaboratory:HorrorPotion"},{"floor":18,"key":"Block Potion"},{"floor":41,"key":"jedi:mysterypotion"},{"floor":42,"key":"ColorlessPotion"}],"is_trial":false,"path_per_floor":["M","M","M","$","?","R","E","R","T","$","?","R","M","M","R","B",null,"M","M","M","?","M","R","E","R","T","$","$","R","?","M","R","B",null,"M","$","M","?","R","R","M","M","T","M","E"],"character_chosen":"HERMIT","items_purchased":["hermit:Enervate+1","conspire:BottledYoYo","Lee\u0027s Waffle"],"campfire_rested":0,"item_purchase_floors":[4,28,36],"current_hp_per_floor":[75,75,69,69,69,69,65,65,65,65,58,58,58,57,57,50,75,75,75,69,69,53,53,39,39,39,39,39,39,39,39,39,6,77,57,84,84,84,84,84,72,72,72,51,0,0],"gold":197,"neow_bonus":"UPGRADE_CARD","is_daily":false,"chose_seed":false,"campfire_upgraded":16,"win_rate":0.0,"timestamp":1614092728,"path_taken":["M","M","M","$","?","R","E","R","T","$","?","R","M","M","R","BOSS","M","?","M","?","?","R","E","R","T","?","$","R","?","M","R","BOSS","M","$","?","?","?","R","M","?","T","M","E"],"items_purchased_type":["Card","Relic","Relic"],"build_version":"2020-12-22","purchased_purges":2,"victory":false,"max_hp_per_floor":[75,75,75,75,75,75,75,75,75,75,75,75,75,75,75,75,75,75,75,75,75,75,75,75,75,75,75,75,75,75,75,75,77,77,77,84,84,84,84,84,84,84,84,84,84,84],"card_choices":[{"not_picked":["hermit:Desperado","hermit:Misfire"],"picked":"hermit:Ricochet","floor":1},{"not_picked":["hermit:BodyArmor","hermit:HoleUp"],"picked":"hermit:Brawl","floor":2},{"not_picked":["hermit:Manifest","hermit:Headshot"],"picked":"hermit:BigShot","floor":3},{"not_picked":["hermit:HoleUp","hermit:Manifest","hermit:Misfire"],"picked":"SKIP","floor":7},{"not_picked":["hermit:Misfire","hermit:Enervate"],"picked":"hermit:Dive","floor":13},{"not_picked":["hermit:Quickdraw","hermit:LuckOfTheDraw","hermit:DeadMansHand"],"picked":"SKIP","floor":14},{"not_picked":["hermit:Quickdraw","hermit:Feint","hermit:Spite"],"picked":"SKIP","floor":18},{"not_picked":["hermit:Spite","hermit:Malice","hermit:Roulette"],"picked":"SKIP","floor":19},{"not_picked":["hermit:CalledShot","hermit:WideOpen","hermit:Misfire"],"picked":"SKIP","floor":20},{"not_picked":["hermit:DeadMansHand","hermit:Midnight"],"picked":"hermit:Dive+1","floor":22},{"not_picked":["hermit:Headshot","hermit:HighCaliber"],"picked":"hermit:BigShot","floor":24},{"not_picked":["hermit:EternalForm","hermit:WideOpen+1","hermit:Desperado"],"picked":"SKIP","floor":31},{"not_picked":["hermit:Glare","hermit:Coalescence","hermit:Spite"],"picked":"SKIP","floor":35},{"not_picked":["hermit:Ricochet","hermit:Spite+1","hermit:BodyArmor"],"picked":"SKIP","floor":37},{"not_picked":["hermit:ItchyTrigger+1","hermit:Roulette+1"],"picked":"hermit:CalledShot+1","floor":41},{"not_picked":["hermit:Dive+1","hermit:HighCaliber+1","hermit:BlackWind"],"picked":"SKIP","floor":42},{"not_picked":["hermit:CursedWeapon+1","hermit:Desperado","hermit:Brawl"],"picked":"SKIP","floor":44}],"player_experience":415368,"relics_obtained":[{"floor":7,"key":"jedi:arcanewood"},{"floor":9,"key":"Replay:Arrowhead"},{"floor":24,"key":"Orichalcum"},{"floor":43,"key":"Replay:Mystery Machine"}],"event_choices":[{"damage_healed":0,"gold_gain":75,"player_choice":"Touch","damage_taken":7,"max_hp_gain":0,"max_hp_loss":0,"event_name":"FaceTrader","floor":11,"gold_loss":0},{"damage_healed":0,"gold_gain":100,"player_choice":"Pray","damage_taken":0,"max_hp_gain":0,"max_hp_loss":0,"event_name":"Golden Shrine","floor":21,"gold_loss":0}],"is_beta":false,"boss_relics":[{"not_picked":["hermit:DentedPlate","halation:CatFaceCupcake"],"picked":"hermit:BartenderGlass"},{"not_picked":["ChewingGum","halation:Risk"],"picked":"CosmicIsotope"}],"items_purged_floors":[4,27],"is_endless":false,"potions_floor_spawned":[2,13,14,18,22,24,41,42],"killed_by":"Nemesis","ascension_level":0}}