{"host":"z37g2hkgkh2zjyzk","time":1614047346,"event":{"mods":["2.2 Compatiblity","AchievementEnabler","BaseMod","Bestiary","Colored Map","Colored Powertips","Curses Come First","Highlight Path","Keyboard Shortcuts","Minty Spire (QoL Compilation)","Relic Stats","StSLib","SuperFastMode"],"gold_per_floor":[117,117,128,303,316,343,343,358,358,58,90,90,90,101,101,206,206,233,245,182,209,235,247,290,302,314,326,437,468,511,523,523],"floor_reached":31,"language":"ENG","playtime":1314,"items_purged":["Doubt"],"score":393,"play_id":"9566682b-64a3-4753-8370-0737a4f54215","local_time":"20210223032906","is_ascension_mode":true,"campfire_choices":[{"floor":7.0,"key":"REST"},{"data":"Capacitor","floor":12.0,"key":"SMITH"},{"floor":15.0,"key":"REST"},{"data":"Ghostly","floor":23,"key":"SMITH"},{"data":"Ghostly","floor":25,"key":"SMITH"},{"data":"Ghostly","floor":27,"key":"SMITH"}],"circlet_count":0,"master_deck":["Strike_B","Strike_B","Strike_B+1","Defend_B","Defend_B","Defend_B","Defend_B","Zap","Dualcast","Redo+1","Streamline","Ball Lightning+1","Coolheaded","Go for the Eyes","Capacitor+1","Turbo","Hologram","Seek","CurseOfTheBell","Coolheaded","Ghostly+1","Ghostly+1","Ghostly+1","Ghostly","Ghostly","Self Repair+1","Static Discharge+1","Coolheaded"],"relics":["Cracked Core","NeowsBlessing","Toy Ornithopter","Ancient Tea Set","OrangePellets","Pear","Calling Bell","MawBank","Frozen Egg 2","Gambling Chip","Shuriken","InkBottle","Du-Vu Doll"],"acts_visited":["Exordium","TheCity"],"potions_floor_usage":[24,24,30],"damage_taken":[{"damage":0.0,"enemies":"2 Louse","floor":1.0,"turns":1.0},{"damage":0.0,"enemies":"Jaw Worm","floor":3.0,"turns":1.0},{"damage":0.0,"enemies":"Small Slimes","floor":5.0,"turns":1.0},{"damage":37.0,"enemies":"Gremlin Nob","floor":6.0,"turns":4.0},{"damage":2.0,"enemies":"2 Fungi Beasts","floor":8.0,"turns":3.0},{"damage":21.0,"enemies":"Lagavulin","floor":11.0,"turns":6.0},{"damage":0.0,"enemies":"Gremlin Gang","floor":14.0,"turns":3.0},{"damage":47.0,"enemies":"Hexaghost","floor":16.0,"turns":8.0},{"damage":19,"enemies":"3 Byrds","floor":18,"turns":6},{"damage":2,"enemies":"Chosen","floor":21,"turns":5},{"damage":17,"enemies":"Centurion and Healer","floor":22,"turns":10},{"damage":21,"enemies":"Book of Stabbing","floor":24,"turns":7},{"damage":0,"enemies":"Snake Plant","floor":29,"turns":5},{"damage":36,"enemies":"Gremlin Leader","floor":30,"turns":7},{"damage":12,"enemies":"Shelled Parasite and Fungi","floor":31,"turns":4}],"seed_played":"-9030654410929076030","potions_obtained":[{"floor":3.0,"key":"SneckoOil"},{"floor":6.0,"key":"ColorlessPotion"},{"floor":14.0,"key":"Energy Potion"},{"floor":16.0,"key":"Fire Potion"},{"floor":22,"key":"Explosive Potion"},{"floor":24,"key":"SteroidPotion"},{"floor":30,"key":"FearPotion"}],"is_trial":false,"path_per_floor":["M","?","M","?","M","E","R","M","T","$","E","R","?","M","R","B",null,"M","?","?","M","M","R","E","R","T","R","?","M","E","M"],"character_chosen":"DEFECT","items_purchased":["OrangePellets","Capacitor"],"campfire_rested":2,"item_purchase_floors":[10,10],"current_hp_per_floor":[68,68,68,68,68,31,53,51,51,51,40,40,23,23,48,11,67,48,42,42,40,33,33,31,31,31,31,31,41,10,0,0],"gold":523,"neow_bonus":"THREE_ENEMY_KILL","is_daily":false,"chose_seed":false,"campfire_upgraded":4,"win_rate":0.0,"timestamp":1614047346,"path_taken":["M","?","M","?","M","E","R","M","T","$","E","R","?","M","R","BOSS","M","?","?","M","M","R","E","R","T","R","?","M","E","M"],"items_purchased_type":["Relic","Card"],"build_version":"2020-12-22","purchased_purges":1,"victory":false,"max_hp_per_floor":[75,75,75,75,75,75,75,75,75,75,85,85,85,85,85,85,85,85,42,42,42,42,42,42,42,42,42,42,42,42,42,42],"relic_stats":{"OrangePellets":[3],"counters":[15,71],"Shuriken":[0],"Gambling Chip":[15],"MawBank":168,"obtain_stats":[{"Pear":11,"NeowsBlessing":0,"Frozen Egg 2":17,"Ancient Tea Set":9,"MawBank":17,"Calling Bell":17,"Du-Vu Doll":30,"OrangePellets":10,"Shuriken":24,"Gambling Chip":17,"Cracked Core":0,"Toy Ornithopter":6,"InkBottle":26},{"Pear":6,"NeowsBlessing":0,"Frozen Egg 2":8,"Ancient Tea Set":5,"MawBank":8,"Calling Bell":8,"Du-Vu Doll":14,"OrangePellets":5,"Shuriken":12,"Gambling Chip":8,"Cracked Core":0,"Toy Ornithopter":4,"InkBottle":12},{"Pear":16,"NeowsBlessing":0,"Frozen Egg 2":27,"Ancient Tea Set":10,"MawBank":27,"Calling Bell":27,"Du-Vu Doll":67,"OrangePellets":10,"Shuriken":55,"Gambling Chip":27,"Cracked Core":0,"Toy Ornithopter":7,"InkBottle":55}],"Toy Ornithopter":24,"InkBottle":[6]},"card_choices":[{"not_picked":["Steam","Static Discharge"],"picked":"Redo","floor":1.0},{"not_picked":["Recycle","Ball Lightning"],"picked":"Streamline","floor":3.0},{"not_picked":["Barrage","Compile Driver"],"picked":"Ball Lightning","floor":5.0},{"not_picked":["Genetic Algorithm","Chaos"],"picked":"Coolheaded","floor":6.0},{"not_picked":["Machine Learning","Melter"],"picked":"Go for the Eyes","floor":8.0},{"not_picked":["Coolheaded","Rebound"],"picked":"Turbo","floor":11.0},{"not_picked":["Turbo","Conserve Battery"],"picked":"Hologram","floor":14.0},{"not_picked":["Rainbow","Hyperbeam"],"picked":"Seek","floor":16.0},{"not_picked":["Static Discharge+1","Beam Cell"],"picked":"Coolheaded","floor":18},{"not_picked":["Force Field","Sweeping Beam+1"],"picked":"Self Repair+1","floor":21},{"not_picked":["Redo+1","Steam+1","Gash"],"picked":"SKIP","floor":22},{"not_picked":["Consume","Hello World+1"],"picked":"Static Discharge+1","floor":24},{"not_picked":["Go for the Eyes","Conserve Battery"],"picked":"Coolheaded","floor":29},{"not_picked":["Doom and Gloom","Leap","Storm+1"],"picked":"SKIP","floor":30}],"player_experience":222181,"relics_obtained":[{"floor":6.0,"key":"Toy Ornithopter"},{"floor":9.0,"key":"Ancient Tea Set"},{"floor":11.0,"key":"Pear"},{"floor":17.0,"key":"MawBank"},{"floor":17.0,"key":"Frozen Egg 2"},{"floor":17.0,"key":"Gambling Chip"},{"floor":24,"key":"Shuriken"},{"floor":26,"key":"InkBottle"},{"floor":30,"key":"Du-Vu Doll"}],"event_choices":[{"damage_healed":0.0,"max_hp_gain":0.0,"max_hp_loss":0.0,"gold_gain":0.0,"event_name":"Living Wall","player_choice":"Grow","floor":2.0,"gold_loss":0.0,"damage_taken":0.0,"cards_upgraded":["Redo"]},{"damage_healed":0.0,"max_hp_gain":0.0,"max_hp_loss":0.0,"gold_gain":175.0,"event_name":"Liars Game","player_choice":"AGREE","floor":4.0,"gold_loss":0.0,"damage_taken":0.0,"cards_obtained":["Doubt"]},{"damage_healed":0.0,"max_hp_gain":0.0,"max_hp_loss":0.0,"gold_gain":0.0,"event_name":"Shining Light","player_choice":"Entered Light","floor":13.0,"gold_loss":0.0,"damage_taken":17.0,"cards_upgraded":["Strike_B","Ball Lightning"]},{"damage_healed":0,"gold_gain":0,"player_choice":"Became a Ghost","damage_taken":0,"max_hp_gain":0,"max_hp_loss":43,"event_name":"Ghosts","floor":19,"gold_loss":0,"cards_obtained":["Ghostly","Ghostly","Ghostly","Ghostly","Ghostly"]},{"cards_removed":["Strike_B"],"damage_healed":0,"gold_gain":0,"player_choice":"Gave Gold","damage_taken":0,"max_hp_gain":0,"max_hp_loss":0,"event_name":"Beggar","floor":20,"gold_loss":75},{"damage_healed":0,"gold_gain":99,"player_choice":"Stole From Cult","damage_taken":0,"max_hp_gain":0,"max_hp_loss":0,"event_name":"Nest","floor":28,"gold_loss":0}],"is_beta":false,"boss_relics":[{"not_picked":["Runic Dome","Coffee Dripper"],"picked":"Calling Bell"}],"items_purged_floors":[10],"is_endless":false,"potions_floor_spawned":[3,6,14,16,22,24,30],"killed_by":"Shelled Parasite and Fungi","ascension_level":6}}