{"host":"qrfkyfrpo74atslb","time":1614065760,"event":{"mods":["Bartender","BaseMod","Beaked The Cultist","CapriCore","Colored Map","Colored Powertips","Conspire","DeckTracker","Downfall","Hermit","Hubris","Koishi","LagranYue(???·?)","Marisa????????","Minty Spire (QoL Compilation)","Prisma Mod","Remilia??????","StSLib","The Alterego","The Cursed","The Immortal","The Mystic","The Necromancer","The Servant 0.9.4","The Wild Card","Yakumo Yukari mod","Yuyuko"],"gold_per_floor":[113,113,44,61,61,61,92,92,115,126,126,140,124,49,49,144,144,164,164,164,174,189,189,189],"floor_reached":23,"language":"ENG","playtime":1095,"items_purged":[],"score":216,"play_id":"53d426c4-96e6-4352-97fa-fdad6cbed241","local_time":"20210223203600","is_ascension_mode":false,"campfire_choices":[{"data":"hermit:Vantage","floor":6,"key":"SMITH"},{"data":"hermit:Maintenance","floor":8,"key":"SMITH"},{"data":"hermit:FatalDesire","floor":11,"key":"SMITH"},{"data":"hermit:Combo","floor":15,"key":"SMITH"}],"circlet_count":0,"master_deck":["hermit:Strike_Hermit","hermit:Strike_Hermit","hermit:Strike_Hermit","hermit:Strike_Hermit","hermit:Defend_Hermit","hermit:Defend_Hermit","hermit:Defend_Hermit","hermit:Defend_Hermit","hermit:Snapshot","hermit:Glare","hermit:TrackingShot","hermit:Vantage+1","hermit:GhostlyPresence","hermit:Maintenance+1","hermit:FatalDesire+1","hermit:Snipe","hermit:Midnight","hermit:Combo+1","hermit:OverwhelmingPower","hermit:Quickdraw","hermit:Feint","hermit:WideOpen+1"],"relics":["hermit:Momento","LagranYue:RandomDrawCardRelic","NeowsBlessing","Nunchaku","Pear","MealTicket","conspire:SpecialSausage"],"acts_visited":["Exordium","TheCity"],"potions_floor_usage":[13,16,16,18,23],"damage_taken":[{"damage":0,"enemies":"Cultist","floor":1,"turns":1},{"damage":0,"enemies":"Small Slimes","floor":4,"turns":2},{"damage":0,"enemies":"Gremlin Nob","floor":7,"turns":1},{"damage":8,"enemies":"Jaw Worm","floor":10,"turns":2},{"damage":4,"enemies":"2 Fungi Beasts","floor":12,"turns":3},{"damage":11,"enemies":"Exordium Thugs","floor":13,"turns":6},{"damage":6,"enemies":"Hexaghost","floor":16,"turns":9},{"damage":47,"enemies":"3 Byrds","floor":18,"turns":8},{"damage":37,"enemies":"2 Thieves","floor":21,"turns":5},{"damage":12,"enemies":"Snecko","floor":22,"turns":5},{"damage":26,"enemies":"Book of Stabbing","floor":23,"turns":4}],"seed_played":"-8875990337197865327","potions_obtained":[{"floor":2,"key":"Dexterity Potion"},{"floor":2,"key":"SkillPotion"},{"floor":2,"key":"Regen Potion"},{"floor":7,"key":"Strength Potion"},{"floor":16,"key":"conspire:TimeTravelPotion"},{"floor":18,"key":"AttackPotion"}],"is_trial":false,"path_per_floor":["M","?","$","M","?","R","E","R","T","M","R","M","M","$","R","B",null,"M","?","$","M","M","E"],"character_chosen":"HERMIT","items_purchased":["hermit:TrackingShot","hermit:Vantage","hermit:Combo"],"campfire_rested":0,"item_purchase_floors":[3,3,14],"current_hp_per_floor":[75,75,75,75,75,75,85,85,85,77,77,73,62,77,77,71,85,60,60,75,38,26,0,0],"gold":189,"neow_bonus":"THREE_ENEMY_KILL","is_daily":false,"chose_seed":false,"campfire_upgraded":4,"win_rate":0.0,"timestamp":1614065760,"path_taken":["M","?","$","?","?","R","E","R","T","M","R","?","?","?","R","BOSS","M","?","?","M","M","E"],"items_purchased_type":["Card","Card","Card"],"build_version":"2020-12-22","purchased_purges":0,"victory":false,"max_hp_per_floor":[75,75,75,75,75,75,85,85,85,85,85,85,85,85,85,85,85,85,85,85,85,85,85,85],"card_choices":[{"not_picked":["hermit:Roulette","hermit:Manifest"],"picked":"hermit:Glare","floor":1},{"not_picked":["hermit:Glare","hermit:Roulette"],"picked":"hermit:GhostlyPresence","floor":4},{"not_picked":["hermit:CalledShot","hermit:LowProfile"],"picked":"hermit:Maintenance","floor":7},{"not_picked":["hermit:LowProfile","hermit:EyeOfTheStorm"],"picked":"hermit:FatalDesire","floor":10},{"not_picked":["hermit:Headshot","hermit:HoleUp"],"picked":"hermit:Snipe","floor":12},{"not_picked":["hermit:LowProfile","hermit:NoHoldsBarred"],"picked":"hermit:Midnight","floor":13},{"not_picked":["hermit:FatalDesire","hermit:Reprieve"],"picked":"hermit:OverwhelmingPower","floor":16},{"not_picked":["hermit:Ricochet","hermit:Scavenge"],"picked":"hermit:Quickdraw","floor":18},{"not_picked":["hermit:Ricochet","hermit:Combo","hermit:Deadeye"],"picked":"SKIP","floor":21},{"not_picked":["hermit:LowProfile+1","hermit:Vantage+1"],"picked":"hermit:WideOpen+1","floor":22}],"player_experience":120066,"relics_obtained":[{"floor":5,"key":"Nunchaku"},{"floor":7,"key":"Pear"},{"floor":9,"key":"MealTicket"}],"event_choices":[{"damage_healed":0,"gold_gain":0,"player_choice":"Got Potions","damage_taken":0,"max_hp_gain":0,"max_hp_loss":0,"event_name":"Lab","floor":2,"gold_loss":0},{"damage_healed":0,"gold_gain":0,"player_choice":"Relic","damage_taken":0,"max_hp_gain":0,"max_hp_loss":0,"event_name":"Wheel of Change","floor":5,"gold_loss":0},{"damage_healed":0,"gold_gain":0,"cards_transformed":["hermit:Covet"],"player_choice":"Transformed","damage_taken":0,"max_hp_gain":0,"max_hp_loss":0,"event_name":"Transmorgrifier","floor":19,"gold_loss":0,"cards_obtained":["hermit:Feint"]}],"is_beta":false,"boss_relics":[{"not_picked":["Velvet Choker","hubris:RunicObelisk"],"picked":"conspire:SpecialSausage"}],"items_purged_floors":[],"is_endless":false,"potions_floor_spawned":[4,7,16,18],"killed_by":"Book of Stabbing","ascension_level":0}}