{"host":"u7lm8z2rvb4dg2oo","time":1614057530,"event":{"mods":["AchievementEnabler","BaseMod","Bestiary","Block Reminder","Colored Map","Colored Powertips","Curses Come First","DeckTracker","Googly Eyes","Highlight Path","Minty Spire (QoL Compilation)","Quick Restart","StSLib"],"gold_per_floor":[112,112,132,132,39,67,67,98,98,3,3,23,41,55,55,134,134,149,165,190,190,240,273,273,288,288,288,303,39,39,11,11,84,84,100,118,136,14,30,30,47,47,70,292,292,306,75,87,87,87],"floor_reached":51,"language":"ENG","playtime":3309,"items_purged":["Strike_G","Strike_G"],"score":1277,"play_id":"15703fa0-1113-45a1-9116-82622a23e003","local_time":"20210223001850","is_ascension_mode":true,"campfire_choices":[{"data":"Terror","floor":7.0,"key":"SMITH"},{"floor":11.0,"key":"REST"},{"data":"Cloak And Dagger","floor":15.0,"key":"SMITH"},{"floor":24.0,"key":"REST"},{"floor":27.0,"key":"REST"},{"floor":30.0,"key":"REST"},{"data":"Finisher","floor":32.0,"key":"SMITH"},{"floor":40.0,"key":"REST"},{"data":"Cloak And Dagger","floor":42.0,"key":"SMITH"},{"floor":49.0,"key":"REST"}],"circlet_count":0,"master_deck":["AscendersBane","Strike_G","Defend_G","Defend_G","Defend_G+1","Defend_G","Defend_G","Survivor","Neutralize","Deadly Poison","Terror+1","Cloak And Dagger+1","Adrenaline+1","PiercingWail","Noxious Fumes+1","Accuracy+1","Infinite Blades+1","Wraith Form v2+1","Blade Dance","Backstab","Blur+1","Cloak And Dagger+1","Footwork+1","Finisher+1","Malaise","Blade Dance","PiercingWail+1","Corpse Explosion","Infinite Blades+1","Trip","Well Laid Plans+1","Swift Strike"],"relics":["Ring of the Snake","NeowsBlessing","Pocketwatch","Frozen Egg 2","Gremlin Horn","Ice Cream","Empty Cage","Red Mask","Snake Skull","Omamori","Membership Card","WristBlade","War Paint","Ancient Tea Set"],"acts_visited":["Exordium","TheCity","TheBeyond"],"potions_floor_usage":[50,50],"damage_taken":[{"damage":0.0,"enemies":"Cultist","floor":1.0,"turns":1.0},{"damage":0.0,"enemies":"Jaw Worm","floor":3.0,"turns":1.0},{"damage":0.0,"enemies":"Gremlin Nob","floor":6.0,"turns":1.0},{"damage":35.0,"enemies":"Lagavulin","floor":8.0,"turns":7.0},{"damage":0.0,"enemies":"Small Slimes","floor":12.0,"turns":3.0},{"damage":0.0,"enemies":"2 Fungi Beasts","floor":13.0,"turns":3.0},{"damage":3.0,"enemies":"Blue Slaver","floor":14.0,"turns":5.0},{"damage":10.0,"enemies":"The Guardian","floor":16.0,"turns":7.0},{"damage":3.0,"enemies":"3 Byrds","floor":18.0,"turns":5.0},{"damage":18.0,"enemies":"Chosen","floor":19.0,"turns":5.0},{"damage":20.0,"enemies":"Masked Bandits","floor":20.0,"turns":5.0},{"damage":4.0,"enemies":"Slavers","floor":23.0,"turns":5.0},{"damage":11.0,"enemies":"Shelled Parasite and Fungi","floor":25.0,"turns":4.0},{"damage":14.0,"enemies":"Centurion and Healer","floor":28.0,"turns":5.0},{"damage":9.0,"enemies":"Champ","floor":33.0,"turns":10.0},{"damage":0.0,"enemies":"3 Darklings","floor":35.0,"turns":5.0},{"damage":0.0,"enemies":"3 Shapes","floor":36.0,"turns":5.0},{"damage":13.0,"enemies":"Spire Growth","floor":37.0,"turns":5.0},{"damage":15.0,"enemies":"Maw","floor":39.0,"turns":6.0},{"damage":0.0,"enemies":"Sphere and 2 Shapes","floor":41.0,"turns":3.0},{"damage":20.0,"enemies":"Jaw Worm Horde","floor":46.0,"turns":4.0},{"damage":14.0,"enemies":"Transient","floor":48.0,"turns":6.0},{"damage":24,"enemies":"Donu and Deca","floor":50,"turns":7}],"seed_played":"8653314058531182992","potions_obtained":[{"floor":3.0,"key":"SpeedPotion"},{"floor":13.0,"key":"Regen Potion"},{"floor":14.0,"key":"GhostInAJar"},{"floor":19.0,"key":"CultistPotion"},{"floor":20.0,"key":"EntropicBrew"},{"floor":28.0,"key":"GhostInAJar"},{"floor":36.0,"key":"DuplicationPotion"},{"floor":41.0,"key":"Fruit Juice"},{"floor":46.0,"key":"SkillPotion"}],"is_trial":false,"path_per_floor":["M","?","M","?","$","E","R","E","T","$","R","M","M","M","R","B",null,"M","M","?","?","?","E","R","M","T","R","M","$","R","$","R","B",null,"M","M","M","$","M","R","M","R","T","?","?","M","$","M","R","B",null],"character_chosen":"THE_SILENT","items_purchased":["Terror","Cloak And Dagger","Noxious Fumes+1","Strength Potion","Membership Card","Footwork+1","Finisher","Energy Potion","Corpse Explosion","War Paint","Well Laid Plans+1","Ancient Tea Set","Strength Potion","Swift Strike"],"campfire_rested":6,"item_purchase_floors":[5,5,10,10,29,29,29,31,38,38,47,47,47,47],"current_hp_per_floor":[59,59,59,59,59,59,59,24,24,24,43,43,43,55,55,45,61,58,40,20,20,20,16,35,24,24,43,29,29,48,48,48,39,59,59,59,46,46,31,50,55,55,55,55,55,35,35,21,42,18],"gold":87,"neow_bonus":"THREE_ENEMY_KILL","is_daily":false,"chose_seed":false,"campfire_upgraded":4,"win_rate":0.0,"timestamp":1614057530,"path_taken":["M","?","M","?","$","E","R","E","T","$","R","M","?","M","R","BOSS","M","M","?","?","?","E","R","M","T","R","?","$","R","$","R","BOSS","M","M","M","$","M","R","M","R","T","?","?","M","$","M","R","BOSS"],"items_purchased_type":["Card","Card","Card","Potion","Relic","Card","Card","Potion","Card","Relic","Card","Relic","Potion","Card"],"build_version":"2020-12-22","purchased_purges":2,"victory":true,"max_hp_per_floor":[66,66,66,66,66,66,66,66,66,66,66,66,66,66,66,66,66,66,66,66,66,66,66,66,66,66,66,66,66,66,66,66,66,66,66,66,66,66,66,66,71,71,71,71,71,71,71,71,71,71],"card_choices":[{"not_picked":["Bane","Heel Hook"],"picked":"Deadly Poison","floor":1.0},{"not_picked":["Heel Hook","Masterful Stab","Flechettes"],"picked":"SKIP","floor":3.0},{"not_picked":["Backstab","Skewer"],"picked":"Adrenaline","floor":6.0},{"not_picked":["Blade Dance","Deflect"],"picked":"PiercingWail","floor":8.0},{"not_picked":["Cloak And Dagger","Slice"],"picked":"Accuracy+1","floor":12.0},{"not_picked":["Flechettes","Prepared","Doppelganger"],"picked":"SKIP","floor":13.0},{"not_picked":["Dagger Spray","Reflex"],"picked":"Infinite Blades+1","floor":14.0},{"not_picked":["Venomology","Doppelganger"],"picked":"Wraith Form v2+1","floor":16.0},{"not_picked":["Slice","Expertise","Quick Slash"],"picked":"SKIP","floor":18.0},{"not_picked":["Backstab","Setup"],"picked":"Blade Dance","floor":19.0},{"not_picked":["Masterful Stab","Escape Plan"],"picked":"Backstab","floor":20.0},{"not_picked":["Flying Knee","Slice"],"picked":"Blur+1","floor":23.0},{"not_picked":["Underhanded Strike","Sucker Punch","Caltrops+1"],"picked":"SKIP","floor":25.0},{"not_picked":["Heel Hook","Dagger Throw"],"picked":"Cloak And Dagger","floor":28.0},{"not_picked":["Doppelganger","Venomology"],"picked":"Malaise","floor":33.0},{"not_picked":["Underhanded Strike","Deadly Poison+1"],"picked":"Blade Dance","floor":35.0},{"not_picked":["Poisoned Stab","Dagger Spray"],"picked":"PiercingWail+1","floor":36.0},{"not_picked":["Backflip","Prepared","Deadly Poison"],"picked":"SKIP","floor":37.0},{"not_picked":["Distraction","Blur+1","Malaise"],"picked":"SKIP","floor":39.0},{"not_picked":["Flying Knee+1","Predator"],"picked":"Infinite Blades+1","floor":41.0},{"not_picked":["Forethought","Good Instincts"],"picked":"Trip","floor":45.0},{"not_picked":["Calculated Gamble+1","Acrobatics","Outmaneuver+1"],"picked":"SKIP","floor":46.0},{"not_picked":["Outmaneuver","Bane","Heel Hook+1"],"picked":"SKIP","floor":48.0}],"player_experience":2040038,"relics_obtained":[{"floor":6.0,"key":"Frozen Egg 2"},{"floor":8.0,"key":"Gremlin Horn"},{"floor":9.0,"key":"Ice Cream"},{"floor":20.0,"key":"Red Mask"},{"floor":23.0,"key":"Snake Skull"},{"floor":26.0,"key":"Omamori"}],"event_choices":[{"damage_healed":0.0,"max_hp_gain":0.0,"max_hp_loss":0.0,"gold_gain":0.0,"event_name":"Big Fish","player_choice":"Box","floor":2.0,"gold_loss":0.0,"damage_taken":0.0,"relics_obtained":["Pocketwatch"],"cards_obtained":["Regret"]},{"cards_removed":["Regret"],"damage_healed":0.0,"max_hp_gain":0.0,"max_hp_loss":0.0,"gold_gain":0.0,"event_name":"Living Wall","player_choice":"Forget","floor":4.0,"gold_loss":0.0,"damage_taken":0.0},{"damage_healed":0.0,"max_hp_gain":0.0,"max_hp_loss":0.0,"gold_gain":0.0,"event_name":"Masked Bandits","player_choice":"Fought Bandits","floor":20.0,"gold_loss":0.0,"damage_taken":0.0},{"damage_healed":0.0,"max_hp_gain":0.0,"max_hp_loss":0.0,"gold_gain":0.0,"event_name":"Vampires","player_choice":"Ignored","floor":21.0,"gold_loss":0.0,"damage_taken":0.0},{"damage_healed":0.0,"max_hp_gain":0.0,"max_hp_loss":0.0,"gold_gain":50.0,"event_name":"Nest","player_choice":"Stole From Cult","floor":22.0,"gold_loss":0.0,"damage_taken":0.0},{"damage_healed":0.0,"max_hp_gain":0.0,"max_hp_loss":0.0,"gold_gain":222.0,"event_name":"Tomb of Lord Red Mask","player_choice":"Wore Mask","floor":44.0,"gold_loss":0.0,"damage_taken":0.0},{"damage_healed":0.0,"max_hp_gain":0.0,"max_hp_loss":0.0,"gold_gain":0.0,"event_name":"SensoryStone","player_choice":"Memory 1","floor":45.0,"gold_loss":0.0,"damage_taken":0.0}],"is_beta":false,"boss_relics":[{"not_picked":["Runic Dome","HoveringKite"],"picked":"Empty Cage"},{"not_picked":["Busted Crown","Philosopher\u0027s Stone"],"picked":"WristBlade"}],"items_purged_floors":[29,47],"is_endless":false,"potions_floor_spawned":[3,13,14,19,20,28,36,39,41,46,48],"ascension_level":17}}