{"host":"7gewg82ormp6yt4e","time":1614070622,"event":{"mods":["BaseMod","Block Reminder","Colored Map","DeckTracker","Highlight Path","Minty Spire (QoL Compilation)","Relic Stats","StSLib","ojb\u0027s Info Mod"],"gold_per_floor":[109,109,124,124,124,124,143,177,200,236,236,236,277,298,298,394,394,410,173,173,192,215,215,246,246,246,246,246,246,280,293,293,389,389,414,435,449,213,163,163,197,228,228,228,243,243,264,278,278,278,278],"floor_reached":50,"language":"JPN","playtime":3695,"items_purged":["Strike_P"],"score":1356,"play_id":"7269f907-420a-41a2-a418-552d96e6bf90","local_time":"20210223175702","is_ascension_mode":true,"campfire_choices":[{"data":"SandsOfTime","floor":6.0,"key":"SMITH"},{"data":"Wallop","floor":11.0,"key":"SMITH"},{"data":"Metamorphosis","floor":15.0,"key":"SMITH"},{"data":"Meditate","floor":23.0,"key":"SMITH"},{"data":"TalkToTheHand","floor":27.0,"key":"SMITH"},{"data":"TalkToTheHand","floor":32.0,"key":"SMITH"},{"floor":44,"key":"REST"},{"floor":46,"key":"RECALL"},{"floor":49,"key":"REST"}],"circlet_count":0,"master_deck":["AscendersBane","Strike_P+1","Defend_P+1","Defend_P+1","Defend_P+1","Defend_P+1","Eruption","Vigilance","Metamorphosis+1","TalkToTheHand+1","SandsOfTime+1","EmptyBody","Wireheading","Wallop+1","FlurryOfBlows","ConjureBlade","Sanctity","Meditate+1","ThirdEye","ThirdEye","TalkToTheHand+1","DevaForm","Vault","Tantrum+1","WheelKick","Sanctity","MentalFortress+1","SashWhip+1","DeceiveReality","InnerPeace+1","Vault"],"relics":["HolyWater","MealTicket","Golden Idol","Ice Cream","Anchor","Happy Flower","Nunchaku","ClockworkSouvenir","Vajra","Juzu Bracelet","Question Card","MutagenicStrength","Damaru","VioletLotus","Blood Vial","Dead Branch"],"acts_visited":["Exordium","TheCity","TheBeyond"],"potions_floor_usage":[41,45],"damage_taken":[{"damage":4.0,"enemies":"Small Slimes","floor":1.0,"turns":3.0},{"damage":10.0,"enemies":"2 Louse","floor":3.0,"turns":3.0},{"damage":0.0,"enemies":"Jaw Worm","floor":7.0,"turns":3.0},{"damage":0.0,"enemies":"Lagavulin","floor":8.0,"turns":4.0},{"damage":6.0,"enemies":"Gremlin Nob","floor":10.0,"turns":3.0},{"damage":0.0,"enemies":"Lagavulin","floor":13.0,"turns":4.0},{"damage":0.0,"enemies":"Large Slime","floor":14.0,"turns":2.0},{"damage":0.0,"enemies":"Slime Boss","floor":16.0,"turns":4.0},{"damage":6.0,"enemies":"Shell Parasite","floor":18.0,"turns":4.0},{"damage":6.0,"enemies":"3 Byrds","floor":21.0,"turns":6.0},{"damage":10.0,"enemies":"Shelled Parasite and Fungi","floor":22.0,"turns":3.0},{"damage":0.0,"enemies":"Slavers","floor":24.0,"turns":3.0},{"damage":0.0,"enemies":"Book of Stabbing","floor":30.0,"turns":3.0},{"damage":9.0,"enemies":"Centurion and Healer","floor":31.0,"turns":5.0},{"damage":16.0,"enemies":"Champ","floor":33.0,"turns":8.0},{"damage":8.0,"enemies":"3 Shapes","floor":35.0,"turns":8.0},{"damage":11.0,"enemies":"3 Darklings","floor":36.0,"turns":4.0},{"damage":3.0,"enemies":"Maw","floor":37.0,"turns":6.0},{"damage":26,"enemies":"Reptomancer","floor":41,"turns":7},{"damage":0,"enemies":"Mind Bloom Boss Battle","floor":42,"turns":2},{"damage":7,"enemies":"Writhing Mass","floor":45,"turns":7},{"damage":1,"enemies":"Jaw Worm Horde","floor":47,"turns":2},{"damage":0,"enemies":"3 Darklings","floor":48,"turns":3},{"damage":48,"enemies":"Time Eater","floor":50,"turns":7}],"seed_played":"76968819767941647","potions_obtained":[{"floor":1.0,"key":"AttackPotion"},{"floor":3.0,"key":"Fire Potion"},{"floor":18.0,"key":"SteroidPotion"},{"floor":22.0,"key":"Energy Potion"},{"floor":35.0,"key":"Swift Potion"},{"floor":41,"key":"ColorlessPotion"},{"floor":42,"key":"Swift Potion"},{"floor":47,"key":"FearPotion"}],"is_trial":false,"path_per_floor":["M","?","M","?","?","R","M","E","T","E","R","?","E","M","R","B",null,"M","$","?","M","M","R","E","?","T","R","?","?","E","M","R","B",null,"M","M","M","$","?","?","E","?","T","R","M","R","M","M","R","B"],"character_chosen":"WATCHER","items_purchased":["ClockworkSouvenir","Sanctity","MentalFortress","StancePotion"],"campfire_rested":2,"item_purchase_floors":[19,38,38,38],"current_hp_per_floor":[57,50,40,22,22,22,22,22,22,16,16,16,16,16,16,16,46,40,55,55,49,39,39,39,39,39,39,39,39,39,30,30,14,46,38,27,24,39,39,39,13,15,15,31,26,26,27,29,45,0,0],"gold":278,"neow_bonus":"RANDOM_COLORLESS_2","is_daily":false,"chose_seed":false,"campfire_upgraded":6,"win_rate":0.0,"timestamp":1614070622,"path_taken":["M","?","M","?","?","R","?","E","T","E","R","?","E","M","R","BOSS","M","$","?","?","M","R","E","?","T","R","?","?","E","M","R","BOSS","M","M","M","$","?","?","E","?","T","R","M","R","M","M","R","BOSS"],"items_purchased_type":["Relic","Card","Card","Potion"],"build_version":"2020-12-22","purchased_purges":1,"victory":false,"max_hp_per_floor":[62,62,62,62,56,56,56,56,56,56,56,56,56,56,56,56,56,56,56,56,56,56,56,56,56,56,56,56,56,56,56,56,56,56,56,56,56,56,56,56,56,56,56,56,56,56,56,56,56,56,56],"relic_stats":{"Blood Vial":10,"Nunchaku":[18],"Happy Flower":[29],"counters":[24,104],"Golden Idol":131,"Dead Branch":[28],"MealTicket":30,"VioletLotus":[14],"Juzu Bracelet":2,"Question Card":11,"obtain_stats":[{"Ice Cream":8,"Happy Flower":10,"Golden Idol":5,"Dead Branch":42,"Vajra":20,"Damaru":30,"Juzu Bracelet":24,"Question Card":26,"ClockworkSouvenir":19,"Blood Vial":41,"Anchor":9,"Nunchaku":13,"MutagenicStrength":28,"HolyWater":17,"MealTicket":4,"VioletLotus":34,"PureWater":0},{"Ice Cream":4,"Happy Flower":5,"Golden Idol":2,"Dead Branch":20,"Vajra":9,"Damaru":13,"Juzu Bracelet":12,"Question Card":12,"ClockworkSouvenir":9,"Blood Vial":19,"Anchor":4,"Nunchaku":6,"MutagenicStrength":12,"HolyWater":8,"MealTicket":2,"VioletLotus":15,"PureWater":0},{"Ice Cream":13,"Happy Flower":16,"Golden Idol":6,"Dead Branch":85,"Vajra":30,"Damaru":45,"Juzu Bracelet":42,"Question Card":42,"ClockworkSouvenir":30,"Blood Vial":83,"Anchor":13,"Nunchaku":20,"MutagenicStrength":42,"HolyWater":26,"MealTicket":6,"VioletLotus":58,"PureWater":0}]},"card_choices":[{"not_picked":["Transmutation","Secret Technique"],"picked":"Metamorphosis","floor":0.0},{"not_picked":["Protect","Sanctity"],"picked":"TalkToTheHand","floor":1.0},{"not_picked":["Protect","Swivel"],"picked":"SandsOfTime","floor":3.0},{"not_picked":["Pray","SandsOfTime"],"picked":"EmptyBody","floor":7.0},{"not_picked":["SandsOfTime","CrushJoints"],"picked":"Wireheading","floor":8.0},{"not_picked":["Fasting2","WindmillStrike"],"picked":"Wallop","floor":10.0},{"not_picked":["ForeignInfluence","CarveReality"],"picked":"FlurryOfBlows","floor":13.0},{"not_picked":["FlurryOfBlows","Pray","DeusExMachina"],"picked":"SKIP","floor":14.0},{"not_picked":["Establishment","Ragnarok"],"picked":"ConjureBlade","floor":16.0},{"not_picked":["Consecrate","Weave"],"picked":"Sanctity","floor":18.0},{"not_picked":["ForeignInfluence","Weave"],"picked":"Meditate","floor":21.0},{"not_picked":["JustLucky+1","Meditate"],"picked":"ThirdEye","floor":22.0},{"not_picked":["PathToVictory","LikeWater"],"picked":"ThirdEye","floor":24.0},{"not_picked":["ClearTheMind","Pray+1","LikeWater"],"picked":"TalkToTheHand","floor":30.0},{"not_picked":["Evaluate","Collect","EmptyBody"],"picked":"DevaForm","floor":31.0},{"not_picked":["Judgement","Blasphemy","Scrawl"],"picked":"Vault","floor":33.0},{"not_picked":["ClearTheMind","Halt","ReachHeaven+1"],"picked":"Tantrum+1","floor":35.0},{"not_picked":["FlyingSleeves","FlurryOfBlows","EmptyFist","Wallop"],"picked":"SKIP","floor":36.0},{"not_picked":["Brilliance","PathToVictory+1","CrushJoints"],"picked":"WheelKick","floor":37.0},{"not_picked":["PathToVictory","ClearTheMind+1","EmptyBody+1"],"picked":"SashWhip+1","floor":41},{"not_picked":["CarveReality+1","ClearTheMind","ThirdEye"],"picked":"DeceiveReality","floor":45},{"not_picked":["Nirvana","CrushJoints+1","Consecrate+1"],"picked":"InnerPeace+1","floor":47},{"not_picked":["FlyingSleeves","Weave","Halt+1"],"picked":"Vault","floor":48}],"player_experience":2906507,"relics_obtained":[{"floor":8.0,"key":"Ice Cream"},{"floor":9.0,"key":"Anchor"},{"floor":10.0,"key":"Happy Flower"},{"floor":13.0,"key":"Nunchaku"},{"floor":20.0,"key":"Vajra"},{"floor":24.0,"key":"Juzu Bracelet"},{"floor":26.0,"key":"Question Card"},{"floor":30.0,"key":"Damaru"},{"floor":41,"key":"Blood Vial"},{"floor":42,"key":"Dead Branch"}],"event_choices":[{"cards_removed":["Strike_P"],"damage_healed":0.0,"max_hp_gain":0.0,"max_hp_loss":0.0,"gold_gain":0.0,"event_name":"Golden Wing","player_choice":"Card Removal","floor":2.0,"gold_loss":0.0,"damage_taken":7.0},{"damage_healed":0.0,"max_hp_gain":0.0,"max_hp_loss":0.0,"gold_gain":0.0,"event_name":"Scrap Ooze","player_choice":"Success","floor":4.0,"gold_loss":0.0,"damage_taken":18.0,"relics_obtained":["MealTicket"]},{"damage_healed":0.0,"max_hp_gain":0.0,"max_hp_loss":6.0,"gold_gain":0.0,"event_name":"Golden Idol","player_choice":"Lose Max HP","floor":5.0,"gold_loss":0.0,"damage_taken":0.0,"relics_obtained":["Golden Idol"]},{"damage_healed":0.0,"max_hp_gain":0.0,"max_hp_loss":0.0,"gold_gain":0.0,"event_name":"Shining Light","player_choice":"Ignored","floor":12.0,"gold_loss":0.0,"damage_taken":0.0},{"damage_healed":0.0,"max_hp_gain":0.0,"max_hp_loss":0.0,"gold_gain":0.0,"event_name":"Wheel of Change","player_choice":"Relic","floor":20.0,"gold_loss":0.0,"damage_taken":0.0},{"damage_healed":0.0,"max_hp_gain":0.0,"max_hp_loss":0.0,"gold_gain":0.0,"event_name":"Back to Basics","player_choice":"Simplicity","floor":25.0,"gold_loss":0.0,"damage_taken":0.0,"cards_upgraded":["Strike_P","Strike_P","Defend_P","Defend_P","Defend_P","Defend_P"]},{"damage_healed":0.0,"max_hp_gain":0.0,"max_hp_loss":0.0,"gold_gain":0.0,"event_name":"Drug Dealer","player_choice":"Inject Mutagens","floor":28.0,"gold_loss":0.0,"damage_taken":0.0,"relics_obtained":["MutagenicStrength"]},{"damage_healed":0.0,"max_hp_gain":0.0,"max_hp_loss":0.0,"gold_gain":0.0,"event_name":"Ghosts","player_choice":"Ignored","floor":29.0,"gold_loss":0.0,"damage_taken":0.0},{"damage_healed":0.0,"max_hp_gain":0.0,"max_hp_loss":0.0,"gold_gain":0.0,"event_name":"Designer","player_choice":"Upgrade","floor":39.0,"gold_loss":50.0,"damage_taken":0.0,"cards_upgraded":["MentalFortress"]},{"cards_removed":["Strike_P"],"damage_healed":0.0,"max_hp_gain":0.0,"max_hp_loss":0.0,"gold_gain":0.0,"event_name":"Falling","player_choice":"Removed Attack","floor":40.0,"gold_loss":0.0,"damage_taken":0.0},{"damage_healed":0,"gold_gain":0,"player_choice":"Fight","damage_taken":0,"max_hp_gain":0,"max_hp_loss":0,"event_name":"MindBloom","floor":42,"gold_loss":0}],"is_beta":false,"boss_relics":[{"not_picked":["Velvet Choker","SacredBark"],"picked":"HolyWater"},{"not_picked":["Runic Dome","Calling Bell"],"picked":"VioletLotus"}],"items_purged_floors":[19],"is_endless":false,"potions_floor_spawned":[1,3,8,14,18,22,35,41,42,47],"killed_by":"Time Eater","ascension_level":20}}