{"host":"e1pm3b7xpcm97e5w","time":1614111963,"event":{"mods":["BaseMod","Better Skull","Googly Eyes","Minty Spire (QoL Compilation)","Relic Stats","Shop Mod","Spicy Shops","StSLib"],"gold_per_floor":[116,3,3,3,13,13,40,69,69,102,122,122,122,132,132,205,205,219,231,85,100,100,100,126,139,188,200,212,224,224],"floor_reached":29,"language":"ENG","playtime":1452,"items_purged":[],"score":439,"play_id":"e94cc10b-0dd7-4124-9e8e-39b3d2b18ac7","local_time":"20210223152603","is_ascension_mode":true,"campfire_choices":[{"data":"Loop","floor":6,"key":"SMITH"},{"data":"Aggregate","floor":13,"key":"SMITH"},{"floor":15,"key":"REST"},{"data":"Buffer","floor":23,"key":"SMITH"},{"floor":27,"key":"REST"}],"circlet_count":0,"master_deck":["AscendersBane","Strike_B+1","Strike_B+1","Defend_B","Defend_B","Defend_B","Defend_B","Zap","Dualcast","Cold Snap","Glacier","Loop+1","Aggregate+1","Buffer+1","Barrage","Streamline","Echo Form","Reinforced Body","Doom and Gloom","Self Repair","Aggregate+1","Genetic Algorithm","Ghostly","Ghostly","Ghostly","Ghostly","Ghostly"],"relics":["Cracked Core","Lantern","Regal Pillow","Matryoshka","Whetstone","Singing Bowl","Shuriken","Empty Cage","Chemical X","Pantograph","MawBank","Tiny Chest"],"acts_visited":["Exordium","TheCity"],"potions_floor_usage":[0],"damage_taken":[{"damage":2,"enemies":"Jaw Worm","floor":1,"turns":3},{"damage":0,"enemies":"Small Slimes","floor":5,"turns":3},{"damage":13,"enemies":"Lagavulin","floor":8,"turns":11},{"damage":4,"enemies":"3 Sentries","floor":10,"turns":11},{"damage":0,"enemies":"Cultist","floor":11,"turns":3},{"damage":4,"enemies":"2 Fungi Beasts","floor":14,"turns":3},{"damage":7,"enemies":"The Guardian","floor":16,"turns":12},{"damage":7,"enemies":"Chosen","floor":18,"turns":6},{"damage":10,"enemies":"Spheric Guardian","floor":19,"turns":6},{"damage":16,"enemies":"Snake Plant","floor":21,"turns":4},{"damage":58,"enemies":"Slavers","floor":24,"turns":10},{"damage":13,"enemies":"Chosen and Byrds","floor":25,"turns":9},{"damage":60,"enemies":"Book of Stabbing","floor":29,"turns":10}],"seed_played":"697617020667341068","potions_obtained":[{"floor":0,"key":"Fruit Juice"},{"floor":0,"key":"SneckoOil"},{"floor":0,"key":"FearPotion"},{"floor":1,"key":"ColorlessPotion"},{"floor":5,"key":"FairyPotion"},{"floor":12,"key":"FairyPotion"},{"floor":24,"key":"PotionOfCapacity"}],"is_trial":false,"path_per_floor":["M","$","?","?","M","R","T","E","T","E","M","?","R","M","R","B",null,"M","M","$","M","$","R","E","M","T","R","?","E"],"character_chosen":"DEFECT","items_purchased":["Glacier","Chemical X"],"campfire_rested":2,"item_purchase_floors":[2,20],"current_hp_per_floor":[71,71,53,53,53,53,53,40,40,36,36,36,36,32,71,64,76,69,59,59,43,43,43,20,14,14,53,40,0,0],"gold":224,"neow_bonus":"THREE_SMALL_POTIONS","is_daily":false,"chose_seed":false,"campfire_upgraded":3,"win_rate":0.0,"timestamp":1614111963,"path_taken":["M","$","?","?","M","R","?","E","T","E","?","?","R","M","R","BOSS","M","M","?","?","$","R","E","M","T","R","?","E"],"items_purchased_type":["Card","Relic"],"build_version":"2020-12-22","purchased_purges":0,"victory":false,"max_hp_per_floor":[80,80,80,80,80,80,80,80,80,80,80,80,80,80,80,80,80,80,80,80,80,80,80,80,80,80,80,40,40,40],"relic_stats":{"Regal Pillow":30,"Singing Bowl":0,"counters":[13,90],"Shuriken":[4],"Pantograph":0,"Tiny Chest":0,"Whetstone":["Strike_B","Strike_B"],"Chemical X":[6],"MawBank":36,"obtain_stats":[{"Lantern":3,"Regal Pillow":7,"Matryoshka":8,"Singing Bowl":9,"Shuriken":10,"Pantograph":24,"Tiny Chest":26,"Whetstone":9,"Chemical X":20,"Cracked Core":0,"Empty Cage":17,"MawBank":26},{"Lantern":1,"Regal Pillow":2,"Matryoshka":3,"Singing Bowl":3,"Shuriken":4,"Pantograph":11,"Tiny Chest":12,"Whetstone":3,"Chemical X":9,"Cracked Core":0,"Empty Cage":7,"MawBank":12},{"Lantern":3,"Regal Pillow":6,"Matryoshka":16,"Singing Bowl":16,"Shuriken":27,"Pantograph":71,"Tiny Chest":80,"Whetstone":16,"Chemical X":57,"Cracked Core":0,"Empty Cage":45,"MawBank":80}]},"card_choices":[{"not_picked":["Scrape","Consume"],"picked":"Cold Snap","floor":1},{"not_picked":["Coolheaded","Leap"],"picked":"Loop","floor":5},{"not_picked":["Chaos","Turbo"],"picked":"Aggregate","floor":8},{"not_picked":["Heatsinks","Cold Snap"],"picked":"Buffer","floor":10},{"not_picked":["Sweeping Beam","Redo"],"picked":"Barrage","floor":11},{"not_picked":["BootSequence","Stack"],"picked":"Streamline","floor":14},{"not_picked":["Reboot","Biased Cognition"],"picked":"Echo Form","floor":16},{"not_picked":["Leap","BootSequence"],"picked":"Reinforced Body","floor":18},{"not_picked":["Stack","Conserve Battery"],"picked":"Doom and Gloom","floor":19},{"not_picked":["Sunder+1","Redo"],"picked":"Self Repair","floor":21},{"not_picked":["Turbo","Barrage"],"picked":"Aggregate+1","floor":24},{"not_picked":["Cold Snap","Lockon"],"picked":"Genetic Algorithm","floor":25}],"player_experience":725084,"relics_obtained":[{"floor":7,"key":"Regal Pillow"},{"floor":8,"key":"Matryoshka"},{"floor":9,"key":"Whetstone"},{"floor":9,"key":"Singing Bowl"},{"floor":10,"key":"Shuriken"},{"floor":24,"key":"Pantograph"},{"floor":26,"key":"MawBank"},{"floor":26,"key":"Tiny Chest"}],"event_choices":[{"damage_healed":0,"gold_gain":0,"player_choice":"Success","damage_taken":18,"relics_obtained":["Lantern"],"max_hp_gain":0,"max_hp_loss":0,"event_name":"Scrap Ooze","floor":3,"gold_loss":0},{"damage_healed":0,"gold_gain":0,"player_choice":"Ignored","damage_taken":0,"max_hp_gain":0,"max_hp_loss":0,"event_name":"Liars Game","floor":4,"gold_loss":0},{"damage_healed":0,"gold_gain":0,"player_choice":"Got Potions","damage_taken":0,"max_hp_gain":0,"max_hp_loss":0,"event_name":"Lab","floor":12,"gold_loss":0},{"damage_healed":0,"gold_gain":0,"player_choice":"Became a Ghost","damage_taken":0,"max_hp_gain":0,"max_hp_loss":40,"event_name":"Ghosts","floor":28,"gold_loss":0,"cards_obtained":["Ghostly","Ghostly","Ghostly","Ghostly","Ghostly"]}],"is_beta":false,"boss_relics":[{"not_picked":["Velvet Choker","Ectoplasm"],"picked":"Empty Cage"}],"items_purged_floors":[],"is_endless":false,"potions_floor_spawned":[1,5,8,19,24],"killed_by":"Book of Stabbing","ascension_level":13}}