{"host":"birdoosa9v9yfc1w","time":1614065651,"event":{"mods":["2.2 Compatiblity","BaseMod","Bossed Relics","Colored Map","Colored Powertips","Dark Map","Halation","Highlight Path","Minty Spire (QoL Compilation)","Rare Cards Sparkle","Relic Filter","SacredBarkPlus","StSLib","The Jungle","Thrall Mod"],"gold_per_floor":[113,65,65,65,75,109,127,127,127,159,159,16,48,65,65,169,169,181,181,181,197,197,232,2,19,19,19,36,36,36,66,66,170,170,180,180,180],"floor_reached":38,"language":"ENG","playtime":1304,"items_purged":["Lightningbolt"],"score":985,"play_id":"315d94a9-9e43-46bb-b8e6-267108c26025","local_time":"20210223023411","is_ascension_mode":true,"campfire_choices":[{"floor":8,"key":"REST"},{"floor":11,"key":"REST"},{"data":"Doomhammer","floor":15,"key":"SMITH"},{"data":"Hallazeal","floor":29,"key":"SMITH"},{"data":"Earthshock","floor":32,"key":"SMITH"}],"circlet_count":0,"master_deck":["AscendersBane","Strike_Thrall+1","Strike_Thrall+1","Strike_Thrall+1","Strike_Thrall+1","Strike_Thrall+1","Defend_Thrall+1","Defend_Thrall+1","Defend_Thrall+1","Defend_Thrall+1","Defend_Thrall+1","Thecoin+1","Elementaldestruction+1","Maelstromportal","Frostshock+1","Thingfrombelow","Zap","Manatidetotem","Menacingnimbus","Doomhammer+1","Beakeredlightning","Earthshock+1","Witchsapprentice","Beakeredlightning","Hallazeal+1","Devolve","Airelemental","Shudderwock"],"relics":["Totem","Happy Flower","Centennial Puzzle","Frozen Eye","StoneCalendar","Coffee Dripper","halation:StarCompass","halation:PinkSoulGem","Pen Nib","Sling","HornCleat","halation:Toothbrush","halation:SwordOfLegend","Philosopher\u0027s Stone"],"acts_visited":["Exordium","TheCity","TheBeyond"],"potions_floor_usage":[16,37,37],"damage_taken":[{"damage":0,"enemies":"Cultist","floor":1,"turns":2},{"damage":5,"enemies":"Jaw Worm","floor":5,"turns":3},{"damage":6,"enemies":"Lagavulin","floor":6,"turns":6},{"damage":0,"enemies":"2 Louse","floor":7,"turns":2},{"damage":10,"enemies":"3 Sentries","floor":10,"turns":3},{"damage":16,"enemies":"Gremlin Nob","floor":13,"turns":3},{"damage":0,"enemies":"2 Fungi Beasts","floor":14,"turns":1},{"damage":10,"enemies":"The Guardian","floor":16,"turns":8},{"damage":15,"enemies":"Spheric Guardian","floor":18,"turns":4},{"damage":24,"enemies":"Shell Parasite","floor":21,"turns":3},{"damage":41,"enemies":"Slavers","floor":23,"turns":4},{"damage":0,"enemies":"Snecko","floor":25,"turns":2},{"damage":8,"enemies":"Snake Plant","floor":28,"turns":2},{"damage":24,"enemies":"Gremlin Leader","floor":31,"turns":4},{"damage":76,"enemies":"Collector","floor":33,"turns":7},{"damage":14,"enemies":"3 Darklings","floor":35,"turns":3},{"damage":102,"enemies":"Time Eater","floor":37,"turns":8}],"seed_played":"3774404700590851064","potions_obtained":[{"floor":1,"key":"Energy Potion"},{"floor":5,"key":"Explosive Potion"},{"floor":7,"key":"LiquidBronze"},{"floor":18,"key":"Ancient Potion"}],"is_trial":false,"path_per_floor":["M","$","?","?","M","E","M","R","T","E","R","$","E","M","R","B",null,"M","?","?","M","?","E","$","M","T","$","M","R","T","E","R","B",null,"M","?","B",null],"character_chosen":"THRALL","items_purchased":["Frostshock","Doomhammer","Beakeredlightning","Earthshock","Sling"],"campfire_rested":2,"item_purchase_floors":[2,12,12,12,24],"current_hp_per_floor":[45,45,31,31,28,26,28,49,49,39,60,60,46,46,46,46,64,70,70,70,70,70,70,70,70,70,70,62,62,62,70,69,70,70,70,70,68],"gold":180,"neow_bonus":"THREE_RARE_CARDS","is_daily":false,"chose_seed":false,"campfire_upgraded":3,"win_rate":0.0,"timestamp":1614065651,"path_taken":["M","?","?","?","M","E","M","R","T","E","R","$","E","M","R","BOSS","M","?","?","M","?","E","$","M","T","$","M","R","?","E","R","BOSS","M","?","BOSS"],"items_purchased_type":["Card","Card","Card","Card","Relic"],"build_version":"2020-12-22","purchased_purges":1,"victory":true,"max_hp_per_floor":[70,70,70,70,70,70,70,70,70,70,70,70,70,70,70,70,70,70,70,70,70,70,70,70,70,70,70,70,70,70,70,70,70,70,70,70,70],"card_choices":[{"not_picked":["Hagatha","Whiteeyes"],"picked":"Elementaldestruction","floor":0},{"not_picked":["Drakkaridefender","Jadecheiftain"],"picked":"Maelstromportal","floor":1},{"not_picked":["Likkim","Wartbringer"],"picked":"Thingfrombelow","floor":5},{"not_picked":["Forkedlightning","Jadecheiftain"],"picked":"Zap","floor":6},{"not_picked":["Thingfrombelow","Drakkaridefender"],"picked":"Manatidetotem","floor":7},{"not_picked":["Totemicsmash","Lightningbolt"],"picked":"Menacingnimbus","floor":10},{"not_picked":["Reincarnate","Drakkaridefender"],"picked":"Witchsapprentice","floor":13},{"not_picked":["Rumblingelemental","Lightningbolt"],"picked":"Beakeredlightning","floor":14},{"not_picked":["Shudderwock","Thestormbringer"],"picked":"Hallazeal","floor":16},{"not_picked":["Lightningstorm+1","Beakeredlightning","Fireelemental"],"picked":"SKIP","floor":18},{"not_picked":["Rockbiter+1","Witchsapprentice","Totemicsmash"],"picked":"SKIP","floor":21},{"not_picked":["Tidalsurge+1","Witchsapprentice","Murksparkeel"],"picked":"SKIP","floor":23},{"not_picked":["Volcano","Beakeredlightning","Fireelemental"],"picked":"SKIP","floor":25},{"not_picked":["Healingrain+1","Murksparkeel"],"picked":"Devolve","floor":28},{"not_picked":["Ancestralknow","Cryostasis"],"picked":"Airelemental","floor":31},{"not_picked":["Whiteeyes","Thestormbringer"],"picked":"Shudderwock","floor":33},{"not_picked":["Lightningbolt","Forkedlightning+1","Rockbiter"],"picked":"SKIP","floor":35}],"player_experience":657251,"relics_obtained":[{"floor":6,"key":"Happy Flower"},{"floor":9,"key":"Centennial Puzzle"},{"floor":10,"key":"Frozen Eye"},{"floor":13,"key":"StoneCalendar"},{"floor":23,"key":"Pen Nib"},{"floor":26,"key":"HornCleat"},{"floor":30,"key":"halation:Toothbrush"},{"floor":31,"key":"halation:SwordOfLegend"}],"event_choices":[{"damage_healed":0,"gold_gain":0,"player_choice":"Entered Light","damage_taken":14,"max_hp_gain":0,"max_hp_loss":0,"event_name":"Shining Light","floor":3,"gold_loss":0,"cards_upgraded":["Frostshock","Thecoin"]},{"damage_healed":0,"gold_gain":0,"player_choice":"Grow","damage_taken":0,"max_hp_gain":0,"max_hp_loss":0,"event_name":"Living Wall","floor":4,"gold_loss":0,"cards_upgraded":["Elementaldestruction"]},{"damage_healed":0,"gold_gain":0,"player_choice":"Simplicity","damage_taken":0,"max_hp_gain":0,"max_hp_loss":0,"event_name":"Back to Basics","floor":22,"gold_loss":0,"cards_upgraded":["Strike_Thrall","Strike_Thrall","Strike_Thrall","Strike_Thrall","Strike_Thrall","Defend_Thrall","Defend_Thrall","Defend_Thrall","Defend_Thrall","Defend_Thrall"]},{"damage_healed":0,"gold_gain":0,"player_choice":"Took Portal","damage_taken":0,"max_hp_gain":0,"max_hp_loss":0,"event_name":"SecretPortal","floor":36,"gold_loss":0}],"is_beta":false,"boss_relics":[{"not_picked":["Calling Bell","Cursed Key"],"picked":"Coffee Dripper"},{"not_picked":["halation:Yufonium","halation:PlatinumPhoenix"],"picked":"Philosopher\u0027s Stone"}],"items_purged_floors":[24],"is_endless":false,"potions_floor_spawned":[1,5,7,18,21,31],"ascension_level":11}}