{"host":"p20682arl12z5m5p","time":1614108819,"event":{"mods":["AchievementEnabler","BaseMod","Colored Map","Highlight Path","Minty Spire (QoL Compilation)","Permanent Neow","Relic Stats","StSLib"],"gold_per_floor":[115,129,1,13,29,54,54,69,148,148,159,159,189,204,204,282,282,282,282,282,282,282,282,282,282,282,282,282,282,282,282,282,282,282,282,282,68,68,68,68,68,68,68,68,68,68,68,68,68,68,68,68,68,68,68],"floor_reached":56,"language":"ENG","playtime":6257,"items_purged":["Strike_G"],"score":1783,"play_id":"d8180400-d0d4-40e4-8a1b-d3d266a28129","local_time":"20210223123339","is_ascension_mode":true,"campfire_choices":[{"data":"After Image","floor":7.0,"key":"SMITH"},{"data":"Envenom","floor":12.0,"key":"SMITH"},{"data":"Well Laid Plans","floor":15.0,"key":"SMITH"},{"data":"Wraith Form v2","floor":25.0,"key":"SMITH"},{"floor":29.0,"key":"REST"},{"data":"Terror","floor":32,"key":"SMITH"},{"data":"Burst","floor":41,"key":"SMITH"},{"floor":45,"key":"RECALL"},{"data":"Cloak And Dagger","floor":47,"key":"SMITH"},{"floor":49,"key":"REST"},{"data":"Acrobatics","floor":52,"key":"SMITH"}],"circlet_count":0,"master_deck":["AscendersBane","Strike_G","Strike_G","Strike_G","Strike_G","Defend_G","Defend_G","Defend_G","Defend_G","Defend_G","Survivor","Neutralize","Dagger Spray","Blade Dance","Deadly Poison","Well Laid Plans+1","Envenom+1","After Image+1","Backflip","Backflip","Cloak And Dagger+1","Wraith Form v2+1","Crippling Poison","Burst+1","Blade Dance","Dodge and Roll","PiercingWail+1","Terror+1","Night Terror","Caltrops+1","Acrobatics+1","Grand Finale"],"relics":["Ring of the Snake","StrikeDummy","InkBottle","Unceasing Top","Ectoplasm","Akabeko","TungstenRod","Red Mask","Blood Vial","Snecko Eye","Happy Flower","Bag of Preparation","Lantern","Tingsha"],"acts_visited":["Exordium","TheCity","TheBeyond","TheEnding"],"potions_floor_usage":[33,44,55,55],"damage_taken":[{"damage":0.0,"enemies":"Cultist","floor":1.0,"turns":5.0},{"damage":1.0,"enemies":"2 Louse","floor":2.0,"turns":3.0},{"damage":3.0,"enemies":"Small Slimes","floor":4.0,"turns":4.0},{"damage":2.0,"enemies":"2 Fungi Beasts","floor":5.0,"turns":3.0},{"damage":32.0,"enemies":"Gremlin Nob","floor":6.0,"turns":5.0},{"damage":5.0,"enemies":"Blue Slaver","floor":8.0,"turns":5.0},{"damage":0.0,"enemies":"Large Slime","floor":11.0,"turns":5.0},{"damage":10.0,"enemies":"3 Sentries","floor":13.0,"turns":5.0},{"damage":0.0,"enemies":"Exordium Wildlife","floor":14.0,"turns":2.0},{"damage":5.0,"enemies":"The Guardian","floor":16.0,"turns":12.0},{"damage":4.0,"enemies":"Spheric Guardian","floor":18.0,"turns":8.0},{"damage":0.0,"enemies":"Shell Parasite","floor":20.0,"turns":6.0},{"damage":8.0,"enemies":"Slavers","floor":23.0,"turns":8.0},{"damage":2.0,"enemies":"3 Cultists","floor":24.0,"turns":5.0},{"damage":7.0,"enemies":"Masked Bandits","floor":27.0,"turns":6.0},{"damage":0.0,"enemies":"Centurion and Healer","floor":28.0,"turns":6.0},{"damage":3.0,"enemies":"Gremlin Leader","floor":30.0,"turns":6.0},{"damage":7,"enemies":"Sentry and Sphere","floor":31,"turns":6},{"damage":9,"enemies":"Champ","floor":33,"turns":12},{"damage":0,"enemies":"3 Shapes","floor":35,"turns":3},{"damage":0,"enemies":"Orb Walker","floor":36,"turns":6},{"damage":0,"enemies":"Giant Head","floor":40,"turns":11},{"damage":28,"enemies":"Spire Growth","floor":42,"turns":8},{"damage":2,"enemies":"Transient","floor":44,"turns":5},{"damage":7,"enemies":"3 Darklings","floor":48,"turns":6},{"damage":42,"enemies":"Donu and Deca","floor":50,"turns":13},{"damage":16,"enemies":"Shield and Spear","floor":54,"turns":15},{"damage":49,"enemies":"The Heart","floor":55,"turns":12}],"seed_played":"-5637983201656804385","potions_obtained":[{"floor":0.0,"key":"Explosive Potion"},{"floor":0.0,"key":"Dexterity Potion"},{"floor":0.0,"key":"GhostInAJar"},{"floor":6.0,"key":"ColorlessPotion"},{"floor":11.0,"key":"DistilledChaos"},{"floor":13.0,"key":"SteroidPotion"},{"floor":16.0,"key":"SpeedPotion"},{"floor":20.0,"key":"DuplicationPotion"},{"floor":24.0,"key":"BlessingOfTheForge"},{"floor":30.0,"key":"Energy Potion"},{"floor":31,"key":"Strength Potion"},{"floor":36,"key":"Fruit Juice"},{"floor":44,"key":"ColorlessPotion"},{"floor":48,"key":"DuplicationPotion"},{"floor":54,"key":"LiquidMemories"}],"is_trial":false,"path_per_floor":["M","M","$","M","M","E","R","M","T","?","M","R","E","M","R","B",null,"M","?","M","?","?","E","M","R","T","?","M","R","E","M","R","B",null,"M","M","$","?","?","E","R","M","T","M","R","?","R","M","R","B",null,"R","$","E","B",null],"character_chosen":"THE_SILENT","items_purchased":["Deadly Poison","Happy Flower","Caltrops"],"campfire_rested":2,"item_purchase_floors":[3,37,37],"current_hp_per_floor":[63,62,62,59,57,25,25,20,20,43,43,43,33,33,33,28,60,56,56,56,43,43,35,33,33,33,26,26,48,45,40,40,33,65,67,69,69,69,69,71,71,43,43,48,48,48,48,43,65,25,63,63,63,49,2],"gold":68,"neow_bonus":"THREE_SMALL_POTIONS","is_daily":false,"chose_seed":false,"campfire_upgraded":8,"win_rate":0.0,"timestamp":1614108819,"path_taken":["M","M","$","M","?","E","R","?","T","?","M","R","E","M","R","BOSS","M","?","M","?","?","E","M","R","T","?","M","R","E","M","R","BOSS","M","M","$","?","?","E","R","M","T","?","R","?","R","M","R","BOSS","R","$","E","BOSS"],"items_purchased_type":["Card","Relic","Card"],"build_version":"2020-12-22","purchased_purges":1,"victory":true,"max_hp_per_floor":[70,70,70,70,70,70,70,70,70,70,70,70,70,70,70,70,70,70,70,70,75,75,75,75,75,75,75,75,75,75,75,75,75,75,75,75,75,71,71,71,71,71,71,76,76,76,76,76,76,76,76,76,76,76,76],"relic_stats":{"Blood Vial":20,"Happy Flower":[23],"counters":[28,191],"Snecko Eye":[154,170,165,156],"Tingsha":[15],"Ectoplasm":629,"Bag of Preparation":[6],"obtain_stats":[{"Lantern":43,"Happy Flower":37,"Tingsha":54,"Bag of Preparation":40,"Akabeko":19,"Blood Vial":30,"Snecko Eye":34,"Ectoplasm":17,"Red Mask":27,"StrikeDummy":6,"InkBottle":9,"Unceasing Top":13,"TungstenRod":23,"Ring of the Snake":0},{"Lantern":23,"Happy Flower":21,"Tingsha":27,"Bag of Preparation":22,"Akabeko":11,"Blood Vial":17,"Snecko Eye":19,"Ectoplasm":10,"Red Mask":15,"StrikeDummy":5,"InkBottle":6,"Unceasing Top":8,"TungstenRod":13,"Ring of the Snake":0},{"Lantern":140,"Happy Flower":121,"Tingsha":179,"Bag of Preparation":132,"Akabeko":57,"Blood Vial":94,"Snecko Eye":112,"Ectoplasm":49,"Red Mask":82,"StrikeDummy":20,"InkBottle":25,"Unceasing Top":35,"TungstenRod":71,"Ring of the Snake":0}],"InkBottle":[84],"Unceasing Top":[0],"TungstenRod":91,"Ring of the Snake":[56]},"card_choices":[{"not_picked":["Terror","Prepared"],"picked":"Dagger Spray","floor":1.0},{"not_picked":["Underhanded Strike","Riddle With Holes"],"picked":"Blade Dance","floor":2.0},{"not_picked":["Dagger Spray","Slice"],"picked":"Well Laid Plans","floor":4.0},{"not_picked":["Dagger Throw","Dagger Spray"],"picked":"Envenom","floor":5.0},{"not_picked":["Deflect","Cloak And Dagger"],"picked":"After Image","floor":6.0},{"not_picked":["Quick Slash","Acrobatics"],"picked":"Backflip","floor":8.0},{"not_picked":["Masterful Stab","Expertise"],"picked":"Backflip","floor":11.0},{"not_picked":["Bane","Poisoned Stab","Underhanded Strike"],"picked":"SKIP","floor":13.0},{"not_picked":["Distraction","Deadly Poison"],"picked":"Cloak And Dagger","floor":14.0},{"not_picked":["Phantasmal Killer","Night Terror"],"picked":"Wraith Form v2","floor":16.0},{"not_picked":["Escape Plan","Quick Slash","Dagger Throw"],"picked":"SKIP","floor":18.0},{"not_picked":["Tactician","Outmaneuver"],"picked":"Crippling Poison","floor":20.0},{"not_picked":["Dodge and Roll","Endless Agony"],"picked":"Burst","floor":23.0},{"not_picked":["Flying Knee","Deflect"],"picked":"Blade Dance","floor":24.0},{"not_picked":["Reflex","Riddle With Holes"],"picked":"Dodge and Roll","floor":27.0},{"not_picked":["Expertise","Underhanded Strike","Bane"],"picked":"SKIP","floor":28.0},{"not_picked":["Dodge and Roll+1","Poisoned Stab"],"picked":"PiercingWail+1","floor":30.0},{"not_picked":["Quick Slash","PiercingWail"],"picked":"Terror","floor":31},{"not_picked":["Phantasmal Killer","After Image"],"picked":"Night Terror","floor":33},{"not_picked":["Poisoned Stab","Dagger Throw","Backflip"],"picked":"SKIP","floor":35},{"not_picked":["Leg Sweep","Underhanded Strike","Poisoned Stab"],"picked":"SKIP","floor":36},{"not_picked":["Leg Sweep","Bane","Outmaneuver+1"],"picked":"SKIP","floor":40},{"not_picked":["All Out Attack+1","Deadly Poison","Quick Slash+1"],"picked":"SKIP","floor":42},{"not_picked":["Outmaneuver","Reflex","Sucker Punch+1"],"picked":"SKIP","floor":44},{"not_picked":["Dagger Spray","Eviscerate"],"picked":"Acrobatics","floor":48},{"not_picked":["PiercingWail","All Out Attack"],"picked":"Grand Finale","floor":54}],"player_experience":695859,"relics_obtained":[{"floor":6.0,"key":"StrikeDummy"},{"floor":9.0,"key":"InkBottle"},{"floor":13.0,"key":"Unceasing Top"},{"floor":23.0,"key":"TungstenRod"},{"floor":27.0,"key":"Red Mask"},{"floor":30.0,"key":"Blood Vial"},{"floor":40,"key":"Bag of Preparation"},{"floor":43,"key":"Lantern"},{"floor":54,"key":"Tingsha"}],"event_choices":[{"damage_healed":23.0,"max_hp_gain":0.0,"max_hp_loss":0.0,"gold_gain":0.0,"event_name":"Big Fish","player_choice":"Banana","floor":10.0,"gold_loss":0.0,"damage_taken":0.0},{"damage_healed":0.0,"max_hp_gain":0.0,"max_hp_loss":0.0,"gold_gain":0.0,"event_name":"The Mausoleum","player_choice":"Opened","floor":19.0,"gold_loss":0.0,"damage_taken":0.0,"relics_obtained":["Akabeko"]},{"damage_healed":0.0,"max_hp_gain":5.0,"max_hp_loss":0.0,"gold_gain":0.0,"event_name":"Forgotten Altar","player_choice":"Shed Blood","floor":21.0,"gold_loss":0.0,"damage_taken":18.0},{"damage_healed":0.0,"max_hp_gain":0.0,"max_hp_loss":0.0,"gold_gain":0.0,"event_name":"Beggar","player_choice":"Ignored","floor":22.0,"gold_loss":0.0,"damage_taken":0.0},{"damage_healed":0.0,"max_hp_gain":0.0,"max_hp_loss":0.0,"gold_gain":0.0,"event_name":"Masked Bandits","player_choice":"Fought Bandits","floor":27.0,"gold_loss":0.0,"damage_taken":0.0},{"damage_healed":0,"gold_gain":0,"player_choice":"Max HP","damage_taken":0,"max_hp_gain":0,"max_hp_loss":4,"event_name":"Winding Halls","floor":38,"gold_loss":0},{"damage_healed":0,"gold_gain":0,"player_choice":"Upgraded","damage_taken":0,"max_hp_gain":0,"max_hp_loss":0,"event_name":"Upgrade Shrine","floor":39,"gold_loss":0,"cards_upgraded":["Caltrops"]},{"damage_healed":0,"gold_gain":222,"player_choice":"Wore Mask","damage_taken":0,"max_hp_gain":0,"max_hp_loss":0,"event_name":"Tomb of Lord Red Mask","floor":46,"gold_loss":0}],"is_beta":false,"boss_relics":[{"not_picked":["Tiny House","WristBlade"],"picked":"Ectoplasm"},{"not_picked":["Cursed Key","Coffee Dripper"],"picked":"Snecko Eye"}],"items_purged_floors":[3],"is_endless":false,"potions_floor_spawned":[6,8,11,13,16,20,24,30,31,36,44,48,54],"ascension_level":13}}