{"host":"ox77rn1xcurm2t5a","time":1614104576,"event":{"mods":["2.2 Compatiblity","AchievementEnabler","Act Like it!","Aspiration","BaseMod","Best Route Mod","Better Match","Better Note","Better Sensory Stone","Block Reminder","Colored Map","Colored Powertips","Conjunction","Conspire","Custom Start","Energized Spire","GifTheSpireLib","Gold Saver","Gremlin Skip","Halation","Highlight Path","Hubris","Infinite Spire","Minty Spire (QoL Compilation)","Pale of the Ancients","Quick Restart","Reliquary","Replay The Spire","Reworked Bosses","ShortenTheSpire","Spire Exporter","StSLib","Stuff the Spire","Wandering Minibosses"],"gold_per_floor":[217,217,217,66,134,134,161,161,161,193,193,203,203,3,3,105,105,125,125,144,244,254,254,285,285,312,312,312],"floor_reached":27,"language":"ENG","playtime":485,"items_purged":[],"score":438,"play_id":"64fb80d2-59b8-4e1a-8cdb-6bf702190def","local_time":"20210223202256","is_ascension_mode":true,"campfire_choices":[{"floor":6.0,"key":"RECALL"},{"data":"Bash","floor":8.0,"key":"SMITH"},{"data":"Perfected Strike","floor":11.0,"key":"SMITH"},{"data":"Cleave","floor":13.0,"key":"SMITH"},{"data":"Anger","floor":15.0,"key":"SMITH"},{"data":"Berserk","floor":23.0,"key":"SMITH"},{"data":"Heavy Blade","floor":25.0,"key":"SMITH"}],"circlet_count":0,"master_deck":["Strike_R","Strike_R+1","Strike_R","Strike_R+1","Strike_R","Defend_R","Defend_R","Defend_R","Defend_R","Bash+1","Metallicize+1","Pommel Strike","Perfected Strike+1","Cleave+1","Berserk+1","Heavy Blade+1","Anger+1"],"relics":["Black Blood","NeowsBlessing","Happy Flower","Vajra","Replay:Ringing Soul","Peace Pipe","halation:Sosunser","halation:SwordOfLegend","StuffTheSpire:Mouthbags"],"acts_visited":["Exordium","TheCity"],"potions_floor_usage":[],"damage_taken":[{"damage":0.0,"enemies":"2 Louse","floor":1.0,"turns":1.0},{"damage":0.0,"enemies":"Gremlin Nob","floor":7.0,"turns":1.0},{"damage":0.0,"enemies":"Lagavulin","floor":10.0,"turns":1.0},{"damage":0.0,"enemies":"Small Slimes","floor":12.0,"turns":2.0},{"damage":30.0,"enemies":"Fading Forest","floor":16.0,"turns":11.0},{"damage":8.0,"enemies":"Chosen","floor":18.0,"turns":4.0},{"damage":5.0,"enemies":"Shell Parasite","floor":20.0,"turns":2.0},{"damage":23.0,"enemies":"Snecko","floor":22.0,"turns":4.0},{"damage":54.0,"enemies":"Gremlin Leader","floor":24.0,"turns":8.0},{"damage":42,"enemies":"Slavers","floor":27,"turns":3}],"seed_played":"3050038241289372774","potions_obtained":[{"floor":7.0,"key":"Dexterity Potion"},{"floor":12.0,"key":"LiquidMemories"},{"floor":18.0,"key":"Weak Potion"},{"floor":19.0,"key":"DuplicationPotion"},{"floor":19.0,"key":"GamblersBrew"},{"floor":22.0,"key":"Conjunction:LightningMarble"}],"is_trial":false,"path_per_floor":["M","?","?","$","T","R","E","R","T","E","R","M","R","$","R","B",null,"M","?","M","?","M","R","E","R","T","E"],"character_chosen":"IRONCLAD","items_purchased":["Happy Flower","halation:Sosunser","Anger"],"campfire_rested":0,"item_purchase_floors":[4,14,14],"current_hp_per_floor":[78,78,62,62,62,62,68,68,68,77,77,86,86,89,89,68,86,90,90,92,92,81,81,42,41,41,0,0],"gold":312,"neow_bonus":"THREE_ENEMY_KILL","is_daily":false,"chose_seed":false,"campfire_upgraded":6,"win_rate":0.0,"timestamp":1614104576,"path_taken":["M","?","?","$","?","R","E","R","T","E","R","?","R","$","R","BOSS","M","?","M","?","M","R","E","R","T","E"],"items_purchased_type":["Relic","Relic","Card"],"build_version":"2020-12-22","purchased_purges":0,"victory":false,"max_hp_per_floor":[80,80,80,80,80,80,80,80,80,83,83,86,86,89,89,92,92,92,92,92,92,92,92,95,95,95,95,95],"card_choices":[{"not_picked":["Dropkick","Combust"],"picked":"Metallicize","floor":1.0},{"not_picked":["Body Slam","Run Through"],"picked":"Pommel Strike","floor":7.0},{"not_picked":["Shockwave","Headbutt"],"picked":"Perfected Strike","floor":10.0},{"not_picked":["ReplayTheSpireMod:LeadingStrike","Rampage"],"picked":"Cleave","floor":12.0},{"not_picked":["conspire:HitWhereItHurts","Barricade"],"picked":"Berserk","floor":16.0},{"not_picked":["Body Slam","Armaments","Rupture+1"],"picked":"SKIP","floor":18.0},{"not_picked":["Warcry","StuffTheSpire:Slingshot","Power Through"],"picked":"SKIP","floor":20.0},{"not_picked":["Warcry","True Grit","Rage"],"picked":"SKIP","floor":22.0},{"not_picked":["Flex","Dual Wield"],"picked":"Heavy Blade","floor":24.0}],"player_experience":3226245,"relics_obtained":[{"floor":7.0,"key":"Vajra"},{"floor":9.0,"key":"Replay:Ringing Soul"},{"floor":10.0,"key":"Peace Pipe"},{"floor":24.0,"key":"halation:SwordOfLegend"},{"floor":26.0,"key":"StuffTheSpire:Mouthbags"}],"event_choices":[{"damage_healed":0.0,"max_hp_gain":0.0,"max_hp_loss":0.0,"gold_gain":0.0,"event_name":"Shining Light","player_choice":"Entered Light","floor":3.0,"gold_loss":0.0,"damage_taken":16.0,"cards_upgraded":["Strike_R","Strike_R"]},{"damage_healed":0.0,"max_hp_gain":0.0,"max_hp_loss":0.0,"gold_gain":0.0,"event_name":"Lab","player_choice":"Got Potions","floor":19.0,"gold_loss":0.0,"damage_taken":0.0},{"damage_healed":0.0,"max_hp_gain":0.0,"max_hp_loss":0.0,"gold_gain":100.0,"event_name":"Golden Shrine","player_choice":"Pray","floor":21.0,"gold_loss":0.0,"damage_taken":0.0}],"is_beta":false,"boss_relics":[{"not_picked":["reliquary:WritOfMandamus","aspiration:RunicSpoon"],"picked":"Black Blood"}],"items_purged_floors":[],"is_endless":false,"potions_floor_spawned":[7,12,18,22],"killed_by":"Slavers","ascension_level":9}}