{"host":"s229x1smnerk6mew","time":1614081554,"event":{"mods":["BaseMod","Bestiary","Minty Spire (QoL Compilation)","Relic Stats"],"gold_per_floor":[17,37,37,56,73,103,123,123,123,135,147,188,200,287,299,384,396,426,438,462,489,501,513,551,563,575,587,587],"floor_reached":27,"language":"ENG","playtime":1571,"items_purged":[],"score":482,"play_id":"5bf5c3ef-a682-43e7-94c5-a145c18344a1","local_time":"20210223225914","is_ascension_mode":true,"campfire_choices":[{"data":"Dagger Spray","floor":8,"key":"SMITH"},{"data":"Poisoned Stab","floor":10,"key":"SMITH"},{"floor":13,"key":"REST"},{"data":"Neutralize","floor":15,"key":"SMITH"},{"data":"Crippling Poison","floor":23,"key":"SMITH"},{"data":"Prepared","floor":25,"key":"SMITH"}],"circlet_count":0,"master_deck":["AscendersBane","Strike_G","Strike_G","Strike_G","Defend_G","Defend_G","Defend_G","Defend_G","Survivor","Neutralize+1","Blade Dance","Flying Knee","Dodge and Roll","Dagger Spray+1","Crippling Poison+1","Poisoned Stab+1","Endless Agony","Wraith Form v2+1","Blade Dance","Terror","Prepared+1"],"relics":["Ring of the Snake","Question Card","MawBank","Orichalcum","Runic Pyramid","Eternal Feather","Matryoshka"],"acts_visited":["Exordium","TheCity"],"potions_floor_usage":[6,12,24,27,27],"damage_taken":[{"damage":1,"enemies":"2 Louse","floor":1,"turns":4},{"damage":1,"enemies":"Cultist","floor":2,"turns":4},{"damage":0,"enemies":"Jaw Worm","floor":4,"turns":4},{"damage":0,"enemies":"Exordium Wildlife","floor":5,"turns":3},{"damage":31,"enemies":"Lagavulin","floor":6,"turns":10},{"damage":5,"enemies":"Gremlin Gang","floor":7,"turns":5},{"damage":19,"enemies":"Gremlin Nob","floor":12,"turns":4},{"damage":6,"enemies":"The Guardian","floor":16,"turns":15},{"damage":12,"enemies":"Spheric Guardian","floor":18,"turns":6},{"damage":10,"enemies":"2 Thieves","floor":20,"turns":4},{"damage":0,"enemies":"Snecko","floor":21,"turns":5},{"damage":14,"enemies":"Gremlin Leader","floor":24,"turns":6},{"damage":33,"enemies":"Slavers","floor":27,"turns":5}],"seed_played":"-3812463701614403078","potions_obtained":[{"floor":2,"key":"Fire Potion"},{"floor":3,"key":"Weak Potion"},{"floor":6,"key":"AttackPotion"},{"floor":18,"key":"Energy Potion"},{"floor":24,"key":"GamblersBrew"}],"is_trial":false,"path_per_floor":["M","M","?","M","M","E","M","R","T","R","$","E","R","?","R","B",null,"M","?","M","M","?","R","E","R","T","E"],"character_chosen":"THE_SILENT","items_purchased":[],"campfire_rested":1,"item_purchase_floors":[],"current_hp_per_floor":[58,57,57,57,57,26,21,21,21,21,21,2,21,10,10,4,51,39,39,29,29,29,29,15,27,27,0,0],"gold":587,"neow_bonus":"REMOVE_TWO","is_daily":false,"chose_seed":false,"campfire_upgraded":5,"win_rate":0.0,"timestamp":1614081554,"path_taken":["M","M","?","M","M","E","?","R","T","R","$","E","R","?","R","BOSS","M","?","M","?","?","R","E","R","T","E"],"items_purchased_type":[],"build_version":"2020-12-22","purchased_purges":0,"victory":false,"max_hp_per_floor":[66,66,66,66,66,66,66,66,66,66,66,66,66,66,66,66,66,66,66,66,66,66,66,66,66,66,66,66],"relic_stats":{"counters":[13,75],"Eternal Feather":12,"Orichalcum":[114],"Question Card":7,"MawBank":216,"obtain_stats":[{"Matryoshka":26,"Eternal Feather":24,"Orichalcum":12,"Question Card":6,"MawBank":9,"Ring of the Snake":0,"Runic Pyramid":17},{"Matryoshka":12,"Eternal Feather":12,"Orichalcum":7,"Question Card":5,"MawBank":6,"Ring of the Snake":0,"Runic Pyramid":8},{"Matryoshka":70,"Eternal Feather":70,"Orichalcum":34,"Question Card":25,"MawBank":30,"Ring of the Snake":0,"Runic Pyramid":49}],"Ring of the Snake":[27]},"card_choices":[{"not_picked":["Deflect","Dagger Throw"],"picked":"Blade Dance","floor":1},{"not_picked":["Underhanded Strike","Calculated Gamble"],"picked":"Flying Knee","floor":2},{"not_picked":["Sucker Punch","Blur"],"picked":"Dodge and Roll","floor":4},{"not_picked":["Sucker Punch","Grand Finale"],"picked":"Dagger Spray","floor":5},{"not_picked":["Dodge and Roll","Acrobatics"],"picked":"Crippling Poison","floor":6},{"not_picked":["Acrobatics","PiercingWail","Sucker Punch"],"picked":"Poisoned Stab","floor":7},{"not_picked":["Dodge and Roll","Backflip","Sucker Punch"],"picked":"Endless Agony","floor":12},{"not_picked":["After Image","Bullet Time","Phantasmal Killer"],"picked":"Wraith Form v2","floor":16},{"not_picked":["Deadly Poison","Acrobatics+1","Blur"],"picked":"Blade Dance","floor":18},{"not_picked":["Backflip","Backstab","Quick Slash"],"picked":"Terror","floor":20},{"not_picked":["Dagger Spray","Dodge and Roll","Reflex+1","Predator"],"picked":"SKIP","floor":21},{"not_picked":["Deadly Poison","Finisher","Crippling Poison"],"picked":"Prepared","floor":24}],"player_experience":2097129,"relics_obtained":[{"floor":6,"key":"Question Card"},{"floor":9,"key":"MawBank"},{"floor":12,"key":"Orichalcum"},{"floor":24,"key":"Eternal Feather"},{"floor":26,"key":"Matryoshka"}],"event_choices":[{"damage_healed":0,"gold_gain":0,"player_choice":"Got Potions","damage_taken":0,"max_hp_gain":0,"max_hp_loss":0,"event_name":"Lab","floor":3,"gold_loss":0},{"damage_healed":0,"gold_gain":75,"player_choice":"Gather Gold","damage_taken":11,"max_hp_gain":0,"max_hp_loss":0,"event_name":"World of Goop","floor":14,"gold_loss":0},{"damage_healed":0,"gold_gain":0,"player_choice":"Upgraded","damage_taken":0,"max_hp_gain":0,"max_hp_loss":0,"event_name":"Upgrade Shrine","floor":19,"gold_loss":0,"cards_upgraded":["Wraith Form v2"]},{"cards_removed":["Strike_G"],"damage_healed":0,"gold_gain":0,"player_choice":"Card Removal","damage_taken":0,"max_hp_gain":0,"max_hp_loss":0,"event_name":"Wheel of Change","floor":22,"gold_loss":0}],"is_beta":false,"boss_relics":[{"not_picked":["Tiny House","Cursed Key"],"picked":"Runic Pyramid"}],"items_purged_floors":[],"is_endless":false,"potions_floor_spawned":[2,4,6,18,24],"killed_by":"Slavers","ascension_level":20}}