{"host":"2l5k2wp87eek7qja","time":1614106788,"event":{"mods":["BaseMod","Colored Map","Minty Spire (QoL Compilation)","Relic Stats"],"gold_per_floor":[109,109,120,133,152,181,193,193,219,2,14,14,14,25,25,102,102,118,32,32,32,32,63,63,77,77,77,103,103,113,123,123,123,123],"floor_reached":33,"language":"ENG","playtime":852,"items_purged":["Strike_G"],"score":574,"play_id":"703444bc-a73b-4f35-8886-fa6fdc08c0b6","local_time":"20210223205948","is_ascension_mode":true,"campfire_choices":[{"data":"Catalyst","floor":8,"key":"SMITH"},{"data":"Deadly Poison","floor":13,"key":"SMITH"},{"data":"Crippling Poison","floor":15,"key":"SMITH"},{"data":"Ghostly","floor":24,"key":"SMITH"},{"data":"Ghostly","floor":27,"key":"SMITH"},{"data":"Ghostly","floor":29,"key":"SMITH"},{"data":"Catalyst","floor":32,"key":"SMITH"}],"circlet_count":0,"master_deck":["AscendersBane","Strike_G","Strike_G","Defend_G","Defend_G","Defend_G","Defend_G","Defend_G","Survivor","Neutralize","Backstab","Dagger Spray","Dagger Throw+1","Bouncing Flask","Catalyst+1","Crippling Poison+1","Deadly Poison+1","Glass Knife+1","Doppelganger","Noxious Fumes","Necronomicurse","Ghostly+1","Ghostly+1","Ghostly+1","Calculated Gamble","Backflip","Blur","Catalyst","Catalyst+1"],"relics":["Ring of the Snake","Nunchaku","Potion Belt","Empty Cage","Necronomicon","Tiny Chest","Whetstone","HornCleat"],"acts_visited":["Exordium","TheCity"],"potions_floor_usage":[5,6,11,16,25,28,31],"damage_taken":[{"damage":0,"enemies":"Small Slimes","floor":1,"turns":4},{"damage":3,"enemies":"Cultist","floor":3,"turns":4},{"damage":0,"enemies":"2 Louse","floor":4,"turns":2},{"damage":1,"enemies":"Looter","floor":5,"turns":3},{"damage":36,"enemies":"Lagavulin","floor":6,"turns":7},{"damage":10,"enemies":"Gremlin Gang","floor":7,"turns":4},{"damage":1,"enemies":"Exordium Thugs","floor":11,"turns":5},{"damage":0,"enemies":"Looter","floor":14,"turns":2},{"damage":6,"enemies":"Hexaghost","floor":16,"turns":5},{"damage":0,"enemies":"Chosen","floor":18,"turns":3},{"damage":18,"enemies":"Gremlin Leader","floor":23,"turns":6},{"damage":0,"enemies":"3 Byrds","floor":25,"turns":3},{"damage":7,"enemies":"Book of Stabbing","floor":28,"turns":5},{"damage":0,"enemies":"Centurion and Healer","floor":30,"turns":5},{"damage":1,"enemies":"Chosen and Byrds","floor":31,"turns":5},{"damage":8,"enemies":"Collector","floor":33,"turns":2}],"seed_played":"-8591988414163068464","potions_obtained":[{"floor":1,"key":"Block Potion"},{"floor":2,"key":"Ancient Potion"},{"floor":2,"key":"ColorlessPotion"},{"floor":11,"key":"Fire Potion"},{"floor":14,"key":"DistilledChaos"},{"floor":18,"key":"GhostInAJar"},{"floor":23,"key":"SpeedPotion"},{"floor":30,"key":"Energy Potion"}],"is_trial":false,"path_per_floor":["M","?","M","M","M","E","M","R","T","$","M","$","R","M","R","B",null,"M","$","?","?","?","E","R","M","T","R","E","R","M","M","R","B"],"character_chosen":"THE_SILENT","items_purchased":["Crippling Poison","Block Potion","Noxious Fumes"],"campfire_rested":0,"item_purchase_floors":[10,10,19],"current_hp_per_floor":[59,59,56,56,55,19,9,9,9,9,8,8,8,8,8,2,50,50,50,29,29,29,11,11,11,11,11,4,4,4,3,3,0,0],"gold":123,"neow_bonus":"THREE_CARDS","is_daily":false,"chose_seed":false,"campfire_upgraded":7,"win_rate":0.0,"timestamp":1614106788,"path_taken":["M","?","M","M","M","E","M","R","T","$","M","?","R","M","R","BOSS","M","?","?","?","?","E","R","?","T","R","E","R","M","M","R","BOSS"],"items_purchased_type":["Card","Potion","Card"],"build_version":"2020-12-22","purchased_purges":1,"victory":false,"max_hp_per_floor":[66,66,66,66,66,66,66,66,66,66,66,66,66,66,66,66,66,66,66,66,33,33,33,33,33,33,33,33,33,33,33,33,33,33],"relic_stats":{"Nunchaku":[5],"counters":[16,65],"Tiny Chest":0,"Necronomicon":[0],"Whetstone":["Glass Knife","Dagger Throw"],"obtain_stats":[{"Potion Belt":9,"Nunchaku":6,"HornCleat":28,"Tiny Chest":22,"Necronomicon":20,"Whetstone":23,"Empty Cage":17,"Ring of the Snake":0},{"Potion Belt":6,"Nunchaku":5,"HornCleat":13,"Tiny Chest":10,"Necronomicon":10,"Whetstone":11,"Empty Cage":9,"Ring of the Snake":0},{"Potion Belt":24,"Nunchaku":20,"HornCleat":53,"Tiny Chest":39,"Necronomicon":39,"Whetstone":45,"Empty Cage":36,"Ring of the Snake":0}],"Ring of the Snake":[32]},"card_choices":[{"not_picked":["Cloak And Dagger","Well Laid Plans"],"picked":"Backstab","floor":0},{"not_picked":["Calculated Gamble","Backflip","Dodge and Roll"],"picked":"SKIP","floor":1},{"not_picked":["Sucker Punch","Quick Slash"],"picked":"Dagger Spray","floor":3},{"not_picked":["Poisoned Stab","Bane"],"picked":"Dagger Throw","floor":4},{"not_picked":["Blur","Dagger Throw"],"picked":"Bouncing Flask","floor":5},{"not_picked":["Acrobatics","Riddle With Holes","Deflect"],"picked":"SKIP","floor":6},{"not_picked":["Terror","Underhanded Strike"],"picked":"Catalyst","floor":7},{"not_picked":["Bane","Dodge and Roll"],"picked":"Deadly Poison","floor":11},{"not_picked":["Backflip","Dodge and Roll"],"picked":"Glass Knife","floor":14},{"not_picked":["Glass Knife","Storm of Steel"],"picked":"Doppelganger","floor":16},{"not_picked":["Sucker Punch","Dagger Spray+1","Infinite Blades"],"picked":"SKIP","floor":18},{"not_picked":["Dodge and Roll","All Out Attack"],"picked":"Calculated Gamble","floor":23},{"not_picked":["Acrobatics","Dash"],"picked":"Backflip","floor":25},{"not_picked":["Dagger Throw","Endless Agony"],"picked":"Blur","floor":28},{"not_picked":["Deadly Poison","Blade Dance"],"picked":"Catalyst","floor":30},{"not_picked":["Choke+1","Expertise"],"picked":"Catalyst","floor":31}],"player_experience":868497,"relics_obtained":[{"floor":6,"key":"Nunchaku"},{"floor":9,"key":"Potion Belt"},{"floor":20,"key":"Necronomicon"},{"floor":23,"key":"Whetstone"},{"floor":28,"key":"HornCleat"}],"event_choices":[{"damage_healed":0,"gold_gain":0,"player_choice":"Got Potions","damage_taken":0,"max_hp_gain":0,"max_hp_loss":0,"event_name":"Lab","floor":2,"gold_loss":0},{"damage_healed":0,"gold_gain":0,"player_choice":"Obtained Book","damage_taken":21,"max_hp_gain":0,"max_hp_loss":0,"event_name":"Cursed Tome","floor":20,"gold_loss":0},{"damage_healed":0,"gold_gain":0,"player_choice":"Became a Ghost","damage_taken":0,"max_hp_gain":0,"max_hp_loss":33,"event_name":"Ghosts","floor":21,"gold_loss":0,"cards_obtained":["Ghostly","Ghostly","Ghostly"]},{"damage_healed":0,"gold_gain":0,"player_choice":"Gave Potion","damage_taken":0,"relics_obtained":["Tiny Chest"],"max_hp_gain":0,"max_hp_loss":0,"event_name":"WeMeetAgain","floor":22,"gold_loss":0}],"is_beta":false,"boss_relics":[{"not_picked":["Pandora\u0027s Box","Coffee Dripper"],"picked":"Empty Cage"}],"items_purged_floors":[10],"is_endless":false,"potions_floor_spawned":[1,4,11,14,18,23,30],"killed_by":"Collector","ascension_level":20}}