{"host":"f2zkc2gsfwbibc34","time":1614083815,"event":{"mods":["AchievementEnabler","BaseMod","Better Note","Colored Map","Colored Powertips","Defuse TimeMaze Blight","Minty Spire (QoL Compilation)","Permanent Neow","StSLib","SuperFastMode","The Servant 0.9.4"],"gold_per_floor":[362,362,16,34,34,61,61,79,103,128,162,177,191,221,221,323,323,338,338,318,299,316,316,9,27,27,57,57,72,85,100,100,202,202,217,267,315,145,145,171,182,199,226,256,256,256,131,147,147,147],"floor_reached":51,"language":"ENG","playtime":2259,"items_purged":["Defend_S","Defend_S","Defend_S"],"score":1374,"play_id":"c13d8d0a-1936-44cd-8a30-da562a8e124f","local_time":"20210223133655","is_ascension_mode":true,"campfire_choices":[{"data":"Barrier","floor":7,"key":"SMITH"},{"data":"FlawlessForm","floor":15,"key":"SMITH"},{"data":"SurpressingFire","floor":23,"key":"SMITH"},{"data":"Moondial","floor":28,"key":"SMITH"},{"data":"KidneyShot","floor":32,"key":"SMITH"},{"data":"SilverBlades","floor":46,"key":"SMITH"},{"data":"TheWorld","floor":49,"key":"SMITH"}],"circlet_count":0,"master_deck":["Strike_S","Strike_S+1","KidneyShot+1","Exchange","Defy","SilverBlades+1","Moondial+1","Barrier+1","RealityMarble","FlawlessForm+1","Sabotage","TheWorld+1","SurpressingFire+1","SpecialFormula","InstantArmor","BestPractice+1","Dilation","Luminosity+1","Reset+1","MoonPhase+1","Luminosity","SilverBlades+1","SurpressingFire+1"],"relics":["Uniform","Happy Flower","Bronze Scales","Nunchaku","Broom","PocketWatch","MealTicket","SlaversCollar","Whetstone","Sling","HornCleat","Regal Pillow","Empty Cage","Ice Cream","OldScarf","Ancient Tea Set","Art of War","Potion Belt"],"acts_visited":["Exordium","TheCity","TheBeyond"],"potions_floor_usage":[6,16,16,21,33,37,50,50,50,50,50],"damage_taken":[{"damage":10,"enemies":"2 Louse","floor":1,"turns":3},{"damage":0,"enemies":"Jaw Worm","floor":4,"turns":4},{"damage":29,"enemies":"3 Sentries","floor":6,"turns":11},{"damage":0,"enemies":"Small Slimes","floor":8,"turns":4},{"damage":2,"enemies":"Gremlin Nob","floor":11,"turns":6},{"damage":0,"enemies":"Looter","floor":12,"turns":3},{"damage":0,"enemies":"Large Slime","floor":13,"turns":9},{"damage":0,"enemies":"Hexaghost","floor":16,"turns":11},{"damage":7,"enemies":"3 Byrds","floor":18,"turns":6},{"damage":3,"enemies":"2 Thieves","floor":21,"turns":5},{"damage":11,"enemies":"Snake Plant","floor":22,"turns":6},{"damage":0,"enemies":"Cultist and Chosen","floor":25,"turns":6},{"damage":0,"enemies":"Gremlin Leader","floor":27,"turns":6},{"damage":2,"enemies":"Centurion and Healer","floor":29,"turns":7},{"damage":2,"enemies":"Chosen and Byrds","floor":30,"turns":5},{"damage":0,"enemies":"Snake Plant","floor":31,"turns":4},{"damage":0,"enemies":"Collector","floor":33,"turns":8},{"damage":2,"enemies":"3 Shapes","floor":35,"turns":5},{"damage":0,"enemies":"Mind Bloom Boss Battle","floor":36,"turns":4},{"damage":16,"enemies":"2 Orb Walkers","floor":37,"turns":7},{"damage":0,"enemies":"Nemesis","floor":40,"turns":13},{"damage":14,"enemies":"3 Darklings","floor":41,"turns":4},{"damage":0,"enemies":"Jaw Worm Horde","floor":42,"turns":6},{"damage":0,"enemies":"Giant Head","floor":44,"turns":7},{"damage":0,"enemies":"Spire Growth","floor":48,"turns":5},{"damage":0,"enemies":"Time Eater","floor":50,"turns":8}],"seed_played":"3569371530846046125","potions_obtained":[{"floor":4,"key":"Explosive Potion"},{"floor":11,"key":"FearPotion"},{"floor":13,"key":"AttackPotion"},{"floor":16,"key":"LiquidBronze"},{"floor":20,"key":"ColorlessPotion"},{"floor":22,"key":"Strength Potion"},{"floor":25,"key":"AttackPotion"},{"floor":29,"key":"AttackPotion"},{"floor":35,"key":"Block Potion"},{"floor":37,"key":"FearPotion"},{"floor":44,"key":"AttackPotion"},{"floor":48,"key":"ColorlessPotion"}],"is_trial":false,"path_per_floor":["M","?","$","M","$","E","R","M","T","T","E","M","M","?","R","B",null,"M","?","?","M","M","R","$","M","T","E","R","M","M","M","R","B",null,"M","?","?","$","?","E","M","M","T","E","?","R","$","M","R","B",null],"character_chosen":"THE_SERVANT","items_purchased":["SilverBlades","Happy Flower","Moondial","Whetstone","Sling","Luminosity"],"campfire_rested":0,"item_purchase_floors":[3,3,3,24,24,38],"current_hp_per_floor":[49,54,54,54,54,25,25,25,25,25,23,23,23,23,23,23,54,47,47,47,44,33,33,48,53,53,58,58,61,64,64,64,64,64,62,64,48,63,63,64,58,63,63,64,64,64,64,64,64,64],"gold":147,"neow_bonus":"TWO_FIFTY_GOLD","is_daily":false,"chose_seed":false,"campfire_upgraded":7,"win_rate":0.0,"timestamp":1614083815,"path_taken":["M","?","$","M","?","E","R","M","T","?","E","M","M","?","R","BOSS","M","?","?","M","M","R","$","M","T","E","R","M","M","?","R","BOSS","M","?","?","$","?","E","M","M","T","E","?","R","?","M","R","BOSS"],"items_purchased_type":["Card","Relic","Card","Relic","Relic","Card"],"build_version":"2020-12-22","purchased_purges":3,"victory":true,"max_hp_per_floor":[59,64,64,64,64,64,64,64,64,64,64,64,64,64,64,64,64,64,64,64,64,64,64,64,64,64,64,64,64,64,64,64,64,64,64,64,64,64,64,64,64,64,64,64,64,64,64,64,64,64],"card_choices":[{"not_picked":["Revamp","Potential"],"picked":"Defy","floor":1},{"not_picked":["FanOfKnives","Ricochet"],"picked":"Barrier","floor":4},{"not_picked":["Orbit","DualDimension"],"picked":"RealityMarble","floor":6},{"not_picked":["Rearm","ShatteredReality"],"picked":"FlawlessForm","floor":8},{"not_picked":["Alleviate","Comet"],"picked":"Sabotage","floor":11},{"not_picked":["Read","Collapse","Rewind"],"picked":"SKIP","floor":12},{"not_picked":["ReturningBlade","Read","Alleviate"],"picked":"SKIP","floor":13},{"not_picked":["SilverMatrix","Solidify"],"picked":"TheWorld","floor":16},{"not_picked":["Shuttle","Rearm","Potential+1"],"picked":"SKIP","floor":18},{"not_picked":["Defy+1","Alleviate"],"picked":"SurpressingFire","floor":21},{"not_picked":["Alleviate+1","BottledTime+1"],"picked":"SpecialFormula","floor":22},{"not_picked":["Replace","Potential","SilverMatrix"],"picked":"SKIP","floor":25},{"not_picked":["Unruled","Revamp","Ricochet"],"picked":"SKIP","floor":27},{"not_picked":["DualDimension","Potential","FastForward+1"],"picked":"SKIP","floor":29},{"not_picked":["Replace","Rewind"],"picked":"InstantArmor","floor":30},{"not_picked":["FastForward+1","DoubleEdge"],"picked":"BestPractice+1","floor":31},{"not_picked":["Sunlight","Solidify"],"picked":"Dilation","floor":33},{"not_picked":["Revamp","Rearm"],"picked":"Luminosity+1","floor":35},{"not_picked":["Collapse","Rearm"],"picked":"Reset+1","floor":36},{"not_picked":["Reset","Rewind"],"picked":"MoonPhase+1","floor":37},{"not_picked":["DoubleEdge+1","Rewind"],"picked":"SilverBlades","floor":40},{"not_picked":["Alleviate+1","Starlight+1","Duplication"],"picked":"SKIP","floor":41},{"not_picked":["Replace+1","DualDimension","Unruled+1"],"picked":"SKIP","floor":42},{"not_picked":["Potential+1","Replace+1"],"picked":"SurpressingFire+1","floor":44},{"not_picked":["ShatteredReality","Comet+1","Replace"],"picked":"SKIP","floor":48}],"player_experience":121928,"relics_obtained":[{"floor":6,"key":"Bronze Scales"},{"floor":9,"key":"Nunchaku"},{"floor":10,"key":"Broom"},{"floor":11,"key":"PocketWatch"},{"floor":26,"key":"HornCleat"},{"floor":27,"key":"Regal Pillow"},{"floor":36,"key":"Ice Cream"},{"floor":37,"key":"OldScarf"},{"floor":40,"key":"Ancient Tea Set"},{"floor":43,"key":"Art of War"},{"floor":44,"key":"Potion Belt"}],"event_choices":[{"damage_healed":0,"gold_gain":0,"player_choice":"Donut","damage_taken":0,"max_hp_gain":5,"max_hp_loss":0,"event_name":"Big Fish","floor":2,"gold_loss":0},{"damage_healed":0,"gold_gain":30,"player_choice":"Searched \u00273\u0027 times","damage_taken":0,"relics_obtained":["MealTicket"],"max_hp_gain":0,"max_hp_loss":0,"event_name":"Dead Adventurer","floor":14,"gold_loss":0},{"damage_healed":0,"gold_gain":0,"player_choice":"Upgraded","damage_taken":0,"max_hp_gain":0,"max_hp_loss":0,"event_name":"Upgrade Shrine","floor":19,"gold_loss":0,"cards_upgraded":["SilverBlades"]},{"damage_healed":0,"gold_gain":0,"player_choice":"Bought 1 Potion","damage_taken":0,"max_hp_gain":0,"max_hp_loss":0,"event_name":"The Woman in Blue","floor":20,"gold_loss":0},{"damage_healed":0,"gold_gain":0,"player_choice":"Fight","damage_taken":0,"max_hp_gain":0,"max_hp_loss":0,"event_name":"MindBloom","floor":36,"gold_loss":0},{"damage_healed":0,"gold_gain":0,"player_choice":"Fight","damage_taken":0,"max_hp_gain":0,"max_hp_loss":0,"event_name":"Mysterious Sphere","floor":37,"gold_loss":0},{"cards_removed":["Strike_S"],"damage_healed":0,"gold_gain":0,"player_choice":"Removed Attack","damage_taken":0,"max_hp_gain":0,"max_hp_loss":0,"event_name":"Falling","floor":39,"gold_loss":0},{"damage_healed":0,"gold_gain":0,"player_choice":"Ignored","damage_taken":0,"max_hp_gain":0,"max_hp_loss":0,"event_name":"Tomb of Lord Red Mask","floor":45,"gold_loss":0}],"is_beta":false,"boss_relics":[{"not_picked":["Fusion Hammer","SacredBark"],"picked":"SlaversCollar"},{"not_picked":["Astrolabe","Cursed Key"],"picked":"Empty Cage"}],"items_purged_floors":[3,38,47],"is_endless":false,"potions_floor_spawned":[4,11,13,16,22,25,27,29,35,37,41,44,48],"ascension_level":7}}