{"host":"p5axfb00mxhraew6","time":1614080389,"event":{"mods":["100% Spire Juice","Abigail Mod","Act Like it!","BaseMod","CapriCore","Friendly Minions","GifTheSpireLib","Jedi Mod","KomeijiMod","MarisaÅiñ∂âJÅ@ñÇóùçπÅj","Minty Spire (QoL Compilation)","Prisma Mod","ReimuÅiîé??öÎÅj","RemiliaÅiÂQïƒ‰ª?Åj","SOSÅiézîb?îVéqÅj","StSLib","Td1madao Mod","The Alterego","The Immortal","The Problem Sleuth","Yakumo Yukari mod"],"gold_per_floor":[232,247,247,143,156,187,187,222,268,280,304,316,115,143,143,220,220,232,64,83,26,38,67,67,93,93,120,60,60,78,27,27,102,102,117,117,136,4,22,53,53,88,88,115,126,142,142,142,142,142,142,142,142,41,68,68],"floor_reached":57,"language":"ENG","playtime":2512,"items_purged":["AT_purpleEX","AT_purpleEX","AT_purpleEX"],"score":3582,"play_id":"509e6e2c-95e5-4632-ac18-9ef3edf71e1f","local_time":"20210223203949","is_ascension_mode":true,"campfire_choices":[{"data":"D_absorption_purple","floor":7,"key":"SMITH"},{"data":"Umbrella_purple","floor":10,"key":"SMITH"},{"data":"Umbrella_purple","floor":12,"key":"SMITH"},{"data":"Observe_purple_2","floor":15,"key":"SMITH"},{"data":"ContainerChange_purple","floor":24,"key":"SMITH"},{"data":"Mirror_FourBoundary_purple","floor":29,"key":"SMITH"},{"data":"CommonSense_AntiCommonSense_purple","floor":32,"key":"SMITH"},{"floor":41,"key":"RECALL"},{"data":"Mirror_FourBoundary_purple","floor":47,"key":"SMITH"},{"floor":49,"key":"REST"},{"floor":53,"key":"REST"}],"circlet_count":0,"master_deck":["Defend_purpleEX+1","Defend_purpleEX+1","Defend_purpleEX+1","Defend_purpleEX+1","Observe_purple_1+1","Observe_purple_2+1","OmniscientAndOmnipotent_Monster_purple+1","Umbrella_purple+1","Charmbait_purple+1","Umbrella_purple+1","D_absorption_purple+1","OmniscientAndOmnipotent_Monster_purple+1","Nest_LightFlightworm_purple+1","CommonSense_AntiCommonSense_purple+1","Nest_LightFlightworm_purple+1","ContainerChange_purple+1","RuleDissolution_purple+1","Mirror_FourBoundary_purple+1","WorldDissolvedintheRealm_purple+1","MeetDecomposer_purple+1","Mirror_WaveAndshot_purple+1","CommonSense_AntiCommonSense_purple+1","Charmbait_purple+1","Shallow_ocean_purpleEX+1","AdvanceAttack_purple+1","StateErode_purple+1","SfantasyHide_purple+1","LoveAcrossDimensions_purple+1","Line_surface_state_purple+1","Mirror_FourBoundary_purple+1","StateErode_purple+1","Line_surface_state_purple+1","Umbrella_purple+1","DistantPastFriend_purple+1","Mirror_FourBoundary_purple","Umbrella_purple+1","Charmbait_purple+1"],"relics":["Boundary_crack","Memoryfragments_purpleEX","Molten Egg 2","Bronze Scales","MawBank","Omamori","Sozu","CrazyTorch:ReiMu","Toy Ornithopter","InkBottle","Sundial","SlaversCollar","KyoryuNoHagoromo","Strawberry","jedi:bottledfury","Bag of Marbles"],"acts_visited":["Exordium","TheCity","TheBeyond","TheEnding"],"potions_floor_usage":[8,14,56],"damage_taken":[{"damage":0,"enemies":"2 Louse","floor":1,"turns":3},{"damage":1,"enemies":"Small Slimes","floor":2,"turns":3},{"damage":2,"enemies":"Jaw Worm","floor":5,"turns":3},{"damage":40,"enemies":"Gremlin Nob","floor":6,"turns":4},{"damage":10,"enemies":"Lagavulin","floor":8,"turns":6},{"damage":0,"enemies":"Looter","floor":11,"turns":3},{"damage":0,"enemies":"Gremlin Nob","floor":14,"turns":3},{"damage":0,"enemies":"Slime Boss","floor":16,"turns":5},{"damage":0,"enemies":"3 Byrds","floor":18,"turns":2},{"damage":2,"enemies":"2 Thieves","floor":20,"turns":4},{"damage":0,"enemies":"Centurion and Healer","floor":22,"turns":4},{"damage":27,"enemies":"Book of Stabbing","floor":23,"turns":4},{"damage":0,"enemies":"Gremlin Leader","floor":25,"turns":3},{"damage":0,"enemies":"Book of Stabbing","floor":27,"turns":3},{"damage":0,"enemies":"Sentry and Sphere","floor":30,"turns":3},{"damage":0,"enemies":"Automaton","floor":33,"turns":4},{"damage":0,"enemies":"Orb Walker","floor":35,"turns":3},{"damage":0,"enemies":"3 Darklings","floor":37,"turns":3},{"damage":0,"enemies":"Spire Growth","floor":39,"turns":3},{"damage":0,"enemies":"Giant Head","floor":40,"turns":5},{"damage":0,"enemies":"Reptomancer","floor":42,"turns":5},{"damage":8,"enemies":"Nemesis","floor":44,"turns":5},{"damage":11,"enemies":"4 Shapes","floor":45,"turns":2},{"damage":0,"enemies":"Sphere and 2 Shapes","floor":46,"turns":3},{"damage":0,"enemies":"Sphere and 2 Shapes","floor":48,"turns":9},{"damage":12,"enemies":"Time Eater","floor":50,"turns":4},{"damage":0,"enemies":"Awakened One","floor":51,"turns":6},{"damage":0,"enemies":"Shield and Spear","floor":55,"turns":5},{"damage":13,"enemies":"The Heart","floor":56,"turns":7}],"seed_played":"-4752911619162376847","potions_obtained":[{"floor":5,"key":"Regen Potion"},{"floor":6,"key":"PanachePotion"},{"floor":8,"key":"Regen Potion"}],"is_trial":false,"path_per_floor":["M","M","?","$","M","E","R","E","T","R","M","R","$","E","R","B",null,"M","$","M","$","M","E","R","E","T","E","?","R","M","$","R","B",null,"M","?","M","$","M","E","R","E","T","E","M","M","R","?","R","B","B",null,"R","$","E","B",null],"character_chosen":"Youkari","items_purchased":["Charmbait_purple","Nest_LightFlightworm_purple+1","CommonSense_AntiCommonSense_purple","Mirror_FourBoundary_purple","MeetDecomposer_purple","StateErode_purple+1","Mirror_FourBoundary_purple","StateErode_purple+1","Mirror_FourBoundary_purple","Umbrella_purple+1"],"campfire_rested":2,"item_purchase_floors":[4,13,13,19,21,31,38,38,54,54],"current_hp_per_floor":[60,60,60,60,59,19,19,25,25,25,27,27,27,36,36,41,59,61,61,64,64,65,41,41,46,46,51,51,51,56,56,56,61,64,65,65,65,65,65,65,65,72,72,66,59,64,64,72,72,65,70,72,72,72,72,67],"gold":68,"neow_bonus":"HUNDRED_GOLD","is_daily":false,"chose_seed":false,"campfire_upgraded":8,"win_rate":0.0,"timestamp":1614080389,"path_taken":["M","M","?","$","M","E","R","E","T","R","M","R","$","E","R","BOSS","M","$","M","$","M","E","R","E","T","E","?","R","M","?","R","BOSS","M","?","M","$","?","E","R","E","T","E","M","M","R","?","R","BOSS","BOSS","R","$","E","BOSS"],"items_purchased_type":["Card","Card","Card","Card","Card","Card","Card","Card","Card","Card"],"build_version":"2020-12-22","purchased_purges":3,"victory":true,"max_hp_per_floor":[65,65,65,65,65,65,65,65,65,65,65,65,65,65,65,65,65,65,65,65,65,65,65,65,65,65,65,65,65,65,65,65,65,65,65,65,65,65,65,65,65,72,72,72,72,72,72,72,72,72,72,72,72,72,72,72],"card_choices":[{"not_picked":["StateDuplicate_purple","ExistenceContinue_purple"],"picked":"OmniscientAndOmnipotent_Monster_purple","floor":1},{"not_picked":["ExistenceContinue_purple","ExternalForce_HighSpeedFlying_purple"],"picked":"Umbrella_purple","floor":2},{"not_picked":["Line_surface_state_purple","PositiveMatter_Antimatter_Universe_purple"],"picked":"Umbrella_purple","floor":5},{"not_picked":["OmniscientAndOmnipotent_Monster_purple+1","StateDuplicate_purple"],"picked":"D_absorption_purple","floor":6},{"not_picked":["Mirror_FormAndEmptin_purple","Bait_Toxicbait_purple"],"picked":"OmniscientAndOmnipotent_Monster_purple+1","floor":8},{"not_picked":["Mirror_FormAndEmptin_purple","EighthInstrument_OneDividesIntoTwo_purple+1","Photoelasticity_Doppler_Effect_purple+1"],"picked":"SKIP","floor":11},{"not_picked":["StateErode_purple+1","LoveAcrossDimensions_purple"],"picked":"Nest_LightFlightworm_purple+1","floor":14},{"not_picked":["Know_ledgeAbilityRealm_purple+1","Computing_the_future_purpleEX"],"picked":"ContainerChange_purple","floor":16},{"not_picked":["WatchEChange_purple","StateDuplicate_purple"],"picked":"RuleDissolution_purple","floor":18},{"not_picked":["AdvanceAttack_purple+1","SharpContractionReality_purple+1"],"picked":"WorldDissolvedintheRealm_purple+1","floor":20},{"not_picked":["Charmbait_purple+1","AdvanceAttack_purple+1"],"picked":"Mirror_WaveAndshot_purple","floor":22},{"not_picked":["ExistenceContinue_purple+1","Erosivefilter_purple"],"picked":"CommonSense_AntiCommonSense_purple","floor":23},{"not_picked":["Nest_LightFlightworm_purple+1","PurpleNeedle_purple+1"],"picked":"Charmbait_purple+1","floor":25},{"not_picked":["Fantasy_PerpetualMotionMachine_purple","ContainerChange_purple"],"picked":"Shallow_ocean_purpleEX+1","floor":27},{"not_picked":["EighthInstrument_OneDividesIntoTwo_purple+1","OpenedBox_purple"],"picked":"AdvanceAttack_purple+1","floor":30},{"not_picked":["MeetDecomposer_purple+1","Line_surface_state_purple"],"picked":"SfantasyHide_purple+1","floor":35},{"not_picked":["Realm_recovery_purpleEX+1","RuleDissolution_purple"],"picked":"Line_surface_state_purple+1","floor":37},{"not_picked":["StateErode_purple+1","AdvanceAttack_purple+1"],"picked":"Line_surface_state_purple+1","floor":39},{"not_picked":["CommonSense_AntiCommonSense_purple","Worldmountain_purple+1","RuleDissolution_purple"],"picked":"SKIP","floor":40},{"not_picked":["Worldmountain_purple+1","Mirror_FormAndEmptin_purple","Yakumo_Ran_purple+1"],"picked":"SKIP","floor":42},{"not_picked":["Price_of_realm_purpleEX","RuleDissolution_purple"],"picked":"Umbrella_purple+1","floor":44},{"not_picked":["WatchEChange_purple","Fantasy_PerpetualMotionMachine_purple","Shallow_ocean_purpleEX+1"],"picked":"SKIP","floor":45},{"not_picked":["WingOfChimera_purple","Fantasy_PerpetualMotionMachine_purple","Anti_communist_purple"],"picked":"SKIP","floor":46},{"not_picked":["Price_of_realm_purpleEX","ExistenceContinue_purple+1"],"picked":"Charmbait_purple+1","floor":55}],"player_experience":1260781,"relics_obtained":[{"floor":6,"key":"Molten Egg 2"},{"floor":8,"key":"Bronze Scales"},{"floor":9,"key":"MawBank"},{"floor":14,"key":"Omamori"},{"floor":23,"key":"CrazyTorch:ReiMu"},{"floor":25,"key":"Toy Ornithopter"},{"floor":26,"key":"InkBottle"},{"floor":27,"key":"Sundial"},{"floor":40,"key":"KyoryuNoHagoromo"},{"floor":42,"key":"Strawberry"},{"floor":44,"key":"jedi:bottledfury"},{"floor":55,"key":"Bag of Marbles"}],"event_choices":[{"damage_healed":0,"gold_gain":0,"cards_transformed":["AT_purpleEX"],"player_choice":"Transformed","damage_taken":0,"max_hp_gain":0,"max_hp_loss":0,"event_name":"Transmorgrifier","floor":36,"gold_loss":0,"cards_obtained":["LoveAcrossDimensions_purple"]}],"is_beta":false,"boss_relics":[{"not_picked":["Runic Pyramid","Empty Cage"],"picked":"Sozu"},{"not_picked":["Snecko Eye","Cursed Key"],"picked":"SlaversCollar"}],"items_purged_floors":[4,13,19],"is_endless":false,"potions_floor_spawned":[5,6,8,18,23,33,37,40,42,45,46,55],"ascension_level":20}}