{"host":"w8xisjf5mgmfjvmt","time":1614043961,"event":{"mods":["BaseMod","BetterRewards","Challenge The Spire","Conspire","Energized Spire","Filter the Spire","Minty Spire (QoL Compilation)","Quarter Circle Forward PUNCH!","Quick Restart","Relic Filter Mod","Relic Stats","Reliquary","Replay The Spire","Say the Spire","Shop Mod","Spicy Shops","StSLib","¡¾ÒÅÎï¿¨ÅÆ¡¿REMEMod","óô»ðÖ¸ÄÏ"],"gold_per_floor":[113,132,150,425,441,471,471,499,499,420,456,502,546,576,161,258,258,323,323,342,374,408,441,441,479,479,523,547,156,220,262,262,354,304,322,377,405,426,474,474,502,547,570,595,110,197,228,261,261,306,331,331,331,110,152,287],"floor_reached":57,"language":"ZHS","playtime":3499,"items_purged":["Regret","Strike_R","Strike_R","Strike_R"],"score":3959,"play_id":"4ff46417-4199-4857-bca2-abb8accdd99f","local_time":"20210223093241","is_ascension_mode":true,"campfire_choices":[{"data":"Armaments","floor":24.0,"key":"SMITH"},{"data":"Fire Breathing","floor":32.0,"key":"SMITH"},{"data":"Abandon","floor":32.0,"key":"SMITH"},{"data":"Evolve","floor":40,"key":"SMITH"},{"data":"Dark Embrace","floor":40,"key":"SMITH"},{"floor":49,"key":"RECALL"},{"data":"Feel No Pain","floor":53,"key":"SMITH"},{"data":"Body Slam","floor":53,"key":"SMITH"}],"circlet_count":0,"master_deck":["AscendersBane","Strike_R","Strike_R+1","Defend_R","Defend_R","Defend_R","Defend_R","Bash","Power Through","Intimidate","Body Slam+1","ReplayTheSpireMod:Stacked","Fire Breathing+1","Defy Death","Body Slam+1","Burning Pact","Evolve+1","Havoc","Armaments+1","REME_ACTH+1","Abandon+1","Dark Embrace+1","REME_Scribble","Warcry","Battle Trance","Second Wind","Warcry","Exhume+1","REME_TheLastStrike","ReplayTheSpireMod:Stacked","Shrug It Off","Impervious","Strike_R","Battle Trance","True Grit+1","Shrug It Off","Ghostly Armor","REME_ACTH","Sentinel","Feel No Pain+1","REME_ACTH","Metallicize","Demonic Infusion+1"],"relics":["REME_ComplimentaryCards","Honey Jar","Bottled Flame","Champion Belt","Mango","Replay:Bandana","Oddly Smooth Stone","Medical Kit","Orrery","energizedSpire:SpiderWeb","Ring of Misfortune","ReplayTheSpireMod:Ring of Addiction","White Beast Statue","Chameleon Ring","Whetstone","reliquary:PurpleTingedLeaf","Potion Belt","reliquary:TuningFork","Replay:Arrowhead","Boot","energizedSpire:HugeHouse","Replay:Rubber Ducky","reliquary:SilkGlove","Guide Book","Lizard Tail","Golden Egg","OrangePellets","reliquary:PrincelyHelmet"],"acts_visited":["Exordium","TheCity","TheBeyond","TheEnding"],"potions_floor_usage":[37,42,44,46,48,56,56,56,56,56,56,56,56,56,56,56],"damage_taken":[{"damage":2.0,"enemies":"Jaw Worm","floor":1.0,"turns":4.0},{"damage":0.0,"enemies":"Cultist","floor":2.0,"turns":3.0},{"damage":0.0,"enemies":"2 Louse","floor":3.0,"turns":2.0},{"damage":5.0,"enemies":"2 Fungi Beasts","floor":5.0,"turns":3.0},{"damage":13.0,"enemies":"Lagavulin","floor":6.0,"turns":5.0},{"damage":0.0,"enemies":"Gremlin Nob","floor":8.0,"turns":2.0},{"damage":6.0,"enemies":"Exordium Wildlife","floor":11.0,"turns":5.0},{"damage":2.0,"enemies":"Gremlin Gang","floor":12.0,"turns":4.0},{"damage":5.0,"enemies":"Exordium Thugs","floor":13.0,"turns":5.0},{"damage":5.0,"enemies":"3 Louse","floor":14.0,"turns":3.0},{"damage":2.0,"enemies":"Slime Boss","floor":16.0,"turns":4.0},{"damage":2.0,"enemies":"Spheric Guardian","floor":18.0,"turns":4.0},{"damage":2.0,"enemies":"2 Thieves","floor":20.0,"turns":3.0},{"damage":2.0,"enemies":"Snecko","floor":21.0,"turns":4.0},{"damage":0.0,"enemies":"3 Cultists","floor":22.0,"turns":3.0},{"damage":2.0,"enemies":"conspire:SneckoGhost","floor":23.0,"turns":3.0},{"damage":0.0,"enemies":"Book of Stabbing","floor":25.0,"turns":3.0},{"damage":3.0,"enemies":"Replay:Snechameleon","floor":27.0,"turns":3.0},{"damage":10.0,"enemies":"Shelled Parasite and Fungi","floor":28.0,"turns":3.0},{"damage":0.0,"enemies":"Chosen and Byrds","floor":30.0,"turns":3.0},{"damage":0.0,"enemies":"REME_1_Revenger","floor":31.0,"turns":3.0},{"damage":4.0,"enemies":"conspire:MysteriousRune","floor":33.0,"turns":3.0},{"damage":1.0,"enemies":"Orb Walker","floor":35.0,"turns":3.0},{"damage":2,"enemies":"3 Shapes","floor":37,"turns":3},{"damage":0,"enemies":"Writhing Mass","floor":38,"turns":3},{"damage":3,"enemies":"Maw","floor":39,"turns":4},{"damage":0,"enemies":"3 Darklings","floor":41,"turns":3},{"damage":3,"enemies":"Reptomancer","floor":42,"turns":3},{"damage":0,"enemies":"Jaw Worm Horde","floor":44,"turns":4},{"damage":3,"enemies":"R_Hoarder","floor":46,"turns":4},{"damage":3,"enemies":"Sphere and 2 Shapes","floor":47,"turns":5},{"damage":1,"enemies":"Reptomancer","floor":48,"turns":4},{"damage":1,"enemies":"Awakened One","floor":50,"turns":4},{"damage":0,"enemies":"Time Eater","floor":51,"turns":4},{"damage":2,"enemies":"Shield and Spear","floor":55,"turns":3},{"damage":6,"enemies":"The Heart","floor":56,"turns":7}],"seed_played":"-7951776938843032465","potions_obtained":[{"floor":1.0,"key":"SpeedPotion"},{"floor":6.0,"key":"AttackPotion"},{"floor":8.0,"key":"Energy Potion"},{"floor":14.0,"key":"conspire:TimeTravelPotion"},{"floor":16.0,"key":"REME_GoldPotion"},{"floor":19.0,"key":"Adrenaline Potion"},{"floor":20.0,"key":"Energy Potion"},{"floor":22.0,"key":"SpeedPotion"},{"floor":23.0,"key":"Block Potion"},{"floor":25.0,"key":"Strength Potion"},{"floor":27.0,"key":"Fruit Juice"},{"floor":28.0,"key":"REME_GoldPotion"},{"floor":30.0,"key":"Flashbang"},{"floor":31.0,"key":"Venom Potion"},{"floor":33.0,"key":"BlessingOfTheForge"},{"floor":35.0,"key":"SpeedPotion"},{"floor":36,"key":"Ancient Potion"},{"floor":37,"key":"BlessingOfTheForge"},{"floor":42,"key":"Block Potion"},{"floor":44,"key":"REME_GoldPotion"},{"floor":46,"key":"Strength Potion"},{"floor":47,"key":"SkillPotion"},{"floor":48,"key":"ElixirPotion"}],"is_trial":false,"path_per_floor":["M","M","M","?","M","E","T","E","T","?","M","M","M","M","R","B",null,"M","?","M","M","M","E","R","E","T","E","M","R","M","E","R","B",null,"M","?","M","M","M","R","M","E","T","M","$","E","M","E","R","B","B",null,"R","$","E","B",null],"character_chosen":"IRONCLAD","items_purchased":["Medical Kit","Orrery","Replay:Arrowhead","Feel No Pain","Guide Book","OrangePellets","ColorlessPotion"],"campfire_rested":0,"item_purchase_floors":[15,15,29,45,45,54,54],"current_hp_per_floor":[66,66,66,66,61,48,48,62,62,62,56,54,49,44,44,44,79,79,79,79,79,81,81,81,83,83,87,89,89,92,97,97,99,119,122,80,81,84,89,89,92,96,96,99,99,103,107,110,110,117,123,158,158,158,158,156],"gold":287,"neow_bonus":"BOSS_RELIC","is_daily":false,"chose_seed":false,"campfire_upgraded":7,"win_rate":0.0,"timestamp":1614043961,"path_taken":["M","M","M","?","?","E","?","E","T","?","M","M","?","M","R","BOSS","M","?","M","M","M","E","R","E","T","E","M","R","M","E","R","BOSS","M","?","M","?","M","R","?","E","T","M","$","E","M","E","R","BOSS","BOSS","R","$","E","BOSS"],"items_purchased_type":["Relic","Relic","Relic","Card","Relic","Relic","Potion"],"build_version":"2020-12-22","purchased_purges":4,"victory":true,"max_hp_per_floor":[75,75,75,75,75,75,75,89,89,89,89,89,89,89,89,91,91,93,93,95,97,99,101,101,103,103,109,120,120,122,126,126,130,125,129,129,131,133,139,139,139,145,145,147,147,153,159,163,163,167,171,169,169,169,169,171],"relic_stats":{"OrangePellets":[0],"Lizard Tail":0,"counters":[36,129],"Champion Belt":[4],"Whetstone":["Body Slam","Strike_R"],"Medical Kit":[40],"Boot":[0],"obtain_stats":[{"Golden Egg":48,"reliquary:SilkGlove":42,"reliquary:PrincelyHelmet":55,"Mango":8,"Whetstone":23,"Boot":31,"Burning Blood":0,"Replay:Rubber Ducky":36,"Replay:Bandana":9,"Lizard Tail":46,"Chameleon Ring":19,"Honey Jar":0,"energizedSpire:HugeHouse":34,"Potion Belt":26,"ReplayTheSpireMod:Ring of Addiction":19,"Guide Book":45,"Oddly Smooth Stone":10,"energizedSpire:SpiderWeb":17,"Medical Kit":15,"White Beast Statue":19,"Replay:Arrowhead":29,"OrangePellets":54,"Bottled Flame":6,"Ring of Misfortune":19,"Orrery":15,"reliquary:TuningFork":27,"Champion Belt":7,"reliquary:PurpleTingedLeaf":25,"REME_ComplimentaryCards":0},{"Golden Egg":32,"reliquary:SilkGlove":28,"reliquary:PrincelyHelmet":35,"Mango":6,"Whetstone":16,"Boot":21,"Burning Blood":0,"Replay:Rubber Ducky":23,"Replay:Bandana":6,"Lizard Tail":30,"Chameleon Ring":12,"Honey Jar":0,"energizedSpire:HugeHouse":22,"Potion Belt":17,"ReplayTheSpireMod:Ring of Addiction":12,"Guide Book":29,"Oddly Smooth Stone":6,"energizedSpire:SpiderWeb":11,"Medical Kit":10,"White Beast Statue":12,"Replay:Arrowhead":19,"OrangePellets":34,"Bottled Flame":5,"Ring of Misfortune":12,"Orrery":10,"reliquary:TuningFork":18,"Champion Belt":5,"reliquary:PurpleTingedLeaf":17,"REME_ComplimentaryCards":0},{"Golden Egg":111,"reliquary:SilkGlove":94,"reliquary:PrincelyHelmet":122,"Mango":19,"Whetstone":57,"Boot":72,"Burning Blood":0,"Replay:Rubber Ducky":78,"Replay:Bandana":19,"Lizard Tail":102,"Chameleon Ring":44,"Honey Jar":0,"energizedSpire:HugeHouse":75,"Potion Belt":60,"ReplayTheSpireMod:Ring of Addiction":44,"Guide Book":98,"Oddly Smooth Stone":19,"energizedSpire:SpiderWeb":40,"Medical Kit":36,"White Beast Statue":44,"Replay:Arrowhead":66,"OrangePellets":119,"Bottled Flame":17,"Ring of Misfortune":44,"Orrery":36,"reliquary:TuningFork":63,"Champion Belt":17,"reliquary:PurpleTingedLeaf":60,"REME_ComplimentaryCards":0}]},"card_choices":[{"not_picked":["Dual Wield","Headbutt","Wild Strike"],"picked":"Intimidate","floor":1.0},{"not_picked":["Twin Strike","Headbutt","Shockwave"],"picked":"Body Slam","floor":2.0},{"not_picked":["conspire:Charge","Demonic Infusion","Sword Boomerang"],"picked":"ReplayTheSpireMod:Stacked","floor":3.0},{"not_picked":["True Grit","Twin Strike","Blood for Blood"],"picked":"Fire Breathing","floor":5.0},{"not_picked":["Corruption","Thunderclap","Rampage"],"picked":"Defy Death","floor":6.0},{"not_picked":["Combust","Twin Strike","Cleave"],"picked":"Body Slam","floor":8.0},{"not_picked":["Wild Strike","ReplayTheSpireMod:Stacked","Carnage"],"picked":"Burning Pact","floor":11.0},{"not_picked":["REME_FearOfPain","Intimidate","Body Slam"],"picked":"Evolve","floor":12.0},{"not_picked":["Flame Barrier","Whirlwind","Cleave"],"picked":"Havoc","floor":13.0},{"not_picked":["Shockwave","Sword Boomerang","Flex"],"picked":"Armaments","floor":14.0},{"not_picked":["Body Slam","Dual Wield","Headbutt"],"picked":"REME_ACTH","floor":15.0},{"not_picked":["Intimidate","conspire:Charge","Power Through"],"picked":"Abandon","floor":15.0},{"not_picked":["Shrug It Off","Defy Death","Flex"],"picked":"Dark Embrace","floor":15.0},{"not_picked":["REME_Cut","Dual Wield","True Grit"],"picked":"REME_Scribble","floor":15.0},{"not_picked":["Reaper","Feed","Bludgeon"],"picked":"Double Tap","floor":16.0},{"not_picked":["Body Slam","Blood for Blood","Rage"],"picked":"Warcry","floor":18.0},{"not_picked":["Flex","Havoc+1","Twin Strike"],"picked":"Battle Trance","floor":20.0},{"not_picked":["Evolve","Cleave","Anger+1"],"picked":"Second Wind","floor":21.0},{"not_picked":["Body Slam","Evolve","Uppercut"],"picked":"Warcry","floor":22.0},{"not_picked":["Anger","REME_SingleHolding","ReplayTheSpireMod:Limb From Limb"],"picked":"Exhume","floor":23.0},{"not_picked":["Clothesline","Thunderclap+1","Rampage+1"],"picked":"REME_TheLastStrike","floor":25.0},{"not_picked":["Cleave","ReplayTheSpireMod:LeadingStrike","Pommel Strike","Iron Wave"],"picked":"SKIP","floor":27.0},{"not_picked":["Searing Blow","Metallicize","Thunderclap"],"picked":"ReplayTheSpireMod:Stacked","floor":28.0},{"not_picked":["REME_Fury","Body Slam","Flex","Inflame"],"picked":"SKIP","floor":30.0},{"not_picked":["Wild Strike","Hemokinesis","Clothesline"],"picked":"Shrug It Off","floor":31.0},{"not_picked":["Fiend Fire","Reaper","Immolate"],"picked":"Impervious","floor":33.0},{"not_picked":["Thunderclap","Anger","Rampage"],"picked":"True Grit+1","floor":35.0},{"not_picked":["REME_SingleHolding","Havoc+1","Sword Boomerang"],"picked":"Shrug It Off","floor":36},{"not_picked":["Clash","Warcry+1","Clothesline+1"],"picked":"Ghostly Armor","floor":37},{"not_picked":["Flame Barrier","Thunderclap+1","Warcry"],"picked":"REME_ACTH","floor":38},{"not_picked":["Reckless Charge","ReplayTheSpireMod:Muscle Training+1","Inflame","Blood for Blood+1"],"picked":"SKIP","floor":39},{"not_picked":["Clash","Warcry","Wild Strike","Thunderclap+1"],"picked":"SKIP","floor":41},{"not_picked":["Whirlwind","Bloodletting+1","Twin Strike+1","Reckless Charge"],"picked":"SKIP","floor":42},{"not_picked":["Clothesline","Seeing Red+1","Spot Weakness"],"picked":"Sentinel","floor":44},{"not_picked":["Seeing Red+1","ReplayTheSpireMod:Stacked","Havoc"],"picked":"REME_ACTH","floor":46},{"not_picked":["Headbutt","Carnage+1","Heavy Blade"],"picked":"Metallicize","floor":47},{"not_picked":["Thunderclap+1","Twin Strike","Battle Trance","Infernal Blade"],"picked":"SKIP","floor":48},{"not_picked":["Battle Trance+1","True Grit","Infernal Blade"],"picked":"Demonic Infusion","floor":55}],"player_experience":1395607,"relics_obtained":[{"floor":6.0,"key":"Bottled Flame"},{"floor":7.0,"key":"Champion Belt"},{"floor":8.0,"key":"Mango"},{"floor":9.0,"key":"Replay:Bandana"},{"floor":19.0,"key":"Ring of Misfortune"},{"floor":19.0,"key":"ReplayTheSpireMod:Ring of Addiction"},{"floor":19.0,"key":"White Beast Statue"},{"floor":19.0,"key":"Chameleon Ring"},{"floor":23.0,"key":"Whetstone"},{"floor":25.0,"key":"reliquary:PurpleTingedLeaf"},{"floor":26.0,"key":"Potion Belt"},{"floor":27.0,"key":"reliquary:TuningFork"},{"floor":31.0,"key":"Boot"},{"floor":36,"key":"Replay:Rubber Ducky"},{"floor":42,"key":"reliquary:SilkGlove"},{"floor":46,"key":"Lizard Tail"},{"floor":48,"key":"Golden Egg"},{"floor":55,"key":"reliquary:PrincelyHelmet"}],"event_choices":[{"damage_healed":0.0,"max_hp_gain":0.0,"max_hp_loss":0.0,"gold_gain":275.0,"event_name":"Golden Shrine","player_choice":"Desecrate","floor":4.0,"gold_loss":0.0,"damage_taken":0.0,"cards_obtained":["Regret"]},{"damage_healed":0.0,"max_hp_gain":0.0,"max_hp_loss":0.0,"gold_gain":0.0,"event_name":"WeMeetAgain","player_choice":"Paid Gold","floor":10.0,"gold_loss":79.0,"damage_taken":0.0,"relics_obtained":["Oddly Smooth Stone"]}],"is_beta":false,"boss_relics":[{"not_picked":["Runic Pyramid","Snecko Heart"],"picked":"energizedSpire:SpiderWeb"},{"not_picked":["energizedSpire:DeadBattery","energizedSpire:OgreHead"],"picked":"energizedSpire:HugeHouse"}],"items_purged_floors":[15,29,29,45],"is_endless":false,"potions_floor_spawned":[1,6,8,14,16,20,21,22,23,25,27,28,30,31,33,35,37,38,39,41,42,44,46,47,48,55],"ascension_level":20}}