{"host":"dj20jyxj5yo6mk8a","time":1614108059,"event":{"mods":["AchievementEnabler","BaseMod","BetterRewards","Card Forge","Minty Spire (QoL Compilation)","StSLib"],"gold_per_floor":[116,116,39,56,75,108,128,161,185,202,232,246,98,133,133,234,234,244,244,244,244,259,286,286,286,286,311,311,346,445,445,445,542,542,562,562,580,580,38,73,105,153,176,176,240,279,354,424,424,424,424,424,29,64,64],"floor_reached":56,"language":"ENG","playtime":2681,"items_purged":[],"score":1866,"play_id":"5fae76bd-fa20-4235-885a-82f487fd26ff","local_time":"20210223162059","is_ascension_mode":true,"campfire_choices":[{"floor":15,"key":"REST"},{"floor":24,"key":"RECALL"},{"data":"1","floor":28,"key":"LIFT"},{"data":"2","floor":32,"key":"LIFT"},{"data":"3","floor":49,"key":"LIFT"},{"floor":52,"key":"REST"}],"circlet_count":0,"master_deck":["ForeignInfluence+1","DeusExMachina+1","Consecrate+1","Wireheading+1","Judgement+1","LikeWater+1","Nirvana+1","MentalFortress+1","Prostrate+1","Protect+1","SpiritShield+1","Wallop+1","Weave+1","Wish+1","WreathOfFlame+1","Bandage Up+1","Blind+1","Dark Shackles+1","Discovery+1","Dramatic Entrance+1","Finesse+1","Good Instincts+1","Jack Of All Trades+1","Magnetism+1","Mind Blast+1","Panache+1","RitualDagger+1","Sadistic Nature+1","Safety+1","Swift Strike+1","Trip+1","Consecrate+1","Conclude+1","DeceiveReality+1","Defend_P+1","Devotion+1","Halt+1","JustLucky+1","LikeWater+1","MentalFortress+1","Nirvana+1","Prostrate+1","ClearTheMind+1","WaveOfTheHand+1","Weave+1","Wish+1","Bandage Up+1","Blind+1","Dark Shackles+1","Discovery+1","Dramatic Entrance+1","Flash of Steel+1","Good Instincts+1","Jack Of All Trades+1","Panache+1","Sadistic Nature+1","Swift Strike+1","Trip+1","Transmutation+1","Blind+1","Prostrate+1","Nirvana+1","Consecrate+1","FlurryOfBlows+1","MentalFortress+1","Blind+1","Discovery+1","Panache+1","Weave+1","Weave+1","ForeignInfluence+1","Consecrate+1","Parasite","Consecrate+1","Dramatic Entrance+1"],"relics":["Hammer of Thor","Seething Fire","Anvil of the Gods","VioletLotus","Smiling Mask","Happy Flower","Damaru","Prayer Wheel","Toolbox","Turnip","Fusion Hammer","Juzu Bracelet","StoneCalendar","Vajra","Girya","Kunai","SlaversCollar","Pantograph","Bronze Scales","Orrery","WingedGreaves","Blood Vial","Whetstone","War Paint","Shuriken","Pen Nib","Ginger","Lantern","Boot","Torii"],"acts_visited":["Exordium","TheCity","TheBeyond","TheEnding"],"potions_floor_usage":[],"damage_taken":[{"damage":0,"enemies":"Small Slimes","floor":1,"turns":1},{"damage":0,"enemies":"2 Louse","floor":4,"turns":1},{"damage":0,"enemies":"Cultist","floor":5,"turns":1},{"damage":14,"enemies":"3 Sentries","floor":6,"turns":4},{"damage":0,"enemies":"Red Slaver","floor":7,"turns":1},{"damage":13,"enemies":"Lagavulin","floor":8,"turns":3},{"damage":0,"enemies":"Large Slime","floor":10,"turns":1},{"damage":0,"enemies":"Gremlin Nob","floor":11,"turns":1},{"damage":0,"enemies":"Blue Slaver","floor":12,"turns":1},{"damage":0,"enemies":"Lagavulin","floor":14,"turns":2},{"damage":1,"enemies":"Slime Boss","floor":16,"turns":5},{"damage":0,"enemies":"Chosen","floor":18,"turns":1},{"damage":0,"enemies":"Shell Parasite","floor":22,"turns":1},{"damage":22,"enemies":"Slavers","floor":23,"turns":4},{"damage":2,"enemies":"Book of Stabbing","floor":27,"turns":4},{"damage":0,"enemies":"Gremlin Leader","floor":29,"turns":2},{"damage":7,"enemies":"Collector","floor":33,"turns":7},{"damage":0,"enemies":"Orb Walker","floor":35,"turns":1},{"damage":8,"enemies":"3 Darklings","floor":37,"turns":3},{"damage":0,"enemies":"Giant Head","floor":40,"turns":7},{"damage":0,"enemies":"Nemesis","floor":41,"turns":3},{"damage":0,"enemies":"Giant Head","floor":42,"turns":5},{"damage":0,"enemies":"Nemesis","floor":45,"turns":5},{"damage":0,"enemies":"Writhing Mass","floor":46,"turns":2},{"damage":0,"enemies":"Giant Head","floor":47,"turns":5},{"damage":0,"enemies":"Mind Bloom Boss Battle","floor":48,"turns":4},{"damage":20,"enemies":"Awakened One","floor":50,"turns":8},{"damage":7,"enemies":"Shield and Spear","floor":54,"turns":4},{"damage":91,"enemies":"The Heart","floor":55,"turns":8}],"seed_played":"-3503806546602266358","potions_obtained":[{"floor":10,"key":"FairyPotion"},{"floor":41,"key":"BottledMiracle"},{"floor":47,"key":"DistilledChaos"}],"is_trial":false,"path_per_floor":["M","?","?","M","M","E","M","E","T","M","E","M","$","E","R","B",null,"M","?","?","?","M","E","R","?","T","E","R","E","?","?","R","B",null,"M","?","M","?","$","E","E","E","T","?","E","M","E","?","R","B",null,"R","$","E","B",null],"character_chosen":"WATCHER","items_purchased":["Toolbox","Pantograph","Bronze Scales","Orrery","Lantern","Boot","Dramatic Entrance"],"campfire_rested":2,"item_purchase_floors":[13,39,39,39,53,53,53],"current_hp_per_floor":[72,72,72,72,72,58,58,45,45,45,45,45,45,45,66,71,72,72,72,59,59,59,43,43,43,43,47,47,47,47,47,47,52,77,77,77,75,65,65,71,77,77,77,73,73,73,73,73,73,59,73,73,73,72,9],"gold":64,"neow_bonus":"BOSS_RELIC","is_daily":false,"chose_seed":false,"campfire_upgraded":0,"win_rate":0.0,"timestamp":1614108059,"path_taken":["M","?","?","M","M","E","M","E","T","M","E","?","?","E","R","BOSS","M","?","?","?","M","E","R","?","T","E","R","E","?","?","R","BOSS","M","?","M","?","?","E","E","E","T","?","E","M","E","?","R","BOSS","R","$","E","BOSS"],"items_purchased_type":["Relic","Relic","Relic","Relic","Relic","Relic","Card"],"build_version":"2020-12-22","purchased_purges":0,"victory":true,"max_hp_per_floor":[72,72,72,72,72,72,72,72,72,72,72,72,72,72,72,72,72,72,72,77,77,77,77,77,77,77,77,77,77,77,77,77,77,77,77,77,77,77,77,77,77,77,77,73,73,73,73,73,73,73,73,73,73,73,73],"card_choices":[{"not_picked":["CutThroughFate","FlurryOfBlows","BowlingBash"],"picked":"SKIP","floor":1},{"not_picked":["CrushJoints","FlurryOfBlows"],"picked":"Prostrate","floor":4},{"not_picked":["Crescendo","ReachHeaven","FlyingSleeves"],"picked":"SKIP","floor":5},{"not_picked":["JustLucky","LessonLearned"],"picked":"Nirvana","floor":6},{"not_picked":["Study","Crescendo","ReachHeaven"],"picked":"SKIP","floor":7},{"not_picked":["Crescendo","EmptyFist","Study"],"picked":"SKIP","floor":8},{"not_picked":["FlurryOfBlows","EmptyMind","SashWhip"],"picked":"SKIP","floor":10},{"not_picked":["BattleHymn","TalkToTheHand"],"picked":"Consecrate","floor":11},{"not_picked":["CrushJoints","BattleHymn","FlyingSleeves"],"picked":"SKIP","floor":12},{"not_picked":["Worship","CutThroughFate","LikeWater"],"picked":"SKIP","floor":12},{"not_picked":["SashWhip","Worship","CrushJoints"],"picked":"SKIP","floor":14},{"not_picked":["FollowUp+1","Weave","FlyingSleeves+1"],"picked":"SKIP","floor":18},{"not_picked":["SashWhip","Indignation","Study"],"picked":"SKIP","floor":18},{"not_picked":["Worship","Evaluate+1"],"picked":"FlurryOfBlows+1","floor":22},{"not_picked":["SandsOfTime+1","Study","ThirdEye"],"picked":"SKIP","floor":22},{"not_picked":["Collect","ReachHeaven+1"],"picked":"MentalFortress","floor":23},{"not_picked":["CrushJoints","FlurryOfBlows","Evaluate+1"],"picked":"SKIP","floor":27},{"not_picked":["PathToVictory","SashWhip","Prostrate+1"],"picked":"SKIP","floor":29},{"not_picked":["Prostrate+1","FlyingSleeves+1","Protect"],"picked":"SKIP","floor":35},{"not_picked":["SignatureMove","Wallop+1","SandsOfTime+1"],"picked":"SKIP","floor":35},{"not_picked":["Perseverance+1","Evaluate","Prostrate"],"picked":"SKIP","floor":37},{"not_picked":["CrushJoints+1","EmptyBody+1","FlyingSleeves+1"],"picked":"SKIP","floor":37},{"not_picked":["Dark Shackles","Bandage Up"],"picked":"Blind","floor":38},{"not_picked":["Purity","Mind Blast"],"picked":"Discovery","floor":38},{"not_picked":["Master of Strategy","Mind Blast"],"picked":"Panache","floor":38},{"not_picked":["MentalFortress+1","JustLucky+1"],"picked":"Weave","floor":39},{"not_picked":["Evaluate+1","MentalFortress"],"picked":"Weave+1","floor":39},{"not_picked":["WreathOfFlame","WaveOfTheHand"],"picked":"ForeignInfluence+1","floor":39},{"not_picked":["DevaForm","WindmillStrike","CrushJoints+1"],"picked":"SKIP","floor":40},{"not_picked":["LikeWater+1","FearNoEvil","Halt"],"picked":"SKIP","floor":41},{"not_picked":["Wish","EmptyFist","EmptyBody+1"],"picked":"SKIP","floor":42},{"not_picked":["Evaluate","Perseverance+1"],"picked":"Consecrate+1","floor":45},{"not_picked":["JustLucky+1","FlyingSleeves+1","Scrawl"],"picked":"SKIP","floor":46},{"not_picked":["DeceiveReality+1","Sanctity+1","EmptyBody+1"],"picked":"SKIP","floor":46},{"not_picked":["ClearTheMind","Evaluate","Swivel"],"picked":"SKIP","floor":47},{"not_picked":["WheelKick","MentalFortress"],"picked":"Consecrate","floor":48},{"not_picked":["EmptyFist","WindmillStrike","Prostrate"],"picked":"SKIP","floor":54}],"player_experience":99172,"relics_obtained":[{"floor":6,"key":"Happy Flower"},{"floor":8,"key":"Damaru"},{"floor":11,"key":"Prayer Wheel"},{"floor":14,"key":"Turnip"},{"floor":23,"key":"StoneCalendar"},{"floor":26,"key":"Vajra"},{"floor":27,"key":"Girya"},{"floor":29,"key":"Kunai"},{"floor":40,"key":"WingedGreaves"},{"floor":41,"key":"Blood Vial"},{"floor":42,"key":"Whetstone"},{"floor":43,"key":"War Paint"},{"floor":45,"key":"Shuriken"},{"floor":47,"key":"Pen Nib"},{"floor":48,"key":"Ginger"},{"floor":54,"key":"Torii"}],"event_choices":[{"damage_healed":0,"gold_gain":0,"cards_transformed":["Finesse"],"player_choice":"Change","damage_taken":0,"max_hp_gain":0,"max_hp_loss":0,"event_name":"Living Wall","floor":2,"gold_loss":0,"cards_obtained":["Blind"]},{"damage_healed":0,"gold_gain":0,"player_choice":"Paid Gold","damage_taken":0,"relics_obtained":["Smiling Mask"],"max_hp_gain":0,"max_hp_loss":0,"event_name":"WeMeetAgain","floor":3,"gold_loss":77},{"damage_healed":0,"gold_gain":0,"player_choice":"Opened","damage_taken":0,"relics_obtained":["Juzu Bracelet"],"max_hp_gain":0,"max_hp_loss":0,"event_name":"The Mausoleum","floor":19,"gold_loss":0,"cards_obtained":["Writhe"]},{"damage_healed":0,"gold_gain":0,"player_choice":"Shed Blood","damage_taken":18,"max_hp_gain":5,"max_hp_loss":0,"event_name":"Forgotten Altar","floor":20,"gold_loss":0},{"damage_healed":0,"gold_gain":0,"player_choice":"Simplicity","damage_taken":0,"max_hp_gain":0,"max_hp_loss":0,"event_name":"Back to Basics","floor":21,"gold_loss":0,"cards_upgraded":[]},{"damage_healed":0,"gold_gain":0,"player_choice":"Ignored","damage_taken":0,"max_hp_gain":0,"max_hp_loss":0,"event_name":"Vampires","floor":25,"gold_loss":0},{"damage_healed":0,"gold_gain":99,"player_choice":"Stole From Cult","damage_taken":0,"max_hp_gain":0,"max_hp_loss":0,"event_name":"Nest","floor":30,"gold_loss":0},{"damage_healed":0,"gold_gain":0,"player_choice":"Ignored","damage_taken":0,"max_hp_gain":0,"max_hp_loss":0,"event_name":"Beggar","floor":31,"gold_loss":0},{"damage_healed":0,"gold_gain":0,"player_choice":"Ignored","damage_taken":0,"max_hp_gain":0,"max_hp_loss":0,"event_name":"Tomb of Lord Red Mask","floor":36,"gold_loss":0},{"damage_healed":0,"gold_gain":0,"player_choice":"Memory 3","damage_taken":10,"max_hp_gain":0,"max_hp_loss":0,"event_name":"SensoryStone","floor":38,"gold_loss":0},{"damage_healed":0,"gold_gain":0,"player_choice":"Max HP","damage_taken":0,"max_hp_gain":0,"max_hp_loss":4,"event_name":"Winding Halls","floor":44,"gold_loss":0},{"damage_healed":0,"gold_gain":0,"player_choice":"Fight","damage_taken":0,"max_hp_gain":0,"max_hp_loss":0,"event_name":"MindBloom","floor":48,"gold_loss":0}],"is_beta":false,"boss_relics":[{"not_picked":["Tiny House","Cursed Key"],"picked":"Fusion Hammer"},{"not_picked":["Velvet Choker","Busted Crown"],"picked":"SlaversCollar"}],"items_purged_floors":[],"is_endless":false,"potions_floor_spawned":[4,6,7,10,14,18,22,35,41,45,47,54],"ascension_level":1}}