{"host":"n2uz6wo17e54j9m8","time":1614050406,"event":{"mods":["ATMod(∞¢Ë™Mod)","Act Like it!","Arknights","Aspiration","BaseMod","Friendly Minions","Gensokyo","GungeonMod","Kiyohime£®«Âºß£©","KomeijiMod","Lobotomy","LobotomyExtend","Marisa£®ÏF”Í°°ƒß¿Ì…≥£©","Minty Spire (QoL Compilation)","Pale of the Ancients","Reimu£®≤©¿ˆ¡È√Œ£©","Reliquary","Replay The Spire","StSLib","Yakumo Yukari mod","[IsaacMod]“‘»ˆº‚À˛","°æ“≈ŒÔø®≈∆°øREMEMod"],"gold_per_floor":[17,32,45,45,63,93,93,114,139,151,151,151,211,238,238,356,356,376,391,391,391,434,434,444,444,444,444,454,454,488,488,488,600,600,619,631,486,486,499,499,40,59,112,162,181,181,181,210,210,210,210,210,210,18,45,45],"floor_reached":57,"language":"ZHS","playtime":2148,"items_purged":[],"score":1475,"play_id":"c016e171-20c5-4b63-980d-2bad440daebf","local_time":"20210223112006","is_ascension_mode":true,"campfire_choices":[{"data":"AT_FamilyPortrait","floor":7,"key":"SMITH"},{"data":"AT_MachinaRedman","floor":12,"key":"SMITH"},{"data":"KiyohimeMod:Projection","floor":15,"key":"SMITH"},{"floor":23,"key":"REST"},{"data":"KiyohimeMod:Servant_Osakabehime","floor":25,"key":"SMITH"},{"data":"AT_EmpoweredMortalDraw","floor":29,"key":"SMITH"},{"floor":32,"key":"REST"},{"data":"KiyohimeMod:CastleOfTheSun","floor":40,"key":"SMITH"},{"data":"KiyohimeMod:HotSpringOfTheMoon","floor":46,"key":"SMITH"},{"floor":49,"key":"RECALL"},{"data":"KiyohimeMod:PrismaCosmos","floor":53,"key":"SMITH"}],"circlet_count":0,"master_deck":["KiyohimeMod:Strike","KiyohimeMod:Strike","KiyohimeMod:Strike","KiyohimeMod:Strike","KiyohimeMod:Defend","KiyohimeMod:Defend","KiyohimeMod:Defend","KiyohimeMod:Defend","KiyohimeMod:Track","KiyohimeMod:FlameKiss","KiyohimeMod:Shapeshift","BettingIsNotGood","AT_FamilyPortrait+1","AT_MachinaRedman+1","KiyohimeMod:RedBlackKey","KiyohimeMod:Berserker","KiyohimeMod:EatSoul","AT_EmpoweredMortalDraw+1","KiyohimeMod:Projection+1","KiyohimeMod:Servant_Osakabehime+1","KiyohimeMod:HotSpringOfTheMoon+1","KiyohimeMod:CastleOfTheSun+1","KiyohimeMod:PrismaCosmos+1","REME_Flogging"],"relics":["KiyohimeMod:FireDragon","HushsDoor","AT_ATBox","REME_ComplimentaryCards","Chaos","LetterFromLob","Odd Mushroom","AT_MortalBlade","AT_BladeRuinedKing","GuppysHead","aspiration:RitualStick","Mastiff:ReiMu","Pondfish Scales","Enchiridion","CrazyTorch:ReiMu","AT_SpeedBoots","AT_SunfireAegis","AT_Manta","NineVolt","Replay:Mystery Machine","DemoMod:GlassGuonStoneRelic","RedLine:ReiMu","Pantograph"],"acts_visited":["Exordium","TheCity","TheBeyond","TheEnding"],"potions_floor_usage":[16,16,30,33,48,50,56,56],"damage_taken":[{"damage":0,"enemies":"Small Slimes","floor":1,"turns":1},{"damage":0,"enemies":"ats:Genji","floor":2,"turns":3},{"damage":0,"enemies":"Jaw Worm","floor":3,"turns":2},{"damage":2,"enemies":"Looter","floor":5,"turns":2},{"damage":21,"enemies":"Lagavulin","floor":6,"turns":5},{"damage":1,"enemies":"The Mushroom Lair","floor":8,"turns":2},{"damage":3,"enemies":"Exordium Thugs","floor":10,"turns":2},{"damage":0,"enemies":"Lagavulin Event","floor":13,"turns":2},{"damage":0,"enemies":"3 Louse","floor":14,"turns":3},{"damage":14,"enemies":"Fading Forest","floor":16,"turns":11},{"damage":0,"enemies":"2 Thieves","floor":18,"turns":1},{"damage":0,"enemies":"3 Byrds","floor":19,"turns":2},{"damage":20,"enemies":"Snake Plant","floor":24,"turns":2},{"damage":13,"enemies":"Shelled Parasite and Fungi","floor":28,"turns":3},{"damage":1,"enemies":"Book of Stabbing","floor":30,"turns":2},{"damage":12,"enemies":"Collector","floor":33,"turns":4},{"damage":0,"enemies":"3 Darklings","floor":35,"turns":3},{"damage":0,"enemies":"3 Shapes","floor":36,"turns":2},{"damage":7,"enemies":"Transient","floor":39,"turns":7},{"damage":3,"enemies":"4 Shapes","floor":42,"turns":2},{"damage":0,"enemies":"Mind Bloom Boss Battle","floor":44,"turns":2},{"damage":0,"enemies":"Spire Growth","floor":45,"turns":1},{"damage":0,"enemies":"R_Hoarder","floor":48,"turns":2},{"damage":0,"enemies":"Time Eater","floor":50,"turns":7},{"damage":0,"enemies":"Shield and Spear","floor":55,"turns":3},{"damage":1,"enemies":"The Heart","floor":56,"turns":4}],"seed_played":"-1962079271746033291","potions_obtained":[{"floor":5,"key":"EssenceOfSteel"},{"floor":6,"key":"Energy Potion"},{"floor":8,"key":"FearPotion"},{"floor":11,"key":"Energy Potion"},{"floor":18,"key":"Fire Potion"},{"floor":22,"key":"Elixir"},{"floor":30,"key":"Weak Potion"},{"floor":33,"key":"SteroidPotion"},{"floor":45,"key":"SkillPotion"},{"floor":48,"key":"Venom Potion"}],"is_trial":false,"path_per_floor":["M","M","M","?","M","E","R","?","T","M","?","R","?","M","R","B",null,"M","M","?","?","?","R","M","R","T","?","M","R","E","?","R","B",null,"M","M","$","?","M","R","$","M","T","?","M","R","?","E","R","B",null,null,"R","$","E","B",null],"character_chosen":"Kiyohime","items_purchased":["GuppysHead","AT_SpeedBoots","AT_SunfireAegis","AT_Manta","REME_Flogging"],"campfire_rested":2,"item_purchase_floors":[17,37,41,41,54],"current_hp_per_floor":[72,72,72,77,75,56,56,55,55,52,52,52,52,52,52,38,67,67,67,67,54,28,48,33,33,33,41,28,28,27,11,31,19,67,67,67,67,67,65,65,65,62,62,62,62,62,62,67,67,67,67,67,67,67,67,67],"gold":45,"neow_bonus":"TWENTY_PERCENT_HP_BONUS","is_daily":false,"chose_seed":false,"campfire_upgraded":8,"win_rate":0.0,"timestamp":1614050406,"path_taken":["M","M","M","?","M","E","R","?","T","?","?","R","?","M","R","BOSS","M","M","?","?","?","R","?","R","T","?","M","R","E","?","R","BOSS","M","?","$","?","M","R","$","M","T","?","?","R","?","E","R","BOSS","R","$","E","BOSS"],"items_purchased_type":["Relic","Relic","Relic","Relic","Card"],"build_version":"2020-12-22","purchased_purges":0,"victory":true,"max_hp_per_floor":[72,72,72,77,77,77,77,77,77,77,77,77,77,77,77,77,67,67,67,67,67,67,67,67,67,67,67,67,67,67,67,67,67,67,67,67,67,67,67,67,67,67,67,67,67,67,67,67,67,67,67,67,67,67,67,67],"card_choices":[{"not_picked":[],"picked":"BettingIsNotGood","floor":0},{"not_picked":["KiyohimeMod:CommandCard_Arts","KiyohimeMod:WaterTurn"],"picked":"KiyohimeMod:RedBlackKey","floor":1},{"not_picked":["KiyohimeMod:EatSoul","KiyohimeMod:RedBlackKey"],"picked":"Bomb","floor":2},{"not_picked":["KiyohimeMod:Preemptive","KiyohimeMod:BlueBlackKey","KiyohimeMod:CommandCard_Arts"],"picked":"SKIP","floor":3},{"not_picked":["KiyohimeMod:BeElegant","KiyohimeMod:Preemptive","KiyohimeMod:DivineConstruct"],"picked":"SKIP","floor":5},{"not_picked":["KiyohimeMod:FacelessMoon","KiyohimeMod:CelestialInvertedMoon"],"picked":"KiyohimeMod:Berserker","floor":6},{"not_picked":["KiyohimeMod:WaterTurn","KiyohimeMod:CommandCard_Quick"],"picked":"KiyohimeMod:EatSoul","floor":10},{"not_picked":["KiyohimeMod:FormalCraft","KiyohimeMod:SteelTraining"],"picked":"KiyohimeMod:Projection","floor":14},{"not_picked":["KiyohimeMod:FragmentsOf2030","KiyohimeMod:JeweledSword"],"picked":"KiyohimeMod:Servant_Osakabehime","floor":16},{"not_picked":["KiyohimeMod:DivineConstruct","KiyohimeMod:EatSoul+1"],"picked":"KiyohimeMod:HotSpringOfTheMoon","floor":18},{"not_picked":["KiyohimeMod:BeElegant","KiyohimeMod:GreenBlackKey+1","KiyohimeMod:Tenacious"],"picked":"SKIP","floor":19},{"not_picked":["KiyohimeMod:EatSoul","KiyohimeMod:AndSoTheShipConquers","KiyohimeMod:RedBlackKey+1"],"picked":"SKIP","floor":24},{"not_picked":["KiyohimeMod:WaterTurn","KiyohimeMod:DivineConstruct","KiyohimeMod:DragonVein"],"picked":"SKIP","floor":28},{"not_picked":["KiyohimeMod:DragonVein","KiyohimeMod:Destruction","KiyohimeMod:AndSoTheShipConquers+1"],"picked":"SKIP","floor":30},{"not_picked":["KiyohimeMod:FiringTheFirstArrow","KiyohimeMod:FacelessMoon"],"picked":"KiyohimeMod:CastleOfTheSun","floor":33},{"not_picked":["KiyohimeMod:CommandCard_Quick","KiyohimeMod:WaterTurn","KiyohimeMod:EatSoul+1"],"picked":"SKIP","floor":35},{"not_picked":["KiyohimeMod:Berserker","KiyohimeMod:RedBlackKey","KiyohimeMod:DivineConstruct"],"picked":"SKIP","floor":36},{"not_picked":["KiyohimeMod:ExSpicyMapoTofu","KiyohimeMod:SteelTraining","KiyohimeMod:GreenBlackKey+1"],"picked":"SKIP","floor":39},{"not_picked":["KiyohimeMod:RedBlackKey","KiyohimeMod:BlueBlackKey+1"],"picked":"KiyohimeMod:PrismaCosmos","floor":42},{"not_picked":["KiyohimeMod:Preemptive","KiyohimeMod:CelestialInvertedMoon","KiyohimeMod:Projection"],"picked":"SKIP","floor":45},{"not_picked":["KiyohimeMod:Tenacious+1","KiyohimeMod:BeastOfBillows","KiyohimeMod:Preemptive+1"],"picked":"SKIP","floor":48},{"not_picked":["KiyohimeMod:GreenBlackKey+1","KiyohimeMod:BlueBlackKey+1","KiyohimeMod:AndSoTheShipConquers"],"picked":"SKIP","floor":55}],"player_experience":459121,"relics_obtained":[{"floor":1,"key":"LetterFromLob"},{"floor":8,"key":"Odd Mushroom"},{"floor":22,"key":"Mastiff:ReiMu"},{"floor":26,"key":"Pondfish Scales"},{"floor":31,"key":"Enchiridion"},{"floor":43,"key":"NineVolt"},{"floor":44,"key":"Replay:Mystery Machine"},{"floor":48,"key":"RedLine:ReiMu"},{"floor":55,"key":"Pantograph"}],"event_choices":[{"damage_healed":0,"gold_gain":0,"player_choice":"Donut","damage_taken":0,"max_hp_gain":5,"max_hp_loss":0,"event_name":"Big Fish","floor":4,"gold_loss":0},{"damage_healed":0,"gold_gain":0,"player_choice":"Fought Mushrooms","damage_taken":0,"max_hp_gain":0,"max_hp_loss":0,"event_name":"Mushrooms","floor":8,"gold_loss":0},{"damage_healed":0,"gold_gain":0,"player_choice":"Got Potions","damage_taken":0,"max_hp_gain":0,"max_hp_loss":0,"event_name":"Lab","floor":11,"gold_loss":0},{"damage_healed":0,"gold_gain":0,"player_choice":"Searched \u00272\u0027 times","damage_taken":0,"relics_obtained":["AT_MortalBlade"],"max_hp_gain":0,"max_hp_loss":0,"event_name":"Dead Adventurer","floor":13,"gold_loss":0},{"damage_healed":0,"gold_gain":0,"player_choice":"Obtained Book","damage_taken":16,"max_hp_gain":0,"max_hp_loss":0,"event_name":"Cursed Tome","floor":31,"gold_loss":0},{"damage_healed":0,"gold_gain":0,"player_choice":"Fight","damage_taken":0,"max_hp_gain":0,"max_hp_loss":0,"event_name":"MindBloom","floor":44,"gold_loss":0}],"is_beta":false,"boss_relics":[{"not_picked":["Replay:Bottled Flurry","ChampionBelt"],"picked":"AT_BladeRuinedKing"},{"not_picked":[]},{"not_picked":["Whetstone","Habit"],"picked":"CrazyTorch:ReiMu"},{"not_picked":[]}],"items_purged_floors":[],"is_endless":false,"potions_floor_spawned":[5,6,8,10,18,30,33,39,42,45,48],"ascension_level":1}}