{"host":"qxeepl7ydvsgmfdb","time":1614098882,"event":{"mods":["AchievementEnabler","BaseMod","Colored Powertips","Minty Spire (QoL Compilation)","Quick Restart","slay the spire mod where everything is the same but ironclad has a cowboy hat"],"gold_per_floor":[111,111,186,186,186,186,206,219,219,219,229,103,116,16,16,112,112,125,125,108,108,108,108],"floor_reached":22,"language":"ENG","playtime":1034,"items_purged":["Defend_G","Strike_G"],"score":174,"play_id":"7252978d-46ee-4107-9650-1775d710985c","local_time":"20210223114802","is_ascension_mode":false,"campfire_choices":[{"data":"Neutralize","floor":6,"key":"SMITH"},{"floor":15,"key":"REST"}],"circlet_count":0,"master_deck":["Strike_G","Strike_G","Strike_G","Defend_G","Defend_G","Defend_G","Defend_G","Survivor","Neutralize+1","Slice","Slice","Deflect","Die Die Die","Envenom","Blade Dance","Backstab+1","Die Die Die"],"relics":["Runic Pyramid"],"acts_visited":["Exordium","TheCity"],"potions_floor_usage":[18,22,22],"damage_taken":[{"damage":3,"enemies":"Jaw Worm","floor":1,"turns":4},{"damage":4,"enemies":"2 Louse","floor":7,"turns":4},{"damage":0,"enemies":"Small Slimes","floor":8,"turns":3},{"damage":13,"enemies":"Gremlin Gang","floor":11,"turns":8},{"damage":5,"enemies":"Red Slaver","floor":13,"turns":4},{"damage":23,"enemies":"The Guardian","floor":16,"turns":20},{"damage":38,"enemies":"Spheric Guardian","floor":18,"turns":8},{"damage":20,"enemies":"2 Thieves","floor":20,"turns":4},{"damage":19,"enemies":"Cultist and Chosen","floor":22,"turns":4}],"seed_played":"1148923309007878546","potions_obtained":[{"floor":1,"key":"SpeedPotion"},{"floor":11,"key":"GamblersBrew"},{"floor":20,"key":"Strength Potion"}],"is_trial":false,"path_per_floor":["M","?","?","?","?","R","M","M","T","?","M","$","M","$","R","B",null,"M","?","M","?","M"],"character_chosen":"THE_SILENT","items_purchased":["Deflect"],"campfire_rested":1,"item_purchase_floors":[12],"current_hp_per_floor":[67,67,56,61,61,61,57,57,57,57,44,44,39,39,61,38,75,37,28,8,8,0,0],"gold":108,"neow_bonus":"BOSS_RELIC","is_daily":false,"chose_seed":false,"campfire_upgraded":1,"win_rate":0.0,"timestamp":1614098882,"path_taken":["M","?","?","?","?","R","?","M","T","?","M","$","?","?","R","BOSS","M","?","M","?","?"],"items_purchased_type":["Card"],"build_version":"2020-12-22","purchased_purges":2,"victory":false,"max_hp_per_floor":[70,70,70,75,75,75,75,75,75,75,75,75,75,75,75,75,75,75,75,75,75,75,75],"card_choices":[{"not_picked":["Predator","Heel Hook","Backflip"],"picked":"SKIP","floor":1},{"not_picked":["Backflip","PiercingWail"],"picked":"Slice","floor":7},{"not_picked":["Backflip","Sucker Punch","Flechettes"],"picked":"SKIP","floor":8},{"not_picked":["Outmaneuver","Underhanded Strike"],"picked":"Slice","floor":11},{"not_picked":["Quick Slash","Acrobatics"],"picked":"Die Die Die","floor":13},{"not_picked":["Tools of the Trade","Glass Knife"],"picked":"Envenom","floor":16},{"not_picked":["PiercingWail","Underhanded Strike"],"picked":"Blade Dance","floor":18},{"not_picked":["Backflip","Tactician"],"picked":"Backstab+1","floor":20}],"player_experience":206918,"relics_obtained":[],"event_choices":[{"damage_healed":0,"gold_gain":0,"player_choice":"Fled","damage_taken":0,"max_hp_gain":0,"max_hp_loss":0,"event_name":"Scrap Ooze","floor":2,"gold_loss":0},{"damage_healed":0,"gold_gain":75,"player_choice":"Gather Gold","damage_taken":11,"max_hp_gain":0,"max_hp_loss":0,"event_name":"World of Goop","floor":3,"gold_loss":0},{"damage_healed":0,"gold_gain":0,"player_choice":"Donut","damage_taken":0,"max_hp_gain":5,"max_hp_loss":0,"event_name":"Big Fish","floor":4,"gold_loss":0},{"damage_healed":0,"gold_gain":0,"player_choice":"Ignored","damage_taken":0,"max_hp_gain":0,"max_hp_loss":0,"event_name":"WeMeetAgain","floor":5,"gold_loss":0},{"cards_removed":["Strike_G"],"damage_healed":0,"gold_gain":0,"player_choice":"Purged","damage_taken":0,"max_hp_gain":0,"max_hp_loss":0,"event_name":"Purifier","floor":10,"gold_loss":0},{"damage_healed":0,"gold_gain":0,"player_choice":"Stopped","damage_taken":9,"max_hp_gain":0,"max_hp_loss":0,"event_name":"Cursed Tome","floor":19,"gold_loss":0},{"damage_healed":0,"gold_gain":0,"player_choice":"Copied","damage_taken":0,"max_hp_gain":0,"max_hp_loss":0,"event_name":"Duplicator","floor":21,"gold_loss":0,"cards_obtained":["Die Die Die"]}],"is_beta":false,"boss_relics":[{"not_picked":["Cursed Key","Tiny House","Coffee Dripper"]}],"items_purged_floors":[12,14],"is_endless":false,"potions_floor_spawned":[1,11,20],"killed_by":"Cultist and Chosen","ascension_level":0}}