{"host":"hyzmf9jejtktdcwr","time":1614093398,"event":{"mods":["100% Spire Juice","ATMod(°¢èªMod)","Act Like it!","Arknights","Aspiration","BaseMod","Dota2Spire","Hermit","Luminous","Minty Spire (QoL Compilation)","MostiFishMod","Prisma Mod","Quick Restart","Reliquary","Shop Mod","StSLib","The Animator","The Blackbeard","The Construct","The Poker Player","[IsaacMod]ÒÔÈö¼âËþ"],"gold_per_floor":[109,33,45,59,75,110,123,123,147,147,147],"floor_reached":10,"language":"ZHS","playtime":334,"items_purged":[],"score":109,"play_id":"e0842dc4-98f0-4803-91d5-a2d855f2019b","local_time":"20210223231638","is_ascension_mode":true,"campfire_choices":[],"circlet_count":0,"master_deck":["AscendersBane","ats:Strike C","ats:Strike G","ats:Strike S","ats:Strike V","ats:Armor Crushing Shot","ats:Defend","ats:Defend","ats:Defend","ats:Defend","ats:Emotion Absorption","Bomb","AT_FamilyPortrait+1","ats:Very Hot Blade+1","ats:Neurotoxin","ats:Soul Rend+1","ats:Blood Oath","ats:Assault Order","ats:Explosion Area Strengthen","Injury"],"relics":["ats:Sanity","DaveBox","AT_ATBox","HushsDoor","SynthV:C4","SteamSale","EGODaCapo","SynthV:TestCard","BrkXgEgg","ats:Originium","SatanicBible","Golden Idol","reliquary:Buckler"],"acts_visited":["Exordium"],"potions_floor_usage":[],"damage_taken":[{"damage":0.0,"enemies":"Cultist","floor":1.0,"turns":3.0},{"damage":2.0,"enemies":"2 Louse","floor":3.0,"turns":2.0},{"damage":3.0,"enemies":"Small Slimes","floor":4.0,"turns":3.0},{"damage":7.0,"enemies":"Looter","floor":5.0,"turns":3.0},{"damage":19.0,"enemies":"Gremlin Nob","floor":6.0,"turns":4.0},{"damage":18,"enemies":"3 Louse","floor":7,"turns":2},{"damage":35,"enemies":"Lagavulin","floor":10,"turns":5}],"seed_played":"-8914356603061838287","potions_obtained":[{"floor":3.0,"key":"Energy Potion"},{"floor":4.0,"key":"ats:Burn Small Potion"}],"is_trial":false,"path_per_floor":["M","$","M","M","M","E","M","?","T","E"],"character_chosen":"DOCTOR_CLASS","items_purchased":["BrkXgEgg"],"campfire_rested":0,"item_purchase_floors":[2],"current_hp_per_floor":[65,65,63,60,56,46,28,28,28,0,0],"gold":147,"neow_bonus":"RANDOM_COMMON_RELIC","is_daily":false,"chose_seed":false,"campfire_upgraded":0,"win_rate":0.0,"timestamp":1614093398,"path_taken":["M","$","M","M","M","E","?","?","T","E"],"items_purchased_type":["Relic"],"build_version":"2020-12-22","purchased_purges":0,"victory":false,"max_hp_per_floor":[72,72,72,72,72,72,72,72,72,72,72],"card_choices":[{"not_picked":[],"picked":"Bomb","floor":0.0},{"not_picked":["ats:Hammer On","ats:Curse Doll"],"picked":"ats:Very Hot Blade","floor":1.0},{"not_picked":["ats:Chain Hook","ats:Automatic Cover","ats:Ignite","ats:Support Order"],"picked":"ats:Neurotoxin","floor":3.0},{"not_picked":["Bomb","ats:Guard Mode","ats:Curse Doll","ats:Rapid Magazine"],"picked":"ats:Soul Rend+1","floor":4.0},{"not_picked":["ats:Absolute Focus","ats:Shell Defense","ats:Closed Bolt Burst Fire","ats:Hammer On"],"picked":"ats:Blood Oath","floor":5.0},{"not_picked":["Bomb","ats:Flexible Camouflage","ats:Soul Absorption","ats:Encircling Forest"],"picked":"ats:Assault Order","floor":6.0},{"not_picked":["ats:Phantom","ats:Powerful Strike","ats:Revitalization","ats:Song Of Battle"],"picked":"ats:Explosion Area Strengthen","floor":7}],"player_experience":231489,"relics_obtained":[{"floor":1.0,"key":"SynthV:TestCard"},{"floor":6.0,"key":"ats:Originium"},{"floor":6.0,"key":"SatanicBible"},{"floor":9,"key":"reliquary:Buckler"}],"event_choices":[{"damage_healed":0,"gold_gain":0,"player_choice":"Take Wound","damage_taken":0,"relics_obtained":["Golden Idol"],"max_hp_gain":0,"max_hp_loss":0,"event_name":"Golden Idol","floor":8,"gold_loss":0,"cards_obtained":["Injury"]}],"is_beta":false,"boss_relics":[],"items_purged_floors":[],"is_endless":false,"potions_floor_spawned":[3,4],"killed_by":"Lagavulin","ascension_level":11}}