{"host":"nx6k9gttpbkpebht","time":1614097335,"event":{"mods":["BaseMod","Colored Map","Colored Powertips","DeckTracker","Downfall","Googly Eyes","Minty Spire (QoL Compilation)","StSLib"],"gold_per_floor":[112,112,132,132,155,155,155,155,155,74,93,129,129,149,149,273,273,291,291,307,19,37,37,77,77,77,77,91,16,30,30,30,153,153,178,191,191,91,91,91,125,125,125,125,125],"floor_reached":44,"language":"ENG","playtime":2568,"items_purged":["Rupture+1","downfall:Bewildered"],"score":454,"play_id":"3ad7e44f-db17-483b-a2d9-8f7bb5aa818b","local_time":"20210223172215","is_ascension_mode":false,"campfire_choices":[{"data":"Armaments","floor":6.0,"key":"SMITH"},{"data":"Flex","floor":8.0,"key":"SMITH"},{"data":"Reaper","floor":13.0,"key":"SMITH"},{"data":"Rupture","floor":15.0,"key":"SMITH"},{"data":"Battle Trance","floor":23.0,"key":"SMITH"},{"data":"Seeing Red","floor":25.0,"key":"SMITH"},{"data":"Rampage","floor":27.0,"key":"SMITH"},{"floor":32.0,"key":"REST"},{"floor":40,"key":"REST"},{"data":"Flex","floor":42,"key":"SMITH"}],"circlet_count":0,"master_deck":["Strike_R","Strike_R","Strike_R","Strike_R","Defend_R","Defend_R","Defend_R","Defend_R","Bash","Twin Strike+1","Armaments+1","Flex+1","Metallicize","Flex+1","Iron Wave","Reaper+1","Berserk+1","Iron Wave","Battle Trance+1","Rampage+1","Metallicize","Seeing Red+1","Injury","Cleave+1","Inflame+1","Shrug It Off+1","Iron Wave","Decay"],"relics":["Burning Blood","Golden Idol","White Beast Statue","Incense Burner","Cursed Key","Kunai","Anchor","Sundial","sneckomod:BabySnecko","SacredBark","Bag of Preparation","Vajra"],"acts_visited":["Exordium","TheCity","TheBeyond"],"potions_floor_usage":[36,41,44],"damage_taken":[{"damage":12.0,"enemies":"Small Slimes","floor":1.0,"turns":5.0},{"damage":6.0,"enemies":"2 Louse","floor":3.0,"turns":2.0},{"damage":1.0,"enemies":"Cultist","floor":5.0,"turns":3.0},{"damage":6.0,"enemies":"Exordium Thugs","floor":11.0,"turns":3.0},{"damage":23.0,"enemies":"Gremlin Nob","floor":12.0,"turns":4.0},{"damage":3.0,"enemies":"Exordium Wildlife","floor":14.0,"turns":4.0},{"damage":16.0,"enemies":"The Guardian","floor":16.0,"turns":13.0},{"damage":35.0,"enemies":"Shell Parasite","floor":18.0,"turns":6.0},{"damage":6.0,"enemies":"Chosen","floor":20.0,"turns":6.0},{"damage":9.0,"enemies":"Snake Plant","floor":22.0,"turns":4.0},{"damage":24.0,"enemies":"Gremlin Leader","floor":24.0,"turns":7.0},{"damage":0.0,"enemies":"Centurion and Healer","floor":28.0,"turns":7.0},{"damage":22.0,"enemies":"Shelled Parasite and Fungi","floor":30.0,"turns":6.0},{"damage":36.0,"enemies":"Champ","floor":33.0,"turns":10.0},{"damage":26,"enemies":"3 Shapes","floor":35,"turns":4},{"damage":27,"enemies":"3 Darklings","floor":36,"turns":9},{"damage":23,"enemies":"Giant Head","floor":41,"turns":10},{"damage":65,"enemies":"Nemesis","floor":44,"turns":8}],"seed_played":"6881770090546138420","potions_obtained":[{"floor":11.0,"key":"Swift Potion"},{"floor":12.0,"key":"sneckomod:MuddlingPotion"},{"floor":14.0,"key":"Dexterity Potion"},{"floor":16.0,"key":"Explosive Potion"},{"floor":18.0,"key":"hexamod:SoulburnPotion"},{"floor":20.0,"key":"Strength Potion"},{"floor":22.0,"key":"AttackPotion"},{"floor":24.0,"key":"Strength Potion"},{"floor":28.0,"key":"Block Potion"},{"floor":30.0,"key":"Explosive Potion"},{"floor":33.0,"key":"sneckomod:MuddlingPotion"},{"floor":35,"key":"ColorlessPotion"},{"floor":36,"key":"Guardian:BlockOnCardUsePotion"},{"floor":41,"key":"GamblersBrew"}],"is_trial":false,"path_per_floor":["M","?","M","?","M","R","?","R","T","$","M","E","R","M","R","B",null,"M","?","M","$","M","R","E","R","T","R","M","$","M","?","R","B",null,"M","M","?","$","?","R","E","R","T","E"],"character_chosen":"IRONCLAD","items_purchased":["Metallicize","Flex","Kunai","Rampage"],"campfire_rested":2,"item_purchase_floors":[10,10,21,21],"current_hp_per_floor":[74,74,74,74,79,79,79,79,79,79,79,62,62,72,72,75,80,58,58,63,63,62,62,55,55,55,55,73,73,57,57,80,50,80,60,47,47,47,47,71,63,63,63,0,0],"gold":125,"neow_bonus":"","is_daily":false,"chose_seed":false,"campfire_upgraded":8,"win_rate":0.0,"timestamp":1614097335,"path_taken":["M","?","M","?","M","R","?","R","T","$","M","E","R","M","R","BOSS","M","?","M","$","M","R","E","R","T","R","M","$","?","?","R","BOSS","M","M","?","$","?","R","E","R","T","E"],"items_purchased_type":["Card","Card","Relic","Card"],"build_version":"2020-12-22","purchased_purges":2,"victory":false,"max_hp_per_floor":[80,80,80,80,80,80,80,80,80,80,80,80,80,80,80,80,80,80,80,80,80,80,80,80,80,80,80,80,80,80,80,80,80,80,80,80,80,80,80,80,80,80,80,80,80],"card_choices":[{"not_picked":["Headbutt","Clash"],"picked":"Twin Strike","floor":1.0},{"not_picked":["Anger","Iron Wave"],"picked":"Armaments","floor":3.0},{"not_picked":["Shockwave","Metallicize"],"picked":"Flex","floor":5.0},{"not_picked":["Pummel","Fire Breathing"],"picked":"Iron Wave","floor":11.0},{"not_picked":["Combust","Bludgeon"],"picked":"Reaper","floor":12.0},{"not_picked":["Ghostly Armor","Body Slam"],"picked":"Rupture","floor":14.0},{"not_picked":["Fiend Fire","Brutality"],"picked":"Berserk","floor":16.0},{"not_picked":["Carnage+1","Sword Boomerang"],"picked":"Iron Wave","floor":18.0},{"not_picked":["True Grit","Disarm"],"picked":"Battle Trance","floor":20.0},{"not_picked":["Entrench","Flex+1"],"picked":"Metallicize","floor":22.0},{"not_picked":["Iron Wave","Fiend Fire"],"picked":"Seeing Red","floor":24.0},{"not_picked":["Warcry+1","Blood for Blood"],"picked":"Cleave+1","floor":28.0},{"not_picked":["Rupture","Cleave"],"picked":"Inflame+1","floor":30.0},{"not_picked":["Carnage+1","Rage+1"],"picked":"Shrug It Off+1","floor":35},{"not_picked":["Seeing Red+1","Uppercut","Perfected Strike"],"picked":"SKIP","floor":36},{"not_picked":["Pommel Strike","Dark Embrace+1","Carnage"],"picked":"SKIP","floor":41}],"player_experience":44721,"relics_obtained":[{"floor":9.0,"key":"White Beast Statue"},{"floor":12.0,"key":"Incense Burner"},{"floor":24.0,"key":"Anchor"},{"floor":26.0,"key":"Sundial"},{"floor":41,"key":"Bag of Preparation"},{"floor":43,"key":"Vajra"}],"event_choices":[{"damage_healed":0.0,"max_hp_gain":0.0,"max_hp_loss":0.0,"gold_gain":0.0,"event_name":"Living Wall","player_choice":"Grow","floor":2.0,"gold_loss":0.0,"damage_taken":0.0,"cards_upgraded":["Twin Strike"]},{"damage_healed":0.0,"max_hp_gain":0.0,"max_hp_loss":0.0,"gold_gain":0.0,"event_name":"Golden Idol","player_choice":"Take Wound","floor":4.0,"gold_loss":0.0,"damage_taken":0.0,"relics_obtained":["Golden Idol"],"cards_obtained":["Injury"]},{"cards_removed":["Injury"],"damage_healed":0.0,"max_hp_gain":0.0,"max_hp_loss":0.0,"gold_gain":0.0,"event_name":"Fountain of Cleansing","player_choice":"Removed Curses","floor":7.0,"gold_loss":0.0,"damage_taken":0.0},{"damage_healed":0.0,"max_hp_gain":0.0,"max_hp_loss":0.0,"gold_gain":0.0,"event_name":"Accursed Blacksmith","player_choice":"Forge","floor":19.0,"gold_loss":0.0,"damage_taken":0.0,"cards_upgraded":["Berserk"]},{"damage_healed":0,"gold_gain":0,"player_choice":"Ignored","damage_taken":0,"max_hp_gain":0,"max_hp_loss":0,"event_name":"Tomb of Lord Red Mask","floor":37,"gold_loss":0},{"cards_removed":["Strike_R"],"damage_healed":0,"gold_gain":0,"player_choice":"Took Card","damage_taken":0,"max_hp_gain":0,"max_hp_loss":0,"event_name":"NoteForYourself","floor":39,"gold_loss":0,"cards_obtained":["Iron Wave"]}],"is_beta":false,"boss_relics":[{"not_picked":["Runic Cube","Ectoplasm"],"picked":"Cursed Key"},{"not_picked":["bronze:MakeshiftBattery","Astrolabe"],"picked":"SacredBark"}],"items_purged_floors":[29,38],"is_endless":false,"potions_floor_spawned":[11,12,14,16,18,20,22,24,28,30,33,35,36,41],"killed_by":"Nemesis","ascension_level":0}}