{"host":"3vooxnyv2lwdr2a7","time":1614078286,"event":{"mods":["BaseMod","Marisa£®ÏF”Í°°ƒß¿Ì…≥£©","Minty Spire (QoL Compilation)","Remilia£®¿Ÿ√◊¿Ú—«£©","Shapeshifter Mod","StSLib","The Cursed","The Servant 0.9.4","Youmu£®ªÍ∆«—˝√Œ£©"],"gold_per_floor":[361,378,453,30,30,72,107,151,151,151,196,51,86,86,86,251,251,294,294,294],"floor_reached":19,"language":"ZHS","playtime":860,"items_purged":[],"score":186,"play_id":"1704e46c-3ad6-496d-b17c-62e3268161ba","local_time":"20210223190446","is_ascension_mode":true,"campfire_choices":[{"data":"SprinkleStarSeal","floor":10,"key":"SMITH"},{"data":"OortCloud","floor":15,"key":"SMITH"}],"circlet_count":0,"master_deck":["Strike_MRS","Strike_MRS","Strike_MRS","Defend_MRS","Defend_MRS","Defend_MRS","Defend_MRS","MasterSpark","UpSweep","GrandCross","SporeBomb","Robbery","OortCloud+1","AsteroidBelt","Strike_P","SprinkleStarSeal+1","MaximisePower","PowerUp","MagicChant+1","WitchOfGreed+1","6A","SuperNova+1","CurseOfTheBell","LuminesStrike"],"relics":["MiniHakkero","Shuriken","Lantern","Frozen Egg 2","Du-Vu Doll","Calling Bell","Bag of Marbles","Kunai","Bird Faced Urn"],"acts_visited":["Exordium","TheCity"],"potions_floor_usage":[19],"damage_taken":[{"damage":1,"enemies":"Jaw Worm","floor":1,"turns":3},{"damage":0,"enemies":"Cultist","floor":2,"turns":3},{"damage":9,"enemies":"Gremlin Nob","floor":6,"turns":5},{"damage":4,"enemies":"Small Slimes","floor":7,"turns":3},{"damage":3,"enemies":"Blue Slaver","floor":8,"turns":5},{"damage":7,"enemies":"Lagavulin","floor":11,"turns":10},{"damage":2,"enemies":"Large Slime","floor":13,"turns":5},{"damage":17,"enemies":"Hexaghost","floor":16,"turns":13},{"damage":9,"enemies":"Spheric Guardian","floor":18,"turns":5},{"damage":12,"enemies":"3 Byrds","floor":19,"turns":3}],"seed_played":"-1303080709215668659","potions_obtained":[{"floor":1,"key":"Explosive Potion"},{"floor":7,"key":"ColorlessPotion"},{"floor":11,"key":"BottledSpark"},{"floor":18,"key":"PowerPotion"}],"is_trial":false,"path_per_floor":["M","M","?","$","?","E","M","M","T","R","E","$","M","?","R","B",null,"M","M"],"character_chosen":"MARISA","items_purchased":["Shuriken","Robbery","OortCloud","AsteroidBelt","EntropicBrew","WitchOfGreed+1"],"campfire_rested":0,"item_purchase_floors":[4,4,4,4,12,12],"current_hp_per_floor":[67,67,56,56,56,47,43,40,40,40,33,33,31,31,31,14,68,59,53,53],"gold":294,"neow_bonus":"TWO_FIFTY_GOLD","is_daily":false,"chose_seed":false,"campfire_upgraded":2,"win_rate":0.0,"timestamp":1614078286,"path_taken":["M","M","?","$","?","E","M","?","T","R","E","$","M","?","R","BOSS","M","M"],"items_purchased_type":["Relic","Card","Card","Card","Potion","Card"],"build_version":"2020-12-22","purchased_purges":0,"victory":false,"max_hp_per_floor":[68,68,68,68,68,68,68,68,68,68,68,68,68,68,68,68,68,68,68,68],"card_choices":[{"not_picked":["WitchLeyline","ShootTheMoon"],"picked":"GrandCross","floor":1},{"not_picked":["Robbery","StarlightTyphoon"],"picked":"SporeBomb","floor":2},{"not_picked":["MagicChant","OortCloud"],"picked":"SprinkleStarSeal","floor":6},{"not_picked":["ShootingEcho","AsteroidBelt"],"picked":"MaximisePower","floor":7},{"not_picked":["IllusionStar","StarBarrage"],"picked":"PowerUp","floor":8},{"not_picked":["WitchLeyline","Singularity+1"],"picked":"MagicChant","floor":11},{"not_picked":["IllusionStar","NonDirectionalLaser"],"picked":"6A","floor":13},{"not_picked":["BigCrunch","SatelliteIllusion+1"],"picked":"SuperNova+1","floor":16},{"not_picked":["StarBarrage+1","MysteriousBeam+1"],"picked":"LuminesStrike","floor":18}],"player_experience":944740,"relics_obtained":[{"floor":6,"key":"Lantern"},{"floor":9,"key":"Frozen Egg 2"},{"floor":11,"key":"Du-Vu Doll"},{"floor":17,"key":"Bag of Marbles"},{"floor":17,"key":"Kunai"},{"floor":17,"key":"Bird Faced Urn"}],"event_choices":[{"damage_healed":0,"gold_gain":75,"player_choice":"Gather Gold","damage_taken":11,"max_hp_gain":0,"max_hp_loss":0,"event_name":"World of Goop","floor":3,"gold_loss":0},{"cards_removed":["Strike_MRS"],"damage_healed":0,"gold_gain":0,"player_choice":"Took Card","damage_taken":0,"max_hp_gain":0,"max_hp_loss":0,"event_name":"NoteForYourself","floor":5,"gold_loss":0,"cards_obtained":["Strike_P"]},{"damage_healed":0,"gold_gain":0,"player_choice":"Grow","damage_taken":0,"max_hp_gain":0,"max_hp_loss":0,"event_name":"Living Wall","floor":14,"gold_loss":0,"cards_upgraded":["MagicChant"]}],"is_beta":false,"boss_relics":[{"not_picked":["RampagingMagicTools","Pandora\u0027s Box"],"picked":"Calling Bell"}],"items_purged_floors":[],"is_endless":false,"potions_floor_spawned":[1,7,11,18],"killed_by":"3 Byrds","ascension_level":1}}