{"host":"dbkc9h3etq50r1dq","time":1614120903,"event":{"mods":["AchievementEnabler","BaseMod","Block Reminder","Colored Powertips","Curses Come First","Dark Map","Minty Spire (QoL Compilation)","Permanent Neow","Potion Indicator Mod","Rare Cards Sparkle","StSLib","SuperFastMode"],"gold_per_floor":[119,119,129,204,279,279,305,305,332,24,24,40,66,80,80,182,182,199,212,112,112,112],"floor_reached":21,"language":"ZHS","playtime":1149,"items_purged":["Defend_G","Strike_G"],"score":252,"play_id":"239a88da-0673-47b4-a0ab-7c3640993483","local_time":"20210224065503","is_ascension_mode":true,"campfire_choices":[{"floor":6.0,"key":"REST"},{"floor":8.0,"key":"REST"},{"data":"Storm of Steel","floor":11.0,"key":"SMITH"},{"floor":15.0,"key":"REST"}],"circlet_count":0,"master_deck":["Strike_G","Strike_G","Strike_G","Strike_G","Defend_G","Defend_G","Defend_G","Defend_G","Survivor","Neutralize","Storm of Steel+1","Backstab","Cloak And Dagger","Blade Dance","Finesse","Blade Dance","Cloak And Dagger","Prepared","Venomology","Dagger Spray"],"relics":["Ring of the Snake","Pear","Art of War","Tiny Chest","Lantern","Blood Vial","Snecko Eye"],"acts_visited":["Exordium","TheCity"],"potions_floor_usage":[21],"damage_taken":[{"damage":11.0,"enemies":"2 Louse","floor":1.0,"turns":3.0},{"damage":2.0,"enemies":"Jaw Worm","floor":3.0,"turns":5.0},{"damage":46.0,"enemies":"Gremlin Nob","floor":7.0,"turns":6.0},{"damage":0.0,"enemies":"Cultist","floor":12.0,"turns":2.0},{"damage":28.0,"enemies":"Lagavulin","floor":13.0,"turns":7.0},{"damage":2.0,"enemies":"Gremlin Gang","floor":14.0,"turns":4.0},{"damage":23.0,"enemies":"Slime Boss","floor":16.0,"turns":14.0},{"damage":7.0,"enemies":"Chosen","floor":18.0,"turns":3.0},{"damage":7.0,"enemies":"2 Thieves","floor":19.0,"turns":5.0},{"damage":3,"enemies":"Centurion and Healer","floor":21,"turns":2}],"seed_played":"-8320540063643470958","potions_obtained":[{"floor":1.0,"key":"Dexterity Potion"},{"floor":3.0,"key":"Block Potion"},{"floor":14.0,"key":"Weak Potion"}],"is_trial":false,"path_per_floor":["M","?","M","?","T","R","E","R","T","$","R","M","E","M","R","B",null,"M","M","$","M"],"character_chosen":"THE_SILENT","items_purchased":["Finesse","Lantern"],"campfire_rested":3,"item_purchase_floors":[10,10],"current_hp_per_floor":[52,52,50,39,49,73,27,51,51,51,51,51,23,23,47,26,67,62,57,57,56,56],"gold":112,"neow_bonus":"ONE_RANDOM_RARE_CARD","is_daily":false,"chose_seed":false,"campfire_upgraded":1,"win_rate":0.0,"timestamp":1614120903,"path_taken":["M","?","M","?","?","R","E","R","T","?","R","M","E","?","R","BOSS","M","M","$","M"],"items_purchased_type":["Card","Relic"],"build_version":"2020-12-22","purchased_purges":2,"victory":false,"max_hp_per_floor":[70,70,70,70,80,80,80,80,80,80,80,80,80,80,80,80,80,80,80,80,80,80],"card_choices":[{"not_picked":["Skewer","Deflect"],"picked":"Backstab","floor":1.0},{"not_picked":["Dagger Spray","Sucker Punch"],"picked":"Cloak And Dagger","floor":3.0},{"not_picked":["Footwork","Flechettes"],"picked":"Blade Dance","floor":7.0},{"not_picked":["Skewer","Flechettes"],"picked":"Blade Dance","floor":12.0},{"not_picked":["Calculated Gamble","Endless Agony"],"picked":"Cloak And Dagger","floor":13.0},{"not_picked":["Slice","Bane"],"picked":"Prepared","floor":14.0},{"not_picked":["A Thousand Cuts","Adrenaline"],"picked":"Venomology","floor":16.0},{"not_picked":["Concentrate","Quick Slash","Flechettes"],"picked":"SKIP","floor":18.0},{"not_picked":["PiercingWail","Slice"],"picked":"Dagger Spray","floor":19.0}],"player_experience":150266,"relics_obtained":[{"floor":5.0,"key":"Pear"},{"floor":7.0,"key":"Art of War"},{"floor":9.0,"key":"Tiny Chest"},{"floor":13.0,"key":"Blood Vial"}],"event_choices":[{"damage_healed":0.0,"max_hp_gain":0.0,"max_hp_loss":0.0,"gold_gain":0.0,"event_name":"Shining Light","player_choice":"Ignored","floor":2.0,"gold_loss":0.0,"damage_taken":0.0},{"damage_healed":0.0,"max_hp_gain":0.0,"max_hp_loss":0.0,"gold_gain":75.0,"event_name":"World of Goop","player_choice":"Gather Gold","floor":4.0,"gold_loss":0.0,"damage_taken":11.0}],"is_beta":false,"boss_relics":[{"not_picked":["Fusion Hammer","Coffee Dripper"],"picked":"Snecko Eye"}],"items_purged_floors":[10,20],"is_endless":false,"potions_floor_spawned":[1,3,14],"killed_by":"Centurion and Healer","ascension_level":7}}