{"host":"ronyeowk3fr4dw6n","time":1614077203,"event":{"mods":["AchievementEnabler","BaseMod","Bestiary","Better Note","DeckTracker","Minty Spire (QoL Compilation)","Permanent Neow","Quick Restart","Relic Stats","StSLib","SuperFastMode"],"gold_per_floor":[118,135,153,165,102,102,128,148,148,183,203,215,249,262,262,262,262],"floor_reached":16,"language":"ENG","playtime":834,"items_purged":[],"score":183,"play_id":"3e828b27-d0e1-44b9-b5f1-167abd220d7f","local_time":"20210223174643","is_ascension_mode":true,"campfire_choices":[{"data":"Sweeping Beam","floor":6,"key":"SMITH"},{"data":"Defragment","floor":15,"key":"SMITH"}],"circlet_count":0,"master_deck":["Strike_B","Strike_B","Defend_B","Defend_B","Defend_B","Zap","Dualcast","Rainbow+1","Fusion+1","Fusion+1","Sweeping Beam+1","Defragment+1","Cold Snap","Cold Snap","Fission","Consume","Compile Driver","Go for the Eyes","Coolheaded"],"relics":["Astrolabe","Happy Flower","Potion Belt","Art of War","Cables","Peace Pipe"],"acts_visited":["Exordium"],"potions_floor_usage":[11,13,13],"damage_taken":[{"damage":7.0,"enemies":"Jaw Worm","floor":1.0,"turns":4.0},{"damage":1.0,"enemies":"Cultist","floor":2.0,"turns":3.0},{"damage":2.0,"enemies":"2 Louse","floor":3.0,"turns":3.0},{"damage":10,"enemies":"Exordium Thugs","floor":4,"turns":3},{"damage":1,"enemies":"Lagavulin","floor":7,"turns":6},{"damage":3,"enemies":"Exordium Wildlife","floor":8,"turns":3},{"damage":13,"enemies":"3 Sentries","floor":10,"turns":4},{"damage":2,"enemies":"Red Slaver","floor":11,"turns":3},{"damage":0,"enemies":"2 Fungi Beasts","floor":12,"turns":4},{"damage":2,"enemies":"Gremlin Nob","floor":13,"turns":5},{"damage":8,"enemies":"3 Louse","floor":14,"turns":2},{"damage":0,"enemies":"The Guardian","floor":16,"turns":2}],"seed_played":"-1932043583069893004","potions_obtained":[{"floor":2.0,"key":"AttackPotion"},{"floor":3.0,"key":"Dexterity Potion"},{"floor":7,"key":"Block Potion"},{"floor":10,"key":"EssenceOfSteel"},{"floor":12,"key":"Weak Potion"},{"floor":14,"key":"PotionOfCapacity"}],"is_trial":false,"path_per_floor":["M","M","M","M","?","R","E","M","T","E","M","M","E","M","R","B"],"character_chosen":"DEFECT","items_purchased":[],"campfire_rested":0,"item_purchase_floors":[],"current_hp_per_floor":[61,60,58,48,48,48,47,44,44,31,29,29,27,19,19,19,19],"gold":262,"neow_bonus":"BOSS_RELIC","is_daily":false,"chose_seed":false,"campfire_upgraded":2,"win_rate":0.0,"timestamp":1614077203,"path_taken":["M","M","M","M","?","R","E","M","T","E","M","M","E","M","R","BOSS"],"items_purchased_type":[],"build_version":"2020-12-22","purchased_purges":0,"victory":false,"max_hp_per_floor":[75,75,75,75,75,75,75,75,75,75,75,75,75,75,75,75,75],"relic_stats":{"Peace Pipe":0,"Happy Flower":[9],"counters":[12,42],"Astrolabe":["Rainbow","Fusion","Fusion"],"Art of War":[3],"obtain_stats":[{"Potion Belt":7,"Peace Pipe":13,"Happy Flower":5,"Astrolabe":0,"Art of War":9,"Cracked Core":0,"Cables":10},{"Potion Belt":5,"Peace Pipe":10,"Happy Flower":4,"Astrolabe":0,"Art of War":6,"Cracked Core":0,"Cables":7},{"Potion Belt":19,"Peace Pipe":38,"Happy Flower":13,"Astrolabe":0,"Art of War":22,"Cracked Core":0,"Cables":26}],"Cables":[7,2,2,2,1]},"card_choices":[{"not_picked":["Gash","Coolheaded"],"picked":"Sweeping Beam","floor":1.0},{"not_picked":["Tempest","Self Repair"],"picked":"Defragment","floor":2.0},{"not_picked":["Force Field","Redo"],"picked":"Cold Snap","floor":3.0},{"not_picked":["Leap","Hologram"],"picked":"Cold Snap","floor":4},{"not_picked":["Cold Snap","Hologram"],"picked":"Fission","floor":7},{"not_picked":["Storm","Gash","Fusion"],"picked":"SKIP","floor":8},{"not_picked":["Rip and Tear","Storm"],"picked":"Consume","floor":10},{"not_picked":["Barrage","Heatsinks"],"picked":"Compile Driver","floor":11},{"not_picked":["Chill","Heatsinks"],"picked":"Go for the Eyes","floor":12},{"not_picked":["Steam","Redo","Doom and Gloom"],"picked":"SKIP","floor":13},{"not_picked":["Force Field","Sweeping Beam"],"picked":"Coolheaded","floor":14}],"player_experience":248735,"relics_obtained":[{"floor":7,"key":"Potion Belt"},{"floor":9,"key":"Art of War"},{"floor":10,"key":"Cables"},{"floor":13,"key":"Peace Pipe"}],"event_choices":[{"damage_healed":0,"gold_gain":0,"player_choice":"Paid Gold","damage_taken":0,"relics_obtained":["Happy Flower"],"max_hp_gain":0,"max_hp_loss":0,"event_name":"WeMeetAgain","floor":5,"gold_loss":63}],"is_beta":false,"boss_relics":[],"items_purged_floors":[],"is_endless":false,"potions_floor_spawned":[2,3,7,10,12,14],"killed_by":"The Guardian","ascension_level":9}}