{"host":"6n0bwkgbkn8ajkoa","time":1614081207,"event":{"mods":["AchievementEnabler","Aspiration","BaseMod","Colored Map","Conspire","Downfall","Highlight Path","Hubris","Infinite Spire","Minty Spire (QoL Compilation)","Quick Restart","Replay The Spire","Spikes Relics","StSLib"],"gold_per_floor":[99,110,110,47,64,76,126,126,159,159,170,170,170,195,214,314,314,314,314,333,368,368,387,387,404,404,418,328,328,342,357,372,469,469,469,480,149,160,177,177,200,53,69,69,81,81,81,81,100,100],"floor_reached":51,"language":"ENG","playtime":2569,"items_purged":["bronze:Strike","bronze:Strike","bronze:Defend"],"score":736,"play_id":"5be930c5-8e46-4f4b-a3c1-5141bc1a6141","local_time":"20210223125327","is_ascension_mode":false,"campfire_choices":[{"data":"bronze:Goto","floor":1,"key":"SMITH"},{"data":"bronze:Replicate","floor":8,"key":"SMITH"},{"data":"bronze:Branch","floor":10,"key":"SMITH"},{"data":"bronze:FineTuning","floor":12,"key":"SMITH"},{"data":"bronze:RecursiveStrike","floor":18,"key":"SMITH"},{"floor":29,"key":"REST"},{"data":"bronze:Assembly","floor":35,"key":"SMITH"},{"data":"hubris:EnhanceAbility","floor":44,"key":"SMITH"}],"circlet_count":0,"master_deck":["bronze:Defend","bronze:Defend","bronze:Defend","bronze:Replicate+1","bronze:Goto+1","bronze:CloningBeam","bronze:FineTuning+1","bronze:FineTuning","bronze:Branch+1","bronze:WhirlingStrike","bronze:RecursiveStrike+1","bronze:Overload+1","bronze:Branch+1","bronze:Assembly+1","hubris:EnhanceAbility+1","Panache","Master of Strategy","bronze:FineTuning+1"],"relics":["bronze:PlatinumCore","infinitespire:Beetle Shell","RollingBoulder","LugNut","Philosopher\u0027s Stone","hubris:GlazedTorus","infinitespire:FocusingShard","hubris:Towel","hubris:Zylophone","ReplayTheSpireMod:ShopPack","infinitespire:Satchel","Vajra","Bottled Tornado"],"acts_visited":["Exordium","TheCity","TheBeyond"],"potions_floor_usage":[16,16,33,33,50,50,50],"damage_taken":[{"damage":1,"enemies":"Jaw Worm","floor":2,"turns":4},{"damage":0,"enemies":"downfall:FleeingMerchant","floor":4,"turns":4},{"damage":3,"enemies":"2 Louse","floor":5,"turns":4},{"damage":0,"enemies":"Cultist","floor":6,"turns":4},{"damage":32,"enemies":"3 Sentries","floor":9,"turns":10},{"damage":1,"enemies":"2 Fungi Beasts","floor":11,"turns":3},{"damage":6,"enemies":"Gremlin Nob","floor":14,"turns":3},{"damage":5,"enemies":"downfall:LooterAlt","floor":15,"turns":2},{"damage":3,"enemies":"SI_SHIV_ARCHETYPE","floor":16,"turns":7},{"damage":1,"enemies":"Spheric Guardian","floor":20,"turns":3},{"damage":10,"enemies":"3 Byrds","floor":23,"turns":4},{"damage":0,"enemies":"Shelled Parasite and Fungi","floor":25,"turns":3},{"damage":3,"enemies":"Centurion and Healer","floor":27,"turns":4},{"damage":10,"enemies":"downfall:FleeingMerchant","floor":28,"turns":4},{"damage":0,"enemies":"Cultist and Chosen","floor":30,"turns":3},{"damage":6,"enemies":"Chosen and Byrds","floor":31,"turns":4},{"damage":0,"enemies":"Centurion and Healer","floor":32,"turns":3},{"damage":0,"enemies":"WA_ARCHETYPE_CALM","floor":33,"turns":2},{"damage":0,"enemies":"Orb Walker","floor":36,"turns":1},{"damage":0,"enemies":"downfall:FleeingMerchant","floor":37,"turns":4},{"damage":17,"enemies":"3 Darklings","floor":38,"turns":2},{"damage":17,"enemies":"Spire Growth","floor":39,"turns":3},{"damage":3,"enemies":"Sphere and 2 Shapes","floor":43,"turns":3},{"damage":16,"enemies":"4 Shapes","floor":45,"turns":3},{"damage":3,"enemies":"Maw","floor":49,"turns":5},{"damage":3,"enemies":"IC_BLOCK_ARCHETYPE","floor":50,"turns":5}],"seed_played":"-1789617119856177205","potions_obtained":[{"floor":5,"key":"Explosive Potion"},{"floor":6,"key":"Explosive Potion"},{"floor":14,"key":"DuplicationPotion"},{"floor":16,"key":"EssenceOfSteel"},{"floor":20,"key":"FearPotion"}],"is_trial":false,"path_per_floor":["R","M","?","$","M","M","T","R","E","R","M","R","?","E","M","B",null,"R","?","M","?","?","M","T","M","?","M","$","R","M","M","M","B",null,"R","M","$","M","M","?","T","$","M","R","M","T","?","AVR","M","B",null],"character_chosen":"THE_AUTOMATON","items_purchased":["bronze:FineTuning","hubris:Zylophone","ReplayTheSpireMod:ShopPack","EssenceOfSteel","LiquidMemories","Vajra"],"campfire_rested":1,"item_purchase_floors":[4,37,37,37,37,42],"current_hp_per_floor":[77,76,81,81,78,78,78,78,46,46,45,45,45,39,34,31,82,82,82,81,49,49,39,39,39,39,36,26,50,50,44,44,44,82,82,82,82,65,48,48,48,48,45,45,29,29,29,29,26,23],"gold":100,"neow_bonus":"TEN_PERCENT_HP_BONUS","is_daily":false,"chose_seed":false,"campfire_upgraded":7,"win_rate":0.0,"timestamp":1614081207,"path_taken":["R","M","?","$","M","M","T","R","E","R","M","R","?","E","M","BOSS","R","?","?","?","?","M","T","M","?","M","?","R","M","M","M","BOSS","R","M","?","M","M","?","T","$","M","R","?","?","?","AVR","M","BOSS"],"items_purchased_type":["Card","Relic","Relic","Potion","Potion","Relic"],"build_version":"2020-12-22","purchased_purges":3,"victory":true,"max_hp_per_floor":[77,77,82,82,82,82,82,82,82,82,82,82,82,82,82,82,82,82,82,82,82,82,82,82,82,82,82,82,82,82,82,82,82,82,82,82,82,82,82,82,82,82,82,82,82,82,82,82,82,82],"card_choices":[{"not_picked":["bronze:DelayedSlice","bronze:Deprecate"],"picked":"bronze:CloningBeam","floor":2},{"not_picked":["bronze:NullPointer","bronze:BugBarrage","bronze:Overheat"],"picked":"SKIP","floor":4},{"not_picked":["bronze:DelayedGuard","bronze:Deprecate"],"picked":"bronze:FineTuning","floor":5},{"not_picked":["bronze:DelayedSlice","bronze:NullPointer","bronze:Frontload"],"picked":"SKIP","floor":6},{"not_picked":["bronze:DelayedSlice","bronze:BurnOut"],"picked":"bronze:Branch","floor":9},{"not_picked":["bronze:WildBeam","bronze:DarkDash","bronze:Overload"],"picked":"SKIP","floor":11},{"not_picked":["bronze:WildBeam","bronze:DarkDash","bronze:Overload"],"picked":"SKIP","floor":11},{"not_picked":["bronze:BuggyMess","bronze:CloningBeam"],"picked":"bronze:WhirlingStrike","floor":14},{"not_picked":["bronze:Iterate","bronze:Philosophize","bronze:GetLatest"],"picked":"SKIP","floor":15},{"not_picked":["bronze:Virus","bronze:ThunderWave"],"picked":"bronze:RecursiveStrike","floor":16},{"not_picked":["bronze:DelayedSlice","bronze:MaxOutput"],"picked":"bronze:Overload","floor":20},{"not_picked":["bronze:Invalidate+1","bronze:Frontload"],"picked":"bronze:Branch+1","floor":23},{"not_picked":["bronze:Fortify","bronze:DarkDash","bronze:WhirlingStrike"],"picked":"SKIP","floor":25},{"not_picked":["bronze:Shield+1","bronze:Allocate+1","bronze:BugBarrage+1"],"picked":"SKIP","floor":27},{"not_picked":["bronze:Virus","bronze:CutThrough","bronze:Optimize"],"picked":"SKIP","floor":28},{"not_picked":["bronze:MaxOutput","bronze:WhirlingStrike","bronze:DelayedGuard"],"picked":"SKIP","floor":30},{"not_picked":["bronze:GetLatest+1","bronze:Philosophize+1","bronze:ItsAFeature"],"picked":"SKIP","floor":31},{"not_picked":["bronze:DarkDash","bronze:DigitalCarnage","bronze:WhirlingStrike+1"],"picked":"SKIP","floor":32},{"not_picked":["bronze:Virus","bronze:SpaghettiCode"],"picked":"bronze:Assembly","floor":33},{"not_picked":["bronze:WhirlingStrike","bronze:Shell+1","bronze:Overheat+1"],"picked":"SKIP","floor":36},{"not_picked":["bronze:BitShift+1","bronze:DelayedGuard+1","bronze:Repair+1"],"picked":"SKIP","floor":37},{"not_picked":["Feint","Thinking Ahead"],"picked":"hubris:EnhanceAbility","floor":37},{"not_picked":["Specialist","Degenerate"],"picked":"Panache","floor":37},{"not_picked":["Reforge","ReplayTheSpireMod:Uncanny Aura"],"picked":"Master of Strategy","floor":37},{"not_picked":["bronze:ThunderWave","bronze:OilSpill","bronze:Frontload+1"],"picked":"SKIP","floor":38},{"not_picked":["bronze:ChosenStrike","bronze:Overheat","bronze:BugBarrage"],"picked":"SKIP","floor":39},{"not_picked":["bronze:BuggyMess","bronze:DarkDash"],"picked":"bronze:FineTuning+1","floor":43},{"not_picked":["bronze:WildBeam+1","bronze:BugBarrage+1","bronze:Return+1"],"picked":"SKIP","floor":45},{"not_picked":["bronze:Deprecate+1","bronze:OilSpill","bronze:HyperBeam"],"picked":"SKIP","floor":49}],"player_experience":113487,"relics_obtained":[{"floor":7,"key":"infinitespire:Beetle Shell"},{"floor":9,"key":"RollingBoulder"},{"floor":14,"key":"LugNut"},{"floor":21,"key":"hubris:GlazedTorus"},{"floor":24,"key":"infinitespire:FocusingShard"},{"floor":41,"key":"infinitespire:Satchel"},{"floor":46,"key":"Bottled Tornado"}],"event_choices":[{"damage_healed":0,"gold_gain":0,"player_choice":"Donut","damage_taken":0,"max_hp_gain":5,"max_hp_loss":0,"event_name":"Big Fish","floor":3,"gold_loss":0},{"damage_healed":0,"gold_gain":0,"player_choice":"Leave","damage_taken":0,"max_hp_gain":0,"max_hp_loss":0,"event_name":"conspire:Investor","floor":13,"gold_loss":0},{"damage_healed":0,"gold_gain":0,"player_choice":"Ignored","damage_taken":0,"max_hp_gain":0,"max_hp_loss":0,"event_name":"Ghosts","floor":22,"gold_loss":0}],"is_beta":false,"boss_relics":[{"not_picked":["Replay:Wanted Poster","Runic Dome"],"picked":"Philosopher\u0027s Stone"},{"not_picked":["conspire:SeveredTorchhead","conspire:SpecialSausage"],"picked":"bronze:PlatinumCore"}],"items_purged_floors":[28,37,48],"is_endless":false,"potions_floor_spawned":[5,6,14,16,20,31,32,39,43,45],"ascension_level":0}}