{"host":"df48i9djcn92c5sx","time":1614061760,"event":{"mods":["Act Like it!","Arknights","BaseMod","Decade(王小明)","Downfall","Gensokyo","Marisa（F雨　魔理沙）","Minty Spire (QoL Compilation)","READ ME - Guardian Mod","READ ME - Snecko Mod","Reimu（博丽灵梦）","Remilia（蕾米莉亚）","Shop Mod","StSLib","The Jungle","The Servant 0.9.4"],"gold_per_floor":[116,135,60,60,80,110,110,140,186,186,196,196,211,228,228,305,305,324,324,344,358,358,358],"floor_reached":22,"language":"ZHS","playtime":545,"items_purged":[],"score":428,"play_id":"b4850d7c-35e1-4177-8d3e-226e95df94b5","local_time":"20210223142920","is_ascension_mode":true,"campfire_choices":[{"data":"Chaos","floor":7.0,"key":"SMITH"},{"data":"Defragment","floor":10,"key":"SMITH"},{"data":"Storm","floor":12,"key":"SMITH"},{"data":"Glacier","floor":15,"key":"SMITH"}],"circlet_count":0,"master_deck":["AscendersBane","Strike_B","Strike_B+1","Strike_B+1","Defend_B","Defend_B","Defend_B","Defend_B","Zap","Dualcast","Static Discharge","Defragment+1","Storm+1","Chaos+1","Defragment","Fusion","Glacier+1","Creative AI","Chill"],"relics":["Cracked Core","NeowsBlessing","Happy Flower","Whetstone","Cursed Key"],"acts_visited":["Exordium","TheCity"],"potions_floor_usage":[13,16,21,22,22],"damage_taken":[{"damage":0.0,"enemies":"Small Slimes","floor":1.0,"turns":1.0},{"damage":0.0,"enemies":"Cultist","floor":2.0,"turns":1.0},{"damage":0.0,"enemies":"2 Louse","floor":5.0,"turns":1.0},{"damage":40.0,"enemies":"3 Sentries","floor":6.0,"turns":8.0},{"damage":9,"enemies":"Red Slaver","floor":11,"turns":2},{"damage":13,"enemies":"Lots of Slimes","floor":13,"turns":3},{"damage":14,"enemies":"3 Louse","floor":14,"turns":2},{"damage":0,"enemies":"Slime Boss","floor":16,"turns":10},{"damage":32,"enemies":"3 Byrds","floor":18,"turns":3},{"damage":4,"enemies":"Shell Parasite","floor":20,"turns":4},{"damage":9,"enemies":"Centurion and Healer","floor":21,"turns":6},{"damage":3,"enemies":"3 Cultists","floor":22,"turns":2}],"seed_played":"-6538752121140623082","potions_obtained":[{"floor":1.0,"key":"Fire Potion"},{"floor":4.0,"key":"Regen Potion"},{"floor":4.0,"key":"DistilledChaos"},{"floor":6.0,"key":"DuplicationPotion"},{"floor":13,"key":"Block Potion"},{"floor":16,"key":"SteroidPotion"},{"floor":20,"key":"SkillPotion"},{"floor":21,"key":"SteroidPotion"}],"is_trial":false,"path_per_floor":["M","M","?","?","M","E","R","?","T","R","M","R","M","M","R","B",null,"M","?","M","M","M"],"character_chosen":"DEFECT","items_purchased":[],"campfire_rested":0,"item_purchase_floors":[],"current_hp_per_floor":[64,64,64,64,64,39,39,39,39,39,30,30,17,3,3,3,54,22,16,12,3,0,0],"gold":358,"neow_bonus":"THREE_ENEMY_KILL","is_daily":false,"chose_seed":false,"campfire_upgraded":4,"win_rate":0.0,"timestamp":1614061760,"path_taken":["M","M","?","?","?","E","R","?","T","R","M","R","M","M","R","BOSS","M","?","?","M","?"],"items_purchased_type":[],"build_version":"2020-12-22","purchased_purges":0,"victory":false,"max_hp_per_floor":[71,71,71,71,71,71,71,71,71,71,71,71,71,71,71,71,71,71,71,71,71,71,71],"card_choices":[{"not_picked":["Reprogram","Gash"],"picked":"Static Discharge","floor":1.0},{"not_picked":["Gash","Compile Driver"],"picked":"Defragment","floor":2.0},{"not_picked":["Sunder","Skim"],"picked":"Storm","floor":5.0},{"not_picked":["Ball Lightning","BootSequence"],"picked":"Chaos","floor":6.0},{"not_picked":["Undo","Compile Driver"],"picked":"Defragment","floor":11},{"not_picked":["Rebound","Skim"],"picked":"Fusion","floor":13},{"not_picked":["Rebound","Stack"],"picked":"Glacier","floor":14},{"not_picked":["Buffer","Fission"],"picked":"Creative AI","floor":16},{"not_picked":["Rip and Tear","Undo+1","Stack"],"picked":"SKIP","floor":18},{"not_picked":["Rebound","Recycle"],"picked":"Chill","floor":20},{"not_picked":["Steam","Streamline","Redo"],"picked":"SKIP","floor":21}],"player_experience":1616189,"relics_obtained":[{"floor":6.0,"key":"Happy Flower"},{"floor":9,"key":"Whetstone"}],"event_choices":[{"cards_removed":["Strike_B"],"damage_healed":0.0,"max_hp_gain":0.0,"max_hp_loss":0.0,"gold_gain":0.0,"event_name":"The Cleric","player_choice":"Card Removal","floor":3.0,"gold_loss":75.0,"damage_taken":0.0},{"damage_healed":0.0,"max_hp_gain":0.0,"max_hp_loss":0.0,"gold_gain":0.0,"event_name":"Lab","player_choice":"Got Potions","floor":4.0,"gold_loss":0.0,"damage_taken":0.0},{"damage_healed":0,"gold_gain":30,"player_choice":"Searched \u00271\u0027 times","damage_taken":0,"max_hp_gain":0,"max_hp_loss":0,"event_name":"Dead Adventurer","floor":8,"gold_loss":0},{"damage_healed":0,"gold_gain":0,"player_choice":"","damage_taken":6,"max_hp_gain":0,"max_hp_loss":0,"event_name":"Knowing Skull","floor":19,"potions_obtained":[],"gold_loss":0,"cards_obtained":[]}],"is_beta":false,"boss_relics":[{"not_picked":["Calling Bell","Runic Pyramid"],"picked":"Cursed Key"}],"items_purged_floors":[],"is_endless":false,"potions_floor_spawned":[1,6,13,16,20,21],"killed_by":"3 Cultists","ascension_level":16}}