{"host":"a5lz0e76zb3fcwkm","time":1614088980,"event":{"mods":["AchievementEnabler","BaseMod","Colored Map","Colored Powertips","Minty Spire (QoL Compilation)","StSLib","SuperFastMode"],"gold_per_floor":[114,189,114,130,130,130,165,165,189,189,224,244,269,285,285,285,285],"floor_reached":16,"language":"KOR","playtime":267,"items_purged":[],"score":270,"play_id":"7a1767f9-b629-4734-bd04-d8b034dec685","local_time":"20210223230300","is_ascension_mode":true,"campfire_choices":[{"data":"Accuracy","floor":6,"key":"SMITH"},{"data":"Infinite Blades","floor":8,"key":"SMITH"},{"data":"Neutralize","floor":10,"key":"SMITH"},{"data":"Well Laid Plans","floor":15,"key":"SMITH"}],"circlet_count":0,"master_deck":["AscendersBane","Strike_G","Strike_G","Strike_G","Strike_G","Defend_G","Defend_G","Defend_G","Defend_G","Defend_G","Survivor","Neutralize+1","Accuracy+1","Choke","Infinite Blades+1","Escape Plan","Reflex","Well Laid Plans+1","Grand Finale"],"relics":["Ring of the Snake","NeowsBlessing","Golden Idol","Question Card","Strawberry","Centennial Puzzle"],"acts_visited":["Exordium"],"potions_floor_usage":[11,16],"damage_taken":[{"damage":0,"enemies":"2 Louse","floor":1,"turns":1},{"damage":0,"enemies":"Jaw Worm","floor":4,"turns":1},{"damage":0,"enemies":"3 Sentries","floor":7,"turns":1},{"damage":22,"enemies":"Gremlin Nob","floor":11,"turns":4},{"damage":2,"enemies":"Small Slimes","floor":12,"turns":4},{"damage":8,"enemies":"Exordium Wildlife","floor":13,"turns":4},{"damage":4,"enemies":"3 Louse","floor":14,"turns":4},{"damage":21,"enemies":"Hexaghost","floor":16,"turns":9}],"seed_played":"6351252341670936908","potions_obtained":[{"floor":1,"key":"DistilledChaos"},{"floor":4,"key":"SpeedPotion"},{"floor":11,"key":"SkillPotion"}],"is_trial":false,"path_per_floor":["M","?","?","M","?","R","E","R","T","R","E","M","M","M","R","B"],"character_chosen":"THE_SILENT","items_purchased":[],"campfire_rested":0,"item_purchase_floors":[],"current_hp_per_floor":[59,48,48,48,48,48,48,48,55,55,33,31,23,19,19,0,0],"gold":285,"neow_bonus":"THREE_ENEMY_KILL","is_daily":false,"chose_seed":false,"campfire_upgraded":4,"win_rate":0.0,"timestamp":1614088980,"path_taken":["M","?","?","M","?","R","E","R","T","R","E","M","M","?","R","BOSS"],"items_purchased_type":[],"build_version":"2020-12-22","purchased_purges":0,"victory":false,"max_hp_per_floor":[66,66,66,66,60,60,60,60,67,67,67,67,67,67,67,67,67],"card_choices":[{"not_picked":["Outmaneuver","Predator"],"picked":"Accuracy","floor":1},{"not_picked":["Heel Hook","Deadly Poison"],"picked":"Choke","floor":4},{"not_picked":["Footwork","Reflex"],"picked":"Infinite Blades","floor":7},{"not_picked":["Poisoned Stab","Deflect","Dodge and Roll"],"picked":"Escape Plan","floor":11},{"not_picked":["Quick Slash","All Out Attack","Deadly Poison"],"picked":"Reflex","floor":12},{"not_picked":["Dash","Prepared","Dagger Throw"],"picked":"Well Laid Plans","floor":13},{"not_picked":["All Out Attack","Dodge and Roll","Dagger Spray"],"picked":"Grand Finale","floor":14}],"player_experience":1915632,"relics_obtained":[{"floor":7,"key":"Question Card"},{"floor":9,"key":"Strawberry"},{"floor":11,"key":"Centennial Puzzle"}],"event_choices":[{"damage_healed":0,"gold_gain":75,"player_choice":"Gather Gold","damage_taken":11,"max_hp_gain":0,"max_hp_loss":0,"event_name":"World of Goop","floor":2,"gold_loss":0},{"cards_removed":["Strike_G"],"damage_healed":0,"gold_gain":0,"player_choice":"Card Removal","damage_taken":0,"max_hp_gain":0,"max_hp_loss":0,"event_name":"The Cleric","floor":3,"gold_loss":75},{"damage_healed":0,"gold_gain":0,"player_choice":"Lose Max HP","damage_taken":0,"relics_obtained":["Golden Idol"],"max_hp_gain":0,"max_hp_loss":6,"event_name":"Golden Idol","floor":5,"gold_loss":0}],"is_beta":false,"boss_relics":[],"items_purged_floors":[],"is_endless":false,"potions_floor_spawned":[1,4,7,11],"killed_by":"Hexaghost","ascension_level":20}}