{"host":"f5gffvlv6a66yqkd","time":1614122061,"event":{"mods":["2.2 Compatiblity","BaseMod","Colored Map","Custom Start","DeckTracker","Keyboard Shortcuts","Minty Spire (QoL Compilation)","Permanent Neow","Quick Restart","Relic Stats","StSLib","SuperFastMode"],"gold_per_floor":[109,109,129,140,140,140,65,65,65,65,82,82,101,101,101],"floor_reached":14,"language":"KOR","playtime":189,"items_purged":[],"score":160,"play_id":"d9dbabbb-8a0d-48cc-a5b5-098f56341b7e","local_time":"20210224081421","is_ascension_mode":true,"campfire_choices":[{"floor":6,"key":"REST"},{"data":"Neutralize","floor":8,"key":"SMITH"},{"data":"Deadly Poison","floor":10,"key":"SMITH"},{"data":"Noxious Fumes","floor":12,"key":"SMITH"}],"circlet_count":0,"master_deck":["AscendersBane","Strike_G","Strike_G","Strike_G","Strike_G","Defend_G","Defend_G","Defend_G+1","Defend_G+1","Defend_G","Survivor","Neutralize+1","Deadly Poison+1","Dagger Throw","Noxious Fumes+1","Caltrops"],"relics":["Ring of the Snake","Turnip","Question Card"],"acts_visited":["Exordium"],"potions_floor_usage":[13],"damage_taken":[{"damage":2,"enemies":"Small Slimes","floor":1,"turns":5},{"damage":4,"enemies":"Jaw Worm","floor":3,"turns":5},{"damage":0,"enemies":"Cultist","floor":4,"turns":3},{"damage":11,"enemies":"Exordium Wildlife","floor":11,"turns":6},{"damage":3,"enemies":"Exordium Thugs","floor":13,"turns":4},{"damage":27,"enemies":"Gremlin Nob","floor":14,"turns":3}],"seed_played":"1591998346653880427","potions_obtained":[{"floor":3,"key":"EssenceOfSteel"}],"is_trial":false,"path_per_floor":["M","?","M","M","?","R","?","R","T","R","M","R","M","E"],"character_chosen":"THE_SILENT","items_purchased":[],"campfire_rested":1,"item_purchase_floors":[],"current_hp_per_floor":[42,42,38,38,18,37,37,37,37,37,26,26,23,0,0],"gold":101,"neow_bonus":"ONE_RARE_RELIC","is_daily":false,"chose_seed":false,"campfire_upgraded":3,"win_rate":0.0,"timestamp":1614122061,"path_taken":["M","?","M","M","?","R","?","R","T","R","M","R","M","E"],"items_purchased_type":[],"build_version":"2020-12-22","purchased_purges":0,"victory":false,"max_hp_per_floor":[66,66,66,66,66,66,66,66,66,66,66,66,66,66,66],"relic_stats":{"counters":[6,26],"Turnip":[3],"Question Card":2,"obtain_stats":[{"Turnip":0,"Question Card":9,"Ring of the Snake":0},{"Turnip":0,"Question Card":3,"Ring of the Snake":0},{"Turnip":0,"Question Card":13,"Ring of the Snake":0}],"Ring of the Snake":[12]},"card_choices":[{"not_picked":["Prepared","Cloak And Dagger"],"picked":"Deadly Poison","floor":1},{"not_picked":["Bane","Backflip"],"picked":"Dagger Throw","floor":3},{"not_picked":["Dodge and Roll","Underhanded Strike"],"picked":"Noxious Fumes","floor":4},{"not_picked":["Quick Slash","Slice","Dash"],"picked":"Caltrops","floor":11},{"not_picked":["Storm of Steel","Calculated Gamble","Deflect","Poisoned Stab"],"picked":"SKIP","floor":13}],"player_experience":1558357,"relics_obtained":[{"floor":9,"key":"Question Card"}],"event_choices":[{"damage_healed":0,"gold_gain":0,"player_choice":"Ignored","damage_taken":0,"max_hp_gain":0,"max_hp_loss":0,"event_name":"Liars Game","floor":2,"gold_loss":0},{"damage_healed":0,"gold_gain":0,"player_choice":"Entered Light","damage_taken":20,"max_hp_gain":0,"max_hp_loss":0,"event_name":"Shining Light","floor":5,"gold_loss":0,"cards_upgraded":["Defend_G","Defend_G"]},{"cards_removed":["Strike_G"],"damage_healed":0,"gold_gain":0,"player_choice":"Card Removal","damage_taken":0,"max_hp_gain":0,"max_hp_loss":0,"event_name":"The Cleric","floor":7,"gold_loss":75}],"is_beta":false,"boss_relics":[],"items_purged_floors":[],"is_endless":false,"potions_floor_spawned":[3],"killed_by":"Gremlin Nob","ascension_level":20}}