{"host":"fm9e0lfunjlbhzxv","time":1614062648,"event":{"mods":["Alarm Clock","BaseMod","Bestiary","Better Match","Better Skull","Better Third Choice","Colored Map","Colored Powertips","Downfall","Good Game Mod","Key Reminder","Minty Spire (QoL Compilation)","Permanent Neow","Random Character Button","Rare Cards Sparkle","Relic Stats","Spire Arcade","StSLib","slay the spire mod where everything is the same but ironclad has a cowboy hat"],"gold_per_floor":[99,117,117,117,132,158,183,83,112,112,112,124,24,51,71,168,168,168,178,178,193,84,95,95,95,124,136,236,236,253,271,283,380,380,380,380,404,433,463,494,506,518,518,518],"floor_reached":42,"language":"ENG","playtime":3272,"items_purged":[],"score":440,"play_id":"dd2ddbbc-5874-487e-9601-0d9e823a6860","local_time":"20210222224408","is_ascension_mode":false,"campfire_choices":[{"floor":1,"key":"RECALL"},{"floor":8,"key":"REST"},{"data":"champ:Taunt","floor":13,"key":"SMITH"},{"data":"champ:GladiatorForm","floor":18,"key":"SMITH"},{"data":"expansioncontent:Chronoboost","floor":25,"key":"SMITH"},{"data":"champ:ShieldSlam","floor":35,"key":"SMITH"}],"circlet_count":0,"master_deck":["champ:Execute","champ:Taunt+1","Juggernaut","champ:BerserkerStyle","champ:EnGarde","champ:Backstep","champ:LastStand","champ:ShieldWall","champ:CrookedStrike","champ:PerfectedStrike","champ:ArenaPreparation","champ:GladiatorForm+1","champ:Backstep","champ:GutPunch","champ:IronFortress","expansioncontent:Chronoboost+1","champ:Endure","champ:BringItOn","champ:DeathBlow+1","champ:BringItOn","champ:EnchantSword","champ:ShieldSlam+1","champ:EnchantCrown","champ:MurderStrike","champ:EnGarde","champ:BringItOn","champ:TornadoPunch","champ:BladeFlurry","champ:TripleStrike","champ:EnchantSword","champ:PreciseThrust","champ:CalledShot","champ:DefensiveStyle+1","champ:CalledShot+1"],"relics":["REME:ComplimentaryCards","Runic Dome","keyreminder:keyreminder","Art of War","downfall:HeartBlessingRed","Guardian:PocketSentry","champ:LiftRelic","downfall:HeartBlessingBlue","Pantograph","Sozu","Nunchaku","champ:BlackKnightHelmet","Bottled Lightning","Nloth\u0027s Gift","Pandora\u0027s Box","Slimebound:StickyStick","MawBank","Mummified Hand"],"acts_visited":["Exordium","TheCity","TheBeyond"],"potions_floor_usage":[6],"damage_taken":[{"damage":14,"enemies":"Small Slimes","floor":2,"turns":3},{"damage":16,"enemies":"Jaw Worm","floor":5,"turns":4},{"damage":72,"enemies":"3 Sentries","floor":6,"turns":9},{"damage":26,"enemies":"Gremlin Nob","floor":9,"turns":5},{"damage":0,"enemies":"Cultist","floor":11,"turns":1},{"damage":2,"enemies":"Blue Slaver","floor":12,"turns":3},{"damage":12,"enemies":"3 Sentries","floor":14,"turns":6},{"damage":10,"enemies":"Large Slime","floor":15,"turns":3},{"damage":49,"enemies":"IC_STATUS_ARCHETYPE","floor":16,"turns":5},{"damage":25,"enemies":"Chosen","floor":19,"turns":4},{"damage":27,"enemies":"Spheric Guardian","floor":21,"turns":4},{"damage":31,"enemies":"downfall:FleeingMerchant","floor":22,"turns":4},{"damage":45,"enemies":"Shelled Parasite and Fungi","floor":23,"turns":4},{"damage":78,"enemies":"Book of Stabbing","floor":26,"turns":6},{"damage":48,"enemies":"3 Cultists","floor":27,"turns":6},{"damage":52,"enemies":"3 Cultists","floor":28,"turns":7},{"damage":15,"enemies":"Centurion and Healer","floor":30,"turns":6},{"damage":10,"enemies":"Snake Plant","floor":31,"turns":4},{"damage":0,"enemies":"Cultist and Chosen","floor":32,"turns":5},{"damage":51,"enemies":"WA_ARCHETYPE_CALM","floor":33,"turns":8},{"damage":46,"enemies":"3 Shapes","floor":37,"turns":5},{"damage":24,"enemies":"3 Darklings","floor":38,"turns":6},{"damage":40,"enemies":"Writhing Mass","floor":39,"turns":4},{"damage":10,"enemies":"Spire Growth","floor":40,"turns":5},{"damage":31,"enemies":"Maw","floor":42,"turns":4}],"seed_played":"3464334828992415144","potions_obtained":[{"floor":5,"key":"Slimebound:ThreeZeroPotion"},{"floor":9,"key":"champ:CounterPotion"},{"floor":12,"key":"Guardian:BlockOnCardUsePotion"}],"is_trial":false,"path_per_floor":["R","M","?","?","M","E","T","R","E","?","M","M","R","E","M","B",null,"R","M","?","M","$","M","T","R","E","M","?","?","M","M","M","B",null,"R","?","M","M","M","M","T","M"],"character_chosen":"THE_CHAMP","items_purchased":["expansioncontent:Chronoboost"],"campfire_rested":1,"item_purchase_floors":[22],"current_hp_per_floor":[90,86,86,86,80,53,53,80,71,71,71,69,79,77,77,91,100,100,100,100,83,83,73,73,73,40,35,6,6,6,6,6,18,100,100,57,56,46,36,31,31,0,0,0],"gold":518,"neow_bonus":"BOSS_RELIC","is_daily":false,"chose_seed":false,"campfire_upgraded":4,"win_rate":0.0,"timestamp":1614062648,"path_taken":["R","M","?","?","M","E","T","R","E","?","M","M","R","E","M","BOSS","R","M","?","M","$","?","T","R","E","M","?","?","M","?","M","BOSS","R","?","M","M","M","M","T","?"],"items_purchased_type":["Card"],"build_version":"2020-12-22","purchased_purges":0,"victory":false,"max_hp_per_floor":[90,90,90,90,90,90,90,90,90,90,90,90,100,100,100,100,100,100,100,100,100,100,100,100,100,100,100,100,100,100,100,100,100,100,100,100,100,100,100,100,100,100,100,100],"relic_stats":{"Sozu":8,"Nunchaku":[7],"counters":[25,120],"Mummified Hand":[6],"Pantograph":48,"Pandora\u0027s Box":["champ:MurderStrike","champ:EnGarde","champ:BringItOn","champ:TornadoPunch","champ:BladeFlurry","champ:TripleStrike","champ:EnchantSword","champ:PreciseThrust"],"Art of War":[24],"Nloth\u0027s Gift":2,"MawBank":72,"obtain_stats":[{"champ:BlackKnightHelmet":28,"downfall:HeartBlessingRed":8,"champ:ChampionCrown":0,"Guardian:PocketSentry":9,"MawBank":36,"keyreminder:keyreminder":1,"Sozu":17,"Runic Dome":0,"REME:ComplimentaryCards":0,"Nunchaku":26,"downfall:BrokenWingStatue":4,"downfall:HeartBlessingBlue":13,"Slimebound:StickyStick":36,"Mummified Hand":41,"champ:LiftRelic":10,"Pantograph":14,"Tiny Chest":24,"Pandora\u0027s Box":34,"Art of War":6,"Nloth\u0027s Gift":29,"Bottled Lightning":28},{"champ:BlackKnightHelmet":16,"downfall:HeartBlessingRed":3,"champ:ChampionCrown":0,"Guardian:PocketSentry":4,"MawBank":20,"keyreminder:keyreminder":0,"Sozu":9,"Runic Dome":0,"REME:ComplimentaryCards":0,"Nunchaku":14,"downfall:BrokenWingStatue":1,"downfall:HeartBlessingBlue":6,"Slimebound:StickyStick":20,"Mummified Hand":24,"champ:LiftRelic":4,"Pantograph":7,"Tiny Chest":13,"Pandora\u0027s Box":20,"Art of War":3,"Nloth\u0027s Gift":16,"Bottled Lightning":16},{"champ:BlackKnightHelmet":74,"downfall:HeartBlessingRed":16,"champ:ChampionCrown":0,"Guardian:PocketSentry":21,"MawBank":96,"keyreminder:keyreminder":0,"Sozu":39,"Runic Dome":0,"REME:ComplimentaryCards":0,"Nunchaku":61,"downfall:BrokenWingStatue":3,"downfall:HeartBlessingBlue":25,"Slimebound:StickyStick":96,"Mummified Hand":116,"champ:LiftRelic":21,"Pantograph":31,"Tiny Chest":55,"Pandora\u0027s Box":96,"Art of War":16,"Nloth\u0027s Gift":74,"Bottled Lightning":74}]},"card_choices":[{"not_picked":["champ:PerfectedStrike","champ:Lariat"],"picked":"champ:BerserkerStyle","floor":2},{"not_picked":["champ:Parry","champ:Encircle"],"picked":"champ:EnGarde","floor":5},{"not_picked":["champ:CrownThrow","champ:TornadoPunch"],"picked":"champ:Backstep","floor":6},{"not_picked":["champ:ArenaPreparation","champ:Lariat"],"picked":"champ:LastStand","floor":9},{"not_picked":["champ:BerserkersShout","champ:SetATrap"],"picked":"champ:ShieldWall","floor":11},{"not_picked":["champ:Backstep","champ:PerfectedStrike"],"picked":"champ:CrookedStrike","floor":12},{"not_picked":["champ:GladiatorStyle","champ:EnGarde"],"picked":"champ:PerfectedStrike","floor":14},{"not_picked":["champ:RecklessLeap","champ:EnGarde"],"picked":"champ:ArenaPreparation","floor":15},{"not_picked":["champ:EnchantShield","champ:Devastate"],"picked":"champ:GladiatorForm","floor":16},{"not_picked":["champ:CrownThrow+1","champ:Circumvent"],"picked":"champ:Backstep","floor":19},{"not_picked":["champ:BerserkersShout","champ:ShieldWall"],"picked":"champ:GutPunch","floor":21},{"not_picked":["champ:CrownThrow","champ:PreemptiveStrike"],"picked":"champ:IronFortress","floor":22},{"not_picked":["champ:TornadoPunch+1","champ:Haymaker"],"picked":"champ:Endure","floor":23},{"not_picked":["champ:FanOfKnives+1","champ:MurderStrike"],"picked":"champ:BringItOn","floor":26},{"not_picked":["champ:Shatter","champ:BerserkersShout"],"picked":"champ:DeathBlow+1","floor":27},{"not_picked":["champ:DeathBlow","champ:DefensiveShout"],"picked":"champ:BringItOn","floor":30},{"not_picked":["champ:Backstep+1","champ:AdrenalArmor"],"picked":"champ:EnchantSword","floor":31},{"not_picked":["champ:ShieldSigil","champ:DefensiveShout+1"],"picked":"champ:ShieldSlam","floor":32},{"not_picked":["champ:IgnorePain","champ:MurderStrike"],"picked":"champ:EnchantCrown","floor":33},{"not_picked":["champ:Lariat+1","champ:HeartStrike"],"picked":"champ:CalledShot","floor":37},{"not_picked":["champ:EnchantSword","champ:CrookedStrike+1"],"picked":"champ:DefensiveStyle+1","floor":38},{"not_picked":["champ:FocusedDefense","champ:ShieldSigil+1","champ:Backstep"],"picked":"SKIP","floor":39},{"not_picked":["champ:AdrenalArmor","champ:BladeFlurry+1"],"picked":"champ:CalledShot+1","floor":40}],"player_experience":577576,"relics_obtained":[{"floor":6,"key":"Art of War"},{"floor":9,"key":"Guardian:PocketSentry"},{"floor":14,"key":"Pantograph"},{"floor":24,"key":"Tiny Chest"},{"floor":26,"key":"Nunchaku"},{"floor":28,"key":"champ:BlackKnightHelmet"},{"floor":28,"key":"Bottled Lightning"},{"floor":41,"key":"Mummified Hand"}],"event_choices":[{"damage_healed":0,"gold_gain":0,"player_choice":"Got Potions","damage_taken":0,"max_hp_gain":0,"max_hp_loss":0,"event_name":"Lab","floor":20,"gold_loss":0},{"damage_healed":0,"gold_gain":0,"player_choice":"RE RE ","damage_taken":47,"relics_obtained":["Slimebound:StickyStick","MawBank"],"max_hp_gain":0,"max_hp_loss":0,"event_name":"betterSkull:BetterSkull","floor":36,"gold_loss":0,"cards_upgraded":[]}],"is_beta":false,"boss_relics":[{"not_picked":["SlaversCollar","Busted Crown"],"picked":"Sozu"},{"not_picked":["Astrolabe","Tiny House"],"picked":"Pandora\u0027s Box"}],"items_purged_floors":[],"is_endless":false,"potions_floor_spawned":[5,9,12,19,23,27,32,38],"killed_by":"Maw","ascension_level":0}}