{"host":"djrarsjwv6revew5","time":1614086740,"event":{"mods":["2.2 Compatiblity","AchievementEnabler","BaseMod","Colored Map","Colored Powertips","DeckTracker","Highlight Path","Minty Spire (QoL Compilation)","Quick Restart","Random Character Button","Rare Cards Sparkle","Relic Stats","StSLib","SuperFastMode"],"gold_per_floor":[113,124,142,142,142,168,187,200,255,268,233,233,251,13,13,114,164,179,179,179,94,106,106,106,139,207,227,227,227,227,227,227,328,328,347,347,347,347,59,59,74,74,74,74,424,424,424,424],"floor_reached":47,"language":"POL","playtime":2744,"items_purged":[],"score":493,"play_id":"142d6d72-6437-4442-9a00-a2a47ecd207c","local_time":"20210223142540","is_ascension_mode":false,"campfire_choices":[{"floor":12,"key":"REST"},{"data":"Bane","floor":15,"key":"SMITH"},{"floor":23,"key":"REST"},{"floor":30,"key":"REST"},{"floor":32,"key":"REST"},{"data":"Poisoned Stab","floor":40,"key":"SMITH"},{"floor":42,"key":"REST"},{"data":"Die Die Die","floor":44,"key":"SMITH"}],"circlet_count":0,"master_deck":["Strike_G","Strike_G","Strike_G","Strike_G","Defend_G","Defend_G","Defend_G","Defend_G","Defend_G","Survivor","Neutralize","Prepared","Deadly Poison+1","Backflip","Bane+1","Poisoned Stab+1","Dodge and Roll+1","Slice","Deflect","Envenom","Finisher","Crippling Poison","All Out Attack","Tactician+1","PiercingWail","Deadly Poison+1","Die Die Die+1","Outmaneuver+1","All Out Attack+1","Caltrops+1"],"relics":["Ring of the Snake","NeowsBlessing","Ornamental Fan","Boot","Paper Crane","Tiny House","MutagenicStrength","Shuriken","Omamori","Pantograph","Enchiridion","Cursed Key","Ginger","MealTicket","Old Coin"],"acts_visited":["Exordium","TheCity","TheBeyond"],"potions_floor_usage":[16,16,24,29,33,41,45],"damage_taken":[{"damage":0,"enemies":"Jaw Worm","floor":1,"turns":1},{"damage":0,"enemies":"Cultist","floor":2,"turns":1},{"damage":0,"enemies":"Small Slimes","floor":3,"turns":1},{"damage":24,"enemies":"Lagavulin","floor":6,"turns":8},{"damage":4,"enemies":"Exordium Wildlife","floor":7,"turns":5},{"damage":6,"enemies":"Looter","floor":8,"turns":3},{"damage":2,"enemies":"3 Louse","floor":10,"turns":5},{"damage":1,"enemies":"2 Fungi Beasts","floor":13,"turns":3},{"damage":41,"enemies":"Slime Boss","floor":16,"turns":10},{"damage":16,"enemies":"Chosen","floor":18,"turns":6},{"damage":10,"enemies":"Shell Parasite","floor":22,"turns":4},{"damage":0,"enemies":"Shelled Parasite and Fungi","floor":24,"turns":1},{"damage":49,"enemies":"Slavers","floor":25,"turns":7},{"damage":16,"enemies":"Snecko","floor":27,"turns":6},{"damage":0,"enemies":"Centurion and Healer","floor":29,"turns":1},{"damage":65,"enemies":"Champ","floor":33,"turns":13},{"damage":1,"enemies":"Orb Walker","floor":35,"turns":3},{"damage":22,"enemies":"3 Darklings","floor":41,"turns":4},{"damage":15,"enemies":"Mind Bloom Boss Battle","floor":45,"turns":6},{"damage":68,"enemies":"Writhing Mass","floor":47,"turns":3}],"seed_played":"4847275924865454369","potions_obtained":[{"floor":2,"key":"SmokeBomb"},{"floor":7,"key":"Strength Potion"},{"floor":10,"key":"Strength Potion"},{"floor":17,"key":"LiquidMemories"},{"floor":25,"key":"SmokeBomb"},{"floor":35,"key":"Fire Potion"},{"floor":41,"key":"Strength Potion"}],"is_trial":false,"path_per_floor":["M","M","M","?","?","E","M","M","T","M","?","R","M","$","R","B",null,"M","?","?","?","M","R","M","E","T","M","?","M","R","?","R","B",null,"M","?","?","?","$","R","M","R","T","R","?","?","M"],"character_chosen":"THE_SILENT","items_purchased":["Paper Crane","Ginger"],"campfire_rested":5,"item_purchase_floors":[14,39],"current_hp_per_floor":[70,70,70,75,75,51,47,41,41,39,57,75,74,74,74,33,80,64,64,64,64,54,78,78,29,29,13,13,13,37,21,45,5,80,79,79,80,80,80,80,58,80,80,80,65,65,0,0],"gold":424,"neow_bonus":"THREE_ENEMY_KILL","is_daily":false,"chose_seed":false,"campfire_upgraded":3,"win_rate":0.0,"timestamp":1614086740,"path_taken":["M","M","M","?","?","E","?","M","T","M","?","R","M","?","R","BOSS","M","?","?","?","M","R","M","E","T","M","?","?","R","?","R","BOSS","M","?","?","?","?","R","M","R","T","R","?","?","M"],"items_purchased_type":["Relic","Relic"],"build_version":"2020-12-22","purchased_purges":0,"victory":false,"max_hp_per_floor":[70,70,70,75,75,75,75,75,75,75,75,75,75,75,75,75,80,80,80,80,80,80,80,80,80,80,80,80,80,80,80,80,80,80,80,80,80,80,80,80,80,80,80,80,80,80,80,80],"relic_stats":{"counters":[20,91],"Ornamental Fan":[92],"Shuriken":[14],"Pantograph":25,"MealTicket":0,"Ginger":[0],"Boot":[43],"Cursed Key":1,"obtain_stats":[{"Tiny House":17,"NeowsBlessing":0,"Enchiridion":31,"Omamori":25,"Ginger":39,"Paper Crane":14,"Boot":9,"Cursed Key":34,"Old Coin":45,"Ornamental Fan":6,"Shuriken":21,"MutagenicStrength":19,"Pantograph":26,"MealTicket":43,"Ring of the Snake":0},{"Tiny House":9,"NeowsBlessing":0,"Enchiridion":15,"Omamori":13,"Ginger":17,"Paper Crane":8,"Boot":6,"Cursed Key":16,"Old Coin":19,"Ornamental Fan":4,"Shuriken":10,"MutagenicStrength":10,"Pantograph":13,"MealTicket":18,"Ring of the Snake":0},{"Tiny House":37,"NeowsBlessing":0,"Enchiridion":62,"Omamori":55,"Ginger":78,"Paper Crane":27,"Boot":19,"Cursed Key":75,"Old Coin":88,"Ornamental Fan":11,"Shuriken":43,"MutagenicStrength":43,"Pantograph":55,"MealTicket":82,"Ring of the Snake":0}],"Ring of the Snake":[40]},"card_choices":[{"not_picked":["Sucker Punch","Eviscerate"],"picked":"Prepared","floor":1},{"not_picked":["Calculated Gamble","Accuracy"],"picked":"Deadly Poison","floor":2},{"not_picked":["Dagger Spray","Outmaneuver"],"picked":"Backflip","floor":3},{"not_picked":["Noxious Fumes","Dagger Throw"],"picked":"Bane","floor":6},{"not_picked":["Backstab","Escape Plan"],"picked":"Poisoned Stab","floor":7},{"not_picked":["Sucker Punch","Slice"],"picked":"Dodge and Roll","floor":8},{"not_picked":["Cloak And Dagger","Reflex"],"picked":"Slice","floor":10},{"not_picked":["Phantasmal Killer","Dagger Throw"],"picked":"Deflect","floor":13},{"not_picked":["Venomology","Adrenaline"],"picked":"Envenom","floor":16},{"not_picked":["Slice","PiercingWail"],"picked":"Finisher","floor":17},{"not_picked":["Dagger Spray","Poisoned Stab+1"],"picked":"Crippling Poison","floor":18},{"not_picked":["Cloak And Dagger","Escape Plan"],"picked":"All Out Attack","floor":22},{"not_picked":["A Thousand Cuts","Sucker Punch"],"picked":"Tactician+1","floor":25},{"not_picked":["Expertise","Footwork"],"picked":"PiercingWail","floor":27},{"not_picked":["Night Terror","Tools of the Trade"],"picked":"Die Die Die","floor":33},{"not_picked":["Underhanded Strike","Prepared"],"picked":"Outmaneuver+1","floor":35},{"not_picked":["Well Laid Plans+1","Footwork"],"picked":"All Out Attack+1","floor":41},{"not_picked":["Quick Slash","Dagger Throw"],"picked":"Caltrops+1","floor":45}],"player_experience":87976,"relics_obtained":[{"floor":6,"key":"Ornamental Fan"},{"floor":9,"key":"Boot"},{"floor":25,"key":"Omamori"},{"floor":26,"key":"Pantograph"},{"floor":31,"key":"Enchiridion"},{"floor":43,"key":"MealTicket"},{"floor":45,"key":"Old Coin"}],"event_choices":[{"damage_healed":0,"gold_gain":0,"player_choice":"Donut","damage_taken":0,"max_hp_gain":5,"max_hp_loss":0,"event_name":"Big Fish","floor":4,"gold_loss":0},{"damage_healed":0,"gold_gain":0,"player_choice":"Forge","damage_taken":0,"max_hp_gain":0,"max_hp_loss":0,"event_name":"Accursed Blacksmith","floor":5,"gold_loss":0,"cards_upgraded":["Deadly Poison"]},{"damage_healed":18,"gold_gain":0,"player_choice":"Healed","damage_taken":0,"max_hp_gain":0,"max_hp_loss":0,"event_name":"The Cleric","floor":11,"gold_loss":35},{"damage_healed":0,"gold_gain":0,"player_choice":"Inject Mutagens","damage_taken":0,"relics_obtained":["MutagenicStrength"],"max_hp_gain":0,"max_hp_loss":0,"event_name":"Drug Dealer","floor":19,"gold_loss":0},{"damage_healed":0,"gold_gain":0,"player_choice":"Ignored","damage_taken":0,"max_hp_gain":0,"max_hp_loss":0,"event_name":"Beggar","floor":20,"gold_loss":0},{"damage_healed":0,"gold_gain":0,"player_choice":"Obtained Relic","damage_taken":0,"relics_obtained":["Shuriken"],"max_hp_gain":0,"max_hp_loss":0,"event_name":"Addict","floor":21,"gold_loss":85},{"damage_healed":0,"gold_gain":0,"player_choice":"Copied","damage_taken":0,"max_hp_gain":0,"max_hp_loss":0,"event_name":"Duplicator","floor":28,"gold_loss":0,"cards_obtained":["Deadly Poison"]},{"damage_healed":0,"gold_gain":0,"player_choice":"Obtained Book","damage_taken":16,"max_hp_gain":0,"max_hp_loss":0,"event_name":"Cursed Tome","floor":31,"gold_loss":0},{"cards_removed":["Strike_G"],"damage_healed":0,"gold_gain":0,"player_choice":"Removed Attack","damage_taken":0,"max_hp_gain":0,"max_hp_loss":0,"event_name":"Falling","floor":36,"gold_loss":0},{"damage_healed":20,"gold_gain":0,"player_choice":"Writhe","damage_taken":0,"max_hp_gain":0,"max_hp_loss":0,"event_name":"Winding Halls","floor":37,"gold_loss":0,"cards_obtained":["Writhe"]},{"damage_healed":0,"gold_gain":0,"player_choice":"Ignored","damage_taken":0,"max_hp_gain":0,"max_hp_loss":0,"event_name":"Tomb of Lord Red Mask","floor":38,"gold_loss":0},{"damage_healed":0,"gold_gain":0,"player_choice":"Fight","damage_taken":0,"max_hp_gain":0,"max_hp_loss":0,"event_name":"MindBloom","floor":45,"gold_loss":0},{"damage_healed":0,"gold_gain":0,"player_choice":"Ignored","damage_taken":0,"max_hp_gain":0,"max_hp_loss":0,"event_name":"NoteForYourself","floor":46,"gold_loss":0}],"is_beta":false,"boss_relics":[{"not_picked":["Fusion Hammer","Astrolabe"],"picked":"Tiny House"},{"not_picked":["Empty Cage","Busted Crown"],"picked":"Cursed Key"}],"items_purged_floors":[],"is_endless":false,"potions_floor_spawned":[2,7,10,25,29,35,41],"killed_by":"Writhing Mass","ascension_level":0}}