{"host":"sfkslwp4t49i7lrt","time":1614094822,"event":{"mods":["Act Like it!","BaseMod","Bestiary","Block Reminder","Downfall","Friendly Minions","Gensokyo","Highlight Path","Lobotomy","Minty Spire (QoL Compilation)","Relic Stats","Ruina","Spire Arcade","StSLib","Wide Potions","everything is the same but u backflip on backflip","slay the spire mod where everything is the same but ironclad has a cowboy hat"],"gold_per_floor":[117,117,134,10,10,39,39,74,74,174,174,254,266,283,283,378,378,395,275,9,28,28,28,28,41,41,41,67,86,86,113,113,217,217,227,6,6,26,40,40,73,92,92,92,104,116,157,181,193,205],"floor_reached":51,"language":"ENG","playtime":3496,"items_purged":["Strike_G"],"score":851,"play_id":"1beee336-9e25-456b-a5dc-31a17888f482","local_time":"20210223224022","is_ascension_mode":false,"campfire_choices":[{"data":"Noxious Fumes","floor":7,"key":"SMITH"},{"data":"Footwork","floor":11,"key":"SMITH"},{"data":"Blur","floor":15,"key":"SMITH"},{"data":"Accuracy","floor":23,"key":"SMITH"},{"floor":32,"key":"DIG"},{"floor":44,"key":"DIG"},{"floor":49,"key":"DIG"}],"circlet_count":0,"master_deck":["Strike_G+1","Strike_G","Defend_G","Defend_G","Defend_G","Defend_G","Defend_G","Survivor","Neutralize+1","Blade Dance","UniverseFragment","Backflip","Noxious Fumes+1","Blade Dance","Deadly Poison","Bouncing Flask","LaLuna","Blur+1","Adrenaline","Accuracy+1","Crippling Poison","Footwork","Noxious Fumes+1","QueenOfHatred","Noxious Fumes+1","After Image","Accuracy","Deflect","Backflip+1","Cloak And Dagger+1","Accuracy+1"],"relics":["Ring of the Snake","CogitoBucket","Pear","Guardian:PocketSentry","Shovel","Bottled Lightning","Pear","Coffee Dripper","Gensokyo:DemonMask","DollysMirror","Gensokyo:DirgeOfMelancholy","InkBottle","Strawberry","Whetstone","HellTrain","Blue Candle","Omamori","Calling Bell","Bag of Marbles","Meat on the Bone","Pocketwatch","Happy Flower","AtMidnight","Du-Vu Doll","MawBank","Gensokyo:DualWield","Ornamental Fan","Guardian:GemstoneGun","Lizard Tail"],"acts_visited":["Gensokyo:Gensokyo","Gensokyo:Gensokyoer","Gensokyo:Gensokyoest"],"potions_floor_usage":[14,50,50],"damage_taken":[{"damage":1,"enemies":"Gensokyo:Gryphon","floor":1,"turns":5},{"damage":0,"enemies":"Gensokyo:3_Fairies","floor":3,"turns":3},{"damage":3,"enemies":"Gensokyo:Mamizou","floor":6,"turns":6},{"damage":2,"enemies":"Gensokyo:Cirno","floor":8,"turns":6},{"damage":0,"enemies":"Gensokyo:Python","floor":13,"turns":3},{"damage":12,"enemies":"Gensokyo:2_Rabbits","floor":14,"turns":4},{"damage":13,"enemies":"Gensokyo:Reimu","floor":16,"turns":10},{"damage":0,"enemies":"Gensokyo:Chomper","floor":18,"turns":4},{"damage":0,"enemies":"Gensokyo:AngelMirror","floor":21,"turns":4},{"damage":0,"enemies":"Gensokyo:Wraith","floor":25,"turns":5},{"damage":1,"enemies":"Gensokyo:Koishi","floor":28,"turns":6},{"damage":0,"enemies":"Gensokyo:3_Gloops","floor":29,"turns":5},{"damage":45,"enemies":"Gensokyo:Tenshi","floor":31,"turns":5},{"damage":17,"enemies":"Gensokyo:Eiki","floor":33,"turns":8},{"damage":3,"enemies":"Gensokyo:AncientGuardian","floor":35,"turns":6},{"damage":0,"enemies":"Gensokyo:3_Bats","floor":38,"turns":4},{"damage":0,"enemies":"Gensokyo:SeedOfUnknown","floor":39,"turns":11},{"damage":5,"enemies":"Gensokyo:Doremy","floor":41,"turns":6},{"damage":0,"enemies":"Gensokyo:Rafflesia","floor":42,"turns":5},{"damage":13,"enemies":"Gensokyo:Kasen","floor":47,"turns":7},{"damage":0,"enemies":"Gensokyo:AtlasGolem","floor":48,"turns":5},{"damage":53,"enemies":"Gensokyo:Scarlet_Devils","floor":50,"turns":10},{"damage":73,"enemies":"Malkuth","floor":51,"turns":11},{"damage":24,"enemies":"Yesod","floor":51,"turns":11},{"damage":56,"enemies":"Tiphereth","floor":51,"turns":6}],"seed_played":"5334152418633641256","potions_obtained":[{"floor":1,"key":"Dexterity Potion"},{"floor":6,"key":"Ancient Potion"},{"floor":14,"key":"Fruit Juice"},{"floor":16,"key":"SmokeBomb"},{"floor":41,"key":"Dexterity Potion"},{"floor":48,"key":"Regen Potion"}],"is_trial":false,"path_per_floor":["M","?","M","$","?","E","R","E","T","?","R","?","M","M","R","B",null,"M","?","$","M","?","R","T","M","T","?","E","M","COS","E","R","B",null,"M","$","?","M","M","?","E","M","T","R","?","?","E","M","R","B",null],"character_chosen":"THE_SILENT","items_purchased":["Noxious Fumes","Blade Dance","Crippling Poison","Footwork","DollysMirror","Happy Flower"],"campfire_rested":0,"item_purchase_floors":[4,4,20,20,20,36],"current_hp_per_floor":[69,64,64,64,64,61,61,59,69,69,69,69,69,62,62,49,95,95,95,95,95,95,95,95,95,102,102,101,102,102,63,63,58,102,102,102,102,102,102,102,97,102,102,102,102,82,81,87,87,55],"gold":217,"neow_bonus":"","is_daily":false,"chose_seed":false,"campfire_upgraded":4,"win_rate":0.0,"timestamp":1614094822,"path_taken":["M","?","M","$","?","E","R","E","T","?","R","?","M","?","R","BOSS","M","?","$","M","?","R","?","M","T","?","E","?","COS","E","R","BOSS","M","$","?","M","M","?","E","M","T","R","?","?","E","M","R","BOSS"],"items_purchased_type":["Card","Card","Card","Card","Relic","Relic"],"build_version":"2020-12-22","purchased_purges":1,"victory":true,"max_hp_per_floor":[70,80,80,80,80,80,80,80,90,90,90,90,90,95,95,95,95,95,95,95,95,95,95,95,95,102,102,102,102,102,102,102,102,102,102,102,102,102,102,102,102,102,102,102,102,102,102,102,102,102],"relic_stats":{"Happy Flower":[28],"counters":[29,168],"Blue Candle":[0],"Whetstone":["Neutralize","Strike_G"],"MawBank":84,"Lizard Tail":51,"Shovel":3,"Ornamental Fan":[100],"obtain_stats":[{"Gensokyo:DemonMask":19,"Whetstone":28,"Gensokyo:DualWield":45,"Frozen Eye":28,"CogitoBucket":0,"Lizard Tail":49,"Shovel":6,"DollysMirror":20,"Strawberry":26,"InkBottle":24,"Ring of the Snake":0,"Pear":2,"Gensokyo:DirgeOfMelancholy":22,"Happy Flower":36,"Blue Candle":31,"Guardian:GemstoneGun":47,"Guardian:PocketSentry":5,"Omamori":32,"MawBank":44,"Calling Bell":34,"Du-Vu Doll":41,"Ornamental Fan":46,"AtMidnight":39,"Coffee Dripper":17,"Bag of Marbles":34,"Bottled Lightning":8,"HellTrain":29,"Meat on the Bone":34,"Pocketwatch":34},{"Gensokyo:DemonMask":9,"Whetstone":12,"Gensokyo:DualWield":22,"Frozen Eye":11,"CogitoBucket":0,"Lizard Tail":24,"Shovel":3,"DollysMirror":9,"Strawberry":11,"InkBottle":10,"Ring of the Snake":0,"Pear":1,"Gensokyo:DirgeOfMelancholy":10,"Happy Flower":17,"Blue Candle":15,"Guardian:GemstoneGun":23,"Guardian:PocketSentry":2,"Omamori":15,"MawBank":22,"Calling Bell":16,"Du-Vu Doll":21,"Ornamental Fan":22,"AtMidnight":20,"Coffee Dripper":8,"Bag of Marbles":16,"Bottled Lightning":4,"HellTrain":14,"Meat on the Bone":16,"Pocketwatch":16},{"Gensokyo:DemonMask":42,"Whetstone":57,"Gensokyo:DualWield":109,"Frozen Eye":51,"CogitoBucket":0,"Lizard Tail":121,"Shovel":14,"DollysMirror":42,"Strawberry":51,"InkBottle":46,"Ring of the Snake":0,"Pear":5,"Gensokyo:DirgeOfMelancholy":46,"Happy Flower":82,"Blue Candle":68,"Guardian:GemstoneGun":116,"Guardian:PocketSentry":8,"Omamori":68,"MawBank":109,"Calling Bell":76,"Du-Vu Doll":104,"Ornamental Fan":109,"AtMidnight":98,"Coffee Dripper":38,"Bag of Marbles":76,"Bottled Lightning":20,"HellTrain":63,"Meat on the Bone":76,"Pocketwatch":76}],"InkBottle":[66],"Ring of the Snake":[58],"Meat on the Bone":24,"Pocketwatch":[45]},"card_choices":[{"not_picked":["Deflect","Riddle With Holes"],"picked":"Blade Dance","floor":1},{"not_picked":["MeatLantern","SpiderBud"],"picked":"UniverseFragment","floor":1},{"not_picked":["Riddle With Holes","Distraction"],"picked":"Backflip","floor":3},{"not_picked":["VoidDream","MeatLantern","BlackSwan"],"picked":"Singing Bowl","floor":3},{"not_picked":["Storm of Steel","Backstab"],"picked":"Deadly Poison","floor":6},{"not_picked":["CrumblingArmor","MHz","FairyFestival"],"picked":"Singing Bowl","floor":6},{"not_picked":["Outmaneuver","Reflex"],"picked":"Footwork","floor":8},{"not_picked":["CrumblingArmor","QueenBee","PunishingBird"],"picked":"Singing Bowl","floor":8},{"not_picked":["Riddle With Holes","Dagger Throw"],"picked":"Bouncing Flask","floor":13},{"not_picked":["BlackSwan","BeautyBeast"],"picked":"LaLuna","floor":13},{"not_picked":["Underhanded Strike","Outmaneuver"],"picked":"Blur","floor":14},{"not_picked":["Bloodbath","Woodsman","MHz"],"picked":"Singing Bowl","floor":14},{"not_picked":["Grand Finale","After Image"],"picked":"Adrenaline","floor":16},{"not_picked":["Murderer","MHz","Freischutz"],"picked":"Singing Bowl","floor":16},{"not_picked":["Leg Sweep","Dodge and Roll"],"picked":"Accuracy","floor":18},{"not_picked":["Rudolta","Bloodbath","Murderer"],"picked":"Singing Bowl","floor":18},{"not_picked":["Variant","BeautyBeast","ShyLook"],"picked":"Singing Bowl","floor":21},{"not_picked":["Riddle With Holes+1","Quick Slash+1","Slice+1"],"picked":"SKIP","floor":21},{"not_picked":["HeroicMonk","CrumblingArmor"],"picked":"QueenOfHatred","floor":25},{"not_picked":["Tactician+1","All Out Attack","Underhanded Strike"],"picked":"SKIP","floor":25},{"not_picked":["DespairKnight","BlueStar","WallGazer"],"picked":"Singing Bowl","floor":28},{"not_picked":["Quick Slash","Endless Agony","Bullet Time"],"picked":"SKIP","floor":28},{"not_picked":["Prepared","Deadly Poison+1"],"picked":"Noxious Fumes+1","floor":29},{"not_picked":["FairyFestival","Laetitia","WhitesApple"],"picked":"Singing Bowl","floor":31},{"not_picked":["Noxious Fumes","Expertise","Outmaneuver+1"],"picked":"SKIP","floor":31},{"not_picked":["Tools of the Trade","Phantasmal Killer"],"picked":"After Image","floor":33},{"not_picked":["Murderer","NothingThere","VoidDream"],"picked":"Singing Bowl","floor":33},{"not_picked":["VoidDream","OldLady","LittleHelper"],"picked":"Singing Bowl","floor":35},{"not_picked":["Acrobatics","Dagger Spray+1","Poisoned Stab+1"],"picked":"SKIP","floor":35},{"not_picked":["Acrobatics","Dagger Spray+1","Poisoned Stab+1"],"picked":"SKIP","floor":35},{"not_picked":["Masterful Stab+1","Flying Knee+1"],"picked":"Accuracy","floor":38},{"not_picked":["Alriune","LittleHelper","WhiteNight"],"picked":"Singing Bowl","floor":38},{"not_picked":["Expertise+1","Bouncing Flask+1"],"picked":"Deflect","floor":39},{"not_picked":["Scarecrow","MeatLantern","QueenBee"],"picked":"Singing Bowl","floor":39},{"not_picked":["Sucker Punch+1","Tactician"],"picked":"Backflip+1","floor":41},{"not_picked":["DespairKnight","RedShoes","Yin"],"picked":"Singing Bowl","floor":41},{"not_picked":["Sucker Punch","Dagger Spray"],"picked":"Cloak And Dagger+1","floor":42},{"not_picked":["Mercenary","NothingThere","RedShoes"],"picked":"Singing Bowl","floor":42},{"not_picked":["GalaxyChild","BodiesMountain","QueenBee"],"picked":"Singing Bowl","floor":47},{"not_picked":["Expertise+1","Bane","Crippling Poison+1"],"picked":"SKIP","floor":47},{"not_picked":["Deflect","Outmaneuver"],"picked":"Accuracy+1","floor":48},{"not_picked":["DreamingCurrent","FieryBird","LongBird"],"picked":"Singing Bowl","floor":48}],"player_experience":483792,"relics_obtained":[{"floor":6,"key":"Shovel"},{"floor":8,"key":"Bottled Lightning"},{"floor":9,"key":"Pear"},{"floor":24,"key":"InkBottle"},{"floor":26,"key":"Strawberry"},{"floor":28,"key":"Whetstone"},{"floor":31,"key":"Blue Candle"},{"floor":32,"key":"Omamori"},{"floor":34,"key":"Bag of Marbles"},{"floor":34,"key":"Meat on the Bone"},{"floor":34,"key":"Pocketwatch"},{"floor":39,"key":"AtMidnight"},{"floor":41,"key":"Du-Vu Doll"},{"floor":44,"key":"MawBank"},{"floor":47,"key":"Guardian:GemstoneGun"},{"floor":49,"key":"Lizard Tail"}],"event_choices":[],"is_beta":false,"boss_relics":[{"not_picked":["Empty Cage","Pandora\u0027s Box"],"picked":"Coffee Dripper"},{"not_picked":["bronze:MakeshiftBattery","Velvet Choker"],"picked":"Calling Bell"}],"items_purged_floors":[36],"is_endless":false,"potions_floor_spawned":[1,6,14,16,18,29,31,41,42,48],"ascension_level":0}}