{"host":"newqdrzxfhh2im9e","time":1614039347,"event":{"mods":["AchievementEnabler","BaseMod","Block Reminder","Colored Map","Minty Spire (QoL Compilation)","Rare Cards Sparkle","Shop Mod","StSLib"],"gold_per_floor":[117,127,38,38,52,52,79,79,79,93,93,5,15,15,15,115,115,101,101,26,26,26,26,26],"floor_reached":23,"language":"ENG","playtime":591,"items_purged":["Writhe"],"score":187,"play_id":"f3816ceb-5da1-40d4-bde0-cd5b1b1a5690","local_time":"20210222161547","is_ascension_mode":false,"campfire_choices":[{"data":"Heavy Blade","floor":6,"key":"SMITH"},{"floor":8,"key":"RECALL"},{"floor":15,"key":"REST"}],"circlet_count":0,"master_deck":["Strike_R","Strike_R","Strike_R","Strike_R+1","Strike_R","Defend_R","Defend_R+1","Defend_R","Defend_R","Bash","Thunderclap","Pummel","Inflame","Heavy Blade+1","Brutality","Infernal Blade","Bandage Up","Disarm","Berserk","Intimidate"],"relics":["Burning Blood","Art of War","Calipers","WingedGreaves","Ancient Tea Set","Runic Pyramid","Toxic Egg 2","Nilry\u0027s Codex","FaceOfCleric"],"acts_visited":["Exordium","TheCity"],"potions_floor_usage":[7,10,16],"damage_taken":[{"damage":6,"enemies":"Jaw Worm","floor":1,"turns":4},{"damage":10,"enemies":"Small Slimes","floor":2,"turns":4},{"damage":0,"enemies":"Cultist","floor":5,"turns":2},{"damage":18,"enemies":"Lagavulin","floor":7,"turns":5},{"damage":0,"enemies":"Looter","floor":10,"turns":2},{"damage":18,"enemies":"Lots of Slimes","floor":13,"turns":4},{"damage":30,"enemies":"The Guardian","floor":16,"turns":8},{"damage":26,"enemies":"2 Thieves","floor":18,"turns":4},{"damage":56,"enemies":"Spheric Guardian","floor":23,"turns":5}],"seed_played":"-8494352391681786279","potions_obtained":[{"floor":1,"key":"Weak Potion"},{"floor":2,"key":"GamblersBrew"},{"floor":7,"key":"DistilledChaos"},{"floor":18,"key":"ColorlessPotion"}],"is_trial":false,"path_per_floor":["M","M","$","?","M","R","E","R","T","M","?","$","M","$","R","B",null,"M","?","$","?","?","M"],"character_chosen":"IRONCLAD","items_purchased":["Inflame","Heavy Blade","Bandage Up"],"campfire_rested":1,"item_purchase_floors":[3,3,12],"current_hp_per_floor":[80,76,76,60,66,66,54,54,54,60,53,53,45,45,69,49,80,64,64,64,48,48,0,0],"gold":26,"neow_bonus":"RANDOM_COMMON_RELIC","is_daily":false,"chose_seed":false,"campfire_upgraded":1,"win_rate":0.0,"timestamp":1614039347,"path_taken":["M","M","$","?","M","R","E","R","T","M","?","?","M","$","R","BOSS","M","?","$","?","?","?"],"items_purchased_type":["Card","Card","Card"],"build_version":"2020-12-22","purchased_purges":1,"victory":false,"max_hp_per_floor":[80,80,80,80,80,80,80,80,80,80,80,80,80,80,80,80,80,80,80,80,80,80,80,80],"card_choices":[{"not_picked":["Cleave","Perfected Strike"],"picked":"Thunderclap","floor":1},{"not_picked":["Flex","Heavy Blade"],"picked":"Pummel","floor":2},{"not_picked":["Body Slam","Heavy Blade","Headbutt"],"picked":"SKIP","floor":5},{"not_picked":["Power Through","Cleave"],"picked":"Brutality","floor":7},{"not_picked":["Heavy Blade","Disarm"],"picked":"Infernal Blade","floor":10},{"not_picked":["Iron Wave","Anger"],"picked":"Disarm","floor":13},{"not_picked":["Exhume","Brutality"],"picked":"Berserk","floor":16},{"not_picked":["Evolve","Iron Wave"],"picked":"Intimidate","floor":18}],"player_experience":785343,"relics_obtained":[{"floor":7,"key":"Calipers"},{"floor":9,"key":"WingedGreaves"},{"floor":21,"key":"Nilry\u0027s Codex"}],"event_choices":[{"damage_healed":0,"gold_gain":0,"player_choice":"Entered Light","damage_taken":16,"max_hp_gain":0,"max_hp_loss":0,"event_name":"Shining Light","floor":4,"gold_loss":0,"cards_upgraded":["Defend_R","Strike_R"]},{"damage_healed":0,"gold_gain":0,"player_choice":"Success","damage_taken":7,"relics_obtained":["Ancient Tea Set"],"max_hp_gain":0,"max_hp_loss":0,"event_name":"Scrap Ooze","floor":11,"gold_loss":0},{"damage_healed":0,"gold_gain":0,"player_choice":"Opened","damage_taken":0,"relics_obtained":["Toxic Egg 2"],"max_hp_gain":0,"max_hp_loss":0,"event_name":"The Mausoleum","floor":19,"gold_loss":0,"cards_obtained":["Writhe"]},{"damage_healed":0,"gold_gain":0,"player_choice":"Obtained Book","damage_taken":16,"max_hp_gain":0,"max_hp_loss":0,"event_name":"Cursed Tome","floor":21,"gold_loss":0},{"damage_healed":0,"gold_gain":0,"player_choice":"Trade","damage_taken":0,"relics_obtained":["FaceOfCleric"],"max_hp_gain":0,"max_hp_loss":0,"event_name":"FaceTrader","floor":22,"gold_loss":0}],"is_beta":false,"boss_relics":[{"not_picked":["Velvet Choker","Philosopher\u0027s Stone"],"picked":"Runic Pyramid"}],"items_purged_floors":[20],"is_endless":false,"potions_floor_spawned":[1,2,7,18],"killed_by":"Spheric Guardian","ascension_level":0}}