{"host":"auii0tli5ebhxikt","time":1614091773,"event":{"mods":["ATMod(°¢èªMod)","BaseMod","Downfall","Energized Spire","Minty Spire (QoL Compilation)","Quick Restart","Relic Stats","Reliquary","Replay The Spire","Spicy Shops","StSLib","The Marked","[IsaacMod]ÒÔÈö¼âËþ","¡¾ÒÅÎï¿¨ÅÆ¡¿REMEMod"],"gold_per_floor":[117,117,134,148,173,200,216,232,255,255,283,283,318,336,336,466,466,466,466],"floor_reached":18,"language":"ZHS","playtime":1570,"items_purged":[],"score":283,"play_id":"cc817b1f-444e-4b0c-ad88-1f262448a3fa","local_time":"20210223224933","is_ascension_mode":true,"campfire_choices":[{"data":"Defragment","floor":10,"key":"SMITH"},{"data":"Loop","floor":15,"key":"SMITH"}],"circlet_count":0,"master_deck":["Strike_B","Strike_B","Strike_B","Strike_B","Defend_B","Defend_B","Defend_B","Defend_B","Zap","Dualcast","Crystallizer","Defend_B","Heatsinks","Go for the Eyes","Coolheaded","AT_WaterDrop","Defragment+1","Loop+1","Hello World","AT_RightCognition","ElectricPowerLearning"],"relics":["Cracked Core","AT_ATBox","HushsDoor","REME_ComplimentaryCards","YumHeart","NeowsBlessing","Tiny Chest","AT_ArcaneBoots","PreservedInsect","HowToJump","Golden Idol","TheBible","reliquary:Craggleroot"],"acts_visited":["Exordium","TheCity"],"potions_floor_usage":[16,16],"damage_taken":[{"damage":0,"enemies":"Small Slimes","floor":1,"turns":1},{"damage":0,"enemies":"Cultist","floor":3,"turns":1},{"damage":0,"enemies":"2 Louse","floor":4,"turns":1},{"damage":22,"enemies":"Lagavulin","floor":6,"turns":11},{"damage":0,"enemies":"Large Slime","floor":7,"turns":8},{"damage":4,"enemies":"Blue Slaver","floor":8,"turns":4},{"damage":0,"enemies":"Replay:BlueRogue","floor":11,"turns":7},{"damage":7,"enemies":"Gremlin Nob","floor":13,"turns":5},{"damage":2,"enemies":"Looter","floor":14,"turns":4},{"damage":0,"enemies":"Fading Forest","floor":16,"turns":11},{"damage":50,"enemies":"3 Byrds","floor":18,"turns":5}],"seed_played":"-7942983602858967997","potions_obtained":[{"floor":1,"key":"LiquidMemories"},{"floor":3,"key":"Weak Potion"},{"floor":6,"key":"champ:CounterPotion"}],"is_trial":false,"path_per_floor":["M","?","M","M","T","E","M","M","T","R","E","?","E","M","R","B",null,"M"],"character_chosen":"DEFECT","items_purchased":["ElectricPowerLearning"],"campfire_rested":0,"item_purchase_floors":[17],"current_hp_per_floor":[75,75,75,75,75,75,75,71,71,71,71,53,71,69,69,69,71,21,21],"gold":466,"neow_bonus":"THREE_ENEMY_KILL","is_daily":false,"chose_seed":false,"campfire_upgraded":2,"win_rate":0.0,"timestamp":1614091773,"path_taken":["M","?","?","M","?","E","M","M","T","R","E","?","E","M","R","BOSS","M"],"items_purchased_type":["Card"],"build_version":"2020-12-22","purchased_purges":0,"victory":false,"max_hp_per_floor":[75,75,75,75,75,75,75,75,75,75,75,75,75,75,75,75,71,71,71],"relic_stats":{"counters":[11,58],"Golden Idol":37,"Tiny Chest":0,"PreservedInsect":43,"obtain_stats":[{"KeepersGift":0,"AT_ATBox":0,"NeowsBlessing":0,"HowToJump":11,"Golden Idol":12,"PreservedInsect":9,"AT_ArcaneBoots":16,"YumHeart":0,"AT_SpeedBoots":6,"TheBible":13,"reliquary:Craggleroot":17,"Tiny Chest":5,"Cracked Core":0,"HushsDoor":0,"REME_ComplimentaryCards":0},{"KeepersGift":0,"AT_ATBox":0,"NeowsBlessing":0,"HowToJump":7,"Golden Idol":7,"PreservedInsect":6,"AT_ArcaneBoots":10,"YumHeart":0,"AT_SpeedBoots":4,"TheBible":8,"reliquary:Craggleroot":10,"Tiny Chest":3,"Cracked Core":0,"HushsDoor":0,"REME_ComplimentaryCards":0},{"KeepersGift":0,"AT_ATBox":0,"NeowsBlessing":0,"HowToJump":33,"Golden Idol":33,"PreservedInsect":26,"AT_ArcaneBoots":48,"YumHeart":0,"AT_SpeedBoots":14,"TheBible":38,"reliquary:Craggleroot":53,"Tiny Chest":3,"Cracked Core":0,"HushsDoor":0,"REME_ComplimentaryCards":0}]},"card_choices":[{"not_picked":["Leap","Barrage"],"picked":"Crystallizer","floor":1},{"not_picked":["AT_EMC2","Panic Button"],"picked":"Heatsinks","floor":3},{"not_picked":["Conserve Battery","Barrage"],"picked":"Go for the Eyes","floor":4},{"not_picked":["Sweeping Beam","BasicCrystalCard"],"picked":"Coolheaded","floor":6},{"not_picked":["Doom and Gloom","Leap"],"picked":"AT_WaterDrop","floor":7},{"not_picked":["Stack","ReplayTheSpireMod:Repulse"],"picked":"Defragment","floor":8},{"not_picked":["FIFO Queue","Gash"],"picked":"Loop","floor":11},{"not_picked":["ReplayGash","Panic Button"],"picked":"Hello World","floor":13},{"not_picked":["BasicCrystalCard","REME_Whirling","Leap"],"picked":"SKIP","floor":14},{"not_picked":["REME_ForAll","Echo Form"],"picked":"AT_RightCognition","floor":16}],"player_experience":127906,"relics_obtained":[{"floor":5,"key":"Tiny Chest"},{"floor":6,"key":"AT_SpeedBoots"},{"floor":9,"key":"PreservedInsect"},{"floor":11,"key":"HowToJump"},{"floor":13,"key":"TheBible"}],"event_choices":[{"damage_healed":0,"gold_gain":0,"player_choice":"Take Damage","damage_taken":18,"relics_obtained":["Golden Idol"],"max_hp_gain":0,"max_hp_loss":0,"event_name":"Golden Idol","floor":12,"gold_loss":0}],"is_beta":false,"boss_relics":[{"not_picked":["energizedSpire:SpiderWeb","Snecko Eye"],"picked":"reliquary:Craggleroot"},{"not_picked":[]}],"items_purged_floors":[],"is_endless":false,"potions_floor_spawned":[1,3,6,11],"killed_by":"3 Byrds","ascension_level":2}}