{"host":"zxd2l8an9de7z7b9","time":1614065883,"event":{"mods":["100% Spire Juice","2.2 Compatiblity","AchievementEnabler","BaseMod","CapriCore","Colored Map","Colored Powertips","Marisa£¨Ùöéë¡¡Øª×âÞÞ£©","Minty Spire (QoL Compilation)","Rare Cards Sparkle","StSLib","SuperFastMode","Td1madao Mod","everything is the same but u backflip on backflip"],"gold_per_floor":[111,111,36,54,65,92,92,103,103,115,95,113,113,133,133,232,232,251,262,262,262],"floor_reached":20,"language":"KOR","playtime":622,"items_purged":["Defend_P"],"score":178,"play_id":"00784a83-983d-4d33-8983-d2c3fa5616fc","local_time":"20210223163803","is_ascension_mode":false,"campfire_choices":[{"data":"Eruption","floor":7.0,"key":"SMITH"},{"floor":13.0,"key":"REST"},{"floor":15.0,"key":"REST"}],"circlet_count":0,"master_deck":["Strike_P","Strike_P","Strike_P","Defend_P","Defend_P","Defend_P","Eruption+1","Vigilance","WreathOfFlame"],"relics":["PureWater","Centennial Puzzle","Blue Candle","WingedGreaves","VioletLotus"],"acts_visited":["Exordium","TheCity"],"potions_floor_usage":[18],"damage_taken":[{"damage":0.0,"enemies":"2 Louse","floor":1.0,"turns":3.0},{"damage":7.0,"enemies":"Cultist","floor":4.0,"turns":3.0},{"damage":2.0,"enemies":"Small Slimes","floor":5.0,"turns":3.0},{"damage":40.0,"enemies":"Lagavulin","floor":6.0,"turns":7.0},{"damage":0.0,"enemies":"2 Fungi Beasts","floor":8.0,"turns":3.0},{"damage":7.0,"enemies":"3 Louse","floor":10.0,"turns":3.0},{"damage":4.0,"enemies":"Gremlin Gang","floor":12.0,"turns":4.0},{"damage":2.0,"enemies":"Looter","floor":14.0,"turns":3.0},{"damage":44.0,"enemies":"The Guardian","floor":16.0,"turns":12.0},{"damage":34,"enemies":"2 Thieves","floor":18,"turns":4},{"damage":21,"enemies":"Chosen","floor":19,"turns":6},{"damage":8,"enemies":"Shelled Parasite and Fungi","floor":20,"turns":2}],"seed_played":"4059533758096953931","potions_obtained":[{"floor":5.0,"key":"Strength Potion"},{"floor":8.0,"key":"EssenceOfSteel"},{"floor":10.0,"key":"StancePotion"},{"floor":12.0,"key":"Block Potion"},{"floor":14.0,"key":"PowerPotion"},{"floor":19,"key":"Fire Potion"}],"is_trial":false,"path_per_floor":["M","?","$","M","M","E","R","M","T","M","?","M","R","M","R","B",null,"M","M","M"],"character_chosen":"WATCHER","items_purchased":[],"campfire_rested":2,"item_purchase_floors":[],"current_hp_per_floor":[72,72,72,65,63,23,23,23,23,16,16,12,33,31,52,8,72,38,17,9,9],"gold":262,"neow_bonus":"RANDOM_COMMON_RELIC","is_daily":false,"chose_seed":false,"campfire_upgraded":1,"win_rate":0.0,"timestamp":1614065883,"path_taken":["M","?","$","M","M","E","R","M","T","?","?","?","R","?","R","BOSS","M","M","M"],"items_purchased_type":[],"build_version":"2020-12-22","purchased_purges":1,"victory":false,"max_hp_per_floor":[72,72,72,72,72,72,72,72,72,72,72,72,72,72,72,72,72,72,72,72,72],"card_choices":[{"not_picked":["JustLucky","SignatureMove","SashWhip"],"picked":"SKIP","floor":1.0},{"not_picked":["Crescendo","Swivel","Worship"],"picked":"SKIP","floor":4.0},{"not_picked":["FollowUp","EmptyFist","Vengeance"],"picked":"SKIP","floor":5.0},{"not_picked":["Protect","Conclude","Wireheading"],"picked":"SKIP","floor":6.0},{"not_picked":["Prostrate","Indignation","Collect"],"picked":"SKIP","floor":8.0},{"not_picked":["Prostrate","Indignation","Collect"],"picked":"SKIP","floor":8.0},{"not_picked":["CutThroughFate","JustLucky","WheelKick"],"picked":"SKIP","floor":10.0},{"not_picked":["SashWhip","BowlingBash","Swivel"],"picked":"SKIP","floor":12.0},{"not_picked":["WheelKick","Omniscience","BowlingBash"],"picked":"SKIP","floor":14.0},{"not_picked":["SignatureMove","SandsOfTime","Conclude"],"picked":"SKIP","floor":18},{"not_picked":["PathToVictory+1","Crescendo+1","Consecrate"],"picked":"SKIP","floor":19}],"player_experience":453142,"relics_obtained":[{"floor":6.0,"key":"Blue Candle"},{"floor":9.0,"key":"WingedGreaves"}],"event_choices":[{"damage_healed":0.0,"max_hp_gain":0.0,"max_hp_loss":0.0,"gold_gain":0.0,"cards_transformed":["Strike_P"],"event_name":"Transmorgrifier","player_choice":"Transformed","floor":2.0,"gold_loss":0.0,"damage_taken":0.0,"cards_obtained":["WreathOfFlame"]},{"damage_healed":0.0,"max_hp_gain":0.0,"max_hp_loss":0.0,"gold_gain":0.0,"event_name":"The Woman in Blue","player_choice":"Bought 1 Potion","floor":11.0,"gold_loss":0.0,"damage_taken":0.0}],"is_beta":false,"boss_relics":[{"not_picked":["SlaversCollar","Philosopher\u0027s Stone"],"picked":"VioletLotus"}],"items_purged_floors":[3],"is_endless":false,"potions_floor_spawned":[5,8,10,12,14,19],"killed_by":"Shelled Parasite and Fungi","ascension_level":0}}