{"host":"f0vzc1iezimimt27","time":1614086227,"event":{"mods":["BaseMod","Colored Map","Downfall","Highlight Path","Minty Spire (QoL Compilation)","StSLib"],"gold_per_floor":[99,115,135,149,163,163,163,163,25,53,68,68,79,4,18,18,18,18],"floor_reached":16,"language":"ENG","playtime":963,"items_purged":[],"score":129,"play_id":"69be756d-952f-41db-a8ef-c3a070e1d532","local_time":"20210223161707","is_ascension_mode":false,"campfire_choices":[{"data":"Slimebound:Split","floor":1,"key":"SMITH"},{"data":"Slimebound:SlimeBarrage","floor":8,"key":"SMITH"},{"data":"Slimebound:ForwardTackle","floor":12,"key":"SMITH"}],"circlet_count":0,"master_deck":["Slimebound:Strike_Slimebound","Slimebound:Strike_Slimebound","Slimebound:Strike_Slimebound","Slimebound:Tackle","Slimebound:Defend_Slimebound","Slimebound:Defend_Slimebound","Slimebound:Defend_Slimebound","Slimebound:Defend_Slimebound","Slimebound:Split+1","Slimebound:CorrosiveSpit","Slimebound:SplitAcid","Slimebound:SlimeBarrage+1","Slimebound:FormOfPuddle","Slimebound:Repurpose","Slimebound:SplitBruiser","Slimebound:ForwardTackle+1","Slimebound:SlimeTap"],"relics":["Slimebound:AbsorbEndCombat","downfall:BrokenWingStatue","Singing Bowl","Pear","Slimebound:GreedOozeRelic"],"acts_visited":["Exordium"],"potions_floor_usage":[13,16],"damage_taken":[{"damage":0,"enemies":"Cultist","floor":2,"turns":4},{"damage":7,"enemies":"Small Slimes","floor":3,"turns":3},{"damage":4,"enemies":"2 Louse","floor":4,"turns":2},{"damage":13,"enemies":"downfall:LooterAlt","floor":5,"turns":3},{"damage":5,"enemies":"downfall:FleeingMerchant","floor":9,"turns":4},{"damage":4,"enemies":"Lagavulin","floor":10,"turns":5},{"damage":2,"enemies":"2 Fungi Beasts","floor":11,"turns":2},{"damage":5,"enemies":"Gremlin Gang","floor":13,"turns":3},{"damage":12,"enemies":"Large Slime","floor":15,"turns":3},{"damage":54,"enemies":"DF_ARCHETYPE_STREAMLINE","floor":16,"turns":6}],"seed_played":"1494736341073479404","potions_obtained":[{"floor":2,"key":"bronze:BurnAndBuffPotion"},{"floor":3,"key":"SpeedPotion"},{"floor":5,"key":"SkillPotion"},{"floor":15,"key":"EssenceOfSteel"}],"is_trial":false,"path_per_floor":["R","M","M","M","M","?","T","R","$","E","M","R","M","?","M","B"],"character_chosen":"SLIMEBOUND","items_purchased":["Slimebound:Repurpose","Slimebound:SplitBruiser"],"campfire_rested":0,"item_purchase_floors":[9,9],"current_hp_per_floor":[71,71,64,60,49,49,49,49,48,58,56,56,53,53,41,0,0,0],"gold":18,"neow_bonus":"TEN_PERCENT_HP_BONUS","is_daily":false,"chose_seed":false,"campfire_upgraded":3,"win_rate":0.0,"timestamp":1614086227,"path_taken":["R","M","M","M","M","?","T","R","$","E","M","R","M","?","M","BOSS"],"items_purchased_type":["Card","Card"],"build_version":"2020-12-22","purchased_purges":0,"victory":false,"max_hp_per_floor":[71,71,71,71,71,71,71,71,71,83,83,83,85,85,85,85,85,85],"card_choices":[{"not_picked":["Slimebound:Dissolve","Slimebound:SlimeBrawl"],"picked":"Slimebound:SplitAcid","floor":2},{"not_picked":["Slimebound:FlameTackle","Slimebound:GoopTackle","Slimebound:LeechingTouch"],"picked":"SKIP","floor":3},{"not_picked":["Slimebound:GoopTackle","Slimebound:PressTheAttack"],"picked":"Slimebound:SlimeBarrage","floor":4},{"not_picked":["Slimebound:TongueLash","Slimebound:LeechingTouch","Slimebound:SpikyOuterGoop"],"picked":"SKIP","floor":5},{"not_picked":["Slimebound:DouseInSlime","Slimebound:ComboTackle"],"picked":"Slimebound:FormOfPuddle","floor":9},{"not_picked":["Slimebound:Dissolve","Slimebound:FlameTackle","Slimebound:AcidTongue"],"picked":"Singing Bowl","floor":10},{"not_picked":["Slimebound:ItLooksTasty","Slimebound:FlameTackle"],"picked":"Slimebound:ForwardTackle","floor":11},{"not_picked":["Slimebound:GoopSpray","Slimebound:Grow","Slimebound:Replication"],"picked":"Singing Bowl","floor":13},{"not_picked":["Slimebound:HauntingLick","Slimebound:AcidTongue"],"picked":"Slimebound:SlimeTap","floor":15}],"player_experience":161651,"relics_obtained":[{"floor":7,"key":"Singing Bowl"},{"floor":10,"key":"Pear"}],"event_choices":[],"is_beta":false,"boss_relics":[],"items_purged_floors":[],"is_endless":false,"potions_floor_spawned":[2,3,5,15],"killed_by":"DF_ARCHETYPE_STREAMLINE","ascension_level":0}}