{"host":"lv7etzzgwahaenh9","time":1614124158,"event":{"mods":["AchievementEnabler","BaseMod","Colored Map","Colored Powertips","Highlight Path","Minty Spire (QoL Compilation)","Permanent Neow","Quick Restart","Random Character Button","StSLib"],"gold_per_floor":[12,23,38,3,3,3,31,31,58,58,93,93,125,135,135,212,212,228,228,245,258,274,274,274,274,274,309,321,321,351,371,371,446,446,466,480,480,492,182,207,207,221,221,221,239,269,269,302,302,302,302,302,11,46,46],"floor_reached":56,"language":"ENG","playtime":2906,"items_purged":["Strike_B","Defend_B"],"score":2173,"play_id":"d53d5956-18ca-4ac1-97b1-bb25ae93ad0c","local_time":"20210223154918","is_ascension_mode":true,"campfire_choices":[{"data":"Defragment","floor":6.0,"key":"SMITH"},{"data":"Zap","floor":8.0,"key":"SMITH"},{"data":"Static Discharge","floor":10.0,"key":"SMITH"},{"data":"Genetic Algorithm","floor":12.0,"key":"SMITH"},{"floor":15.0,"key":"REST"},{"floor":23.0,"key":"REST"},{"data":"Buffer","floor":25.0,"key":"SMITH"},{"floor":29.0,"key":"REST"},{"data":"Biased Cognition","floor":32.0,"key":"SMITH"},{"floor":41.0,"key":"RECALL"},{"floor":47.0,"key":"REST"},{"floor":49.0,"key":"REST"},{"floor":52.0,"key":"REST"}],"circlet_count":0,"master_deck":["AscendersBane","Strike_B","Defend_B","Defend_B","Defend_B","Zap+1","Dualcast","Leap","Compile Driver","Defragment+1","Sweeping Beam","Steam","Blizzard","Static Discharge+1","Genetic Algorithm+1","Hologram","Reboot","Biased Cognition+1","Self Repair","White Noise+1","Cold Snap","Buffer+1","Stack","Steam","Darkness+1","Core Surge","Glacier+1","Cold Snap","Secret Weapon","Secret Technique","Coolheaded","Defragment+1","Capacitor","Storm","Echo Form","Capacitor","Apotheosis"],"relics":["Cracked Core","Orichalcum","Shuriken","Bag of Preparation","Bottled Tornado","Pocketwatch","Runic Pyramid","Anchor","Blood Vial","Cables","Fusion Hammer","DollysMirror","Darkstone Periapt","MealTicket","Regal Pillow","Boot"],"acts_visited":["Exordium","TheCity","TheBeyond","TheEnding"],"potions_floor_usage":[55],"damage_taken":[{"damage":0.0,"enemies":"Cultist","floor":1.0,"turns":3.0},{"damage":0.0,"enemies":"Jaw Worm","floor":2.0,"turns":4.0},{"damage":0.0,"enemies":"Small Slimes","floor":3.0,"turns":3.0},{"damage":9.0,"enemies":"3 Sentries","floor":7.0,"turns":6.0},{"damage":12.0,"enemies":"Gremlin Nob","floor":11.0,"turns":4.0},{"damage":15.0,"enemies":"3 Sentries","floor":13.0,"turns":4.0},{"damage":2.0,"enemies":"2 Fungi Beasts","floor":14.0,"turns":3.0},{"damage":12.0,"enemies":"The Guardian","floor":16.0,"turns":10.0},{"damage":6.0,"enemies":"Spheric Guardian","floor":18.0,"turns":4.0},{"damage":10.0,"enemies":"Chosen","floor":20.0,"turns":4.0},{"damage":10.0,"enemies":"Snecko","floor":21.0,"turns":3.0},{"damage":10.0,"enemies":"Snake Plant","floor":22.0,"turns":4.0},{"damage":22.0,"enemies":"Gremlin Leader","floor":27.0,"turns":6.0},{"damage":0.0,"enemies":"3 Cultists","floor":28.0,"turns":2.0},{"damage":9.0,"enemies":"Book of Stabbing","floor":30.0,"turns":8.0},{"damage":0.0,"enemies":"Snecko","floor":31.0,"turns":6.0},{"damage":27.0,"enemies":"Collector","floor":33.0,"turns":13.0},{"damage":0.0,"enemies":"Orb Walker","floor":35.0,"turns":4.0},{"damage":0.0,"enemies":"3 Darklings","floor":36.0,"turns":7.0},{"damage":0.0,"enemies":"Sphere and 2 Shapes","floor":38.0,"turns":5.0},{"damage":0.0,"enemies":"Nemesis","floor":40.0,"turns":7.0},{"damage":0.0,"enemies":"4 Shapes","floor":42.0,"turns":4.0},{"damage":3.0,"enemies":"3 Darklings","floor":45.0,"turns":6.0},{"damage":0.0,"enemies":"Reptomancer","floor":46.0,"turns":6.0},{"damage":0.0,"enemies":"Giant Head","floor":48.0,"turns":9.0},{"damage":3.0,"enemies":"Donu and Deca","floor":50.0,"turns":10.0},{"damage":0.0,"enemies":"Shield and Spear","floor":54.0,"turns":7.0},{"damage":20,"enemies":"The Heart","floor":55,"turns":11}],"seed_played":"-1190932064553357220","potions_obtained":[{"floor":3.0,"key":"FearPotion"},{"floor":7.0,"key":"SteroidPotion"},{"floor":11.0,"key":"Weak Potion"},{"floor":22.0,"key":"ColorlessPotion"},{"floor":27.0,"key":"Dexterity Potion"},{"floor":30.0,"key":"PowerPotion"},{"floor":35.0,"key":"SneckoOil"},{"floor":42.0,"key":"AttackPotion"},{"floor":46.0,"key":"ColorlessPotion"}],"is_trial":false,"path_per_floor":["M","M","M","$","?","R","E","R","T","R","E","R","E","M","R","B",null,"M","?","M","M","M","R","?","R","T","E","M","R","E","M","R","B",null,"M","M","?","M","$","E","R","M","T","?","M","E","R","E","R","B",null,"R","$","E","B",null],"character_chosen":"DEFECT","items_purchased":["Blizzard","DollysMirror","Capacitor","Apotheosis"],"campfire_rested":6,"item_purchase_floors":[4,39,39,53],"current_hp_per_floor":[64,64,64,64,59,59,50,50,50,50,38,38,23,21,42,30,61,55,35,32,29,26,48,42,42,42,20,22,44,44,46,46,28,64,73,76,66,75,75,76,76,76,76,76,73,76,76,76,76,76,76,76,76,76,63],"gold":46,"neow_bonus":"TRANSFORM_TWO_CARDS","is_daily":false,"chose_seed":false,"campfire_upgraded":6,"win_rate":0.0,"timestamp":1614124158,"path_taken":["M","M","M","?","?","R","E","R","T","R","E","R","E","M","R","BOSS","M","?","M","M","M","R","?","R","T","E","M","R","E","?","R","BOSS","M","M","?","M","$","E","R","M","T","?","M","E","R","E","R","BOSS","R","$","E","BOSS"],"items_purchased_type":["Card","Relic","Card","Card"],"build_version":"2020-12-22","purchased_purges":2,"victory":true,"max_hp_per_floor":[71,71,71,71,71,71,71,71,71,71,71,71,71,71,71,71,71,71,76,76,76,76,76,76,76,76,76,76,76,76,76,76,76,76,76,76,76,76,76,76,76,76,76,76,76,76,76,76,76,76,76,76,76,76,76],"card_choices":[{"not_picked":["Ball Lightning","Turbo"],"picked":"Defragment","floor":1.0},{"not_picked":["Undo","Go for the Eyes"],"picked":"Sweeping Beam","floor":2.0},{"not_picked":["Fusion","Sweeping Beam"],"picked":"Steam","floor":3.0},{"not_picked":["Barrage","Multi-Cast"],"picked":"Static Discharge","floor":7.0},{"not_picked":["Stack","Reprogram"],"picked":"Genetic Algorithm","floor":11.0},{"not_picked":["Redo","Streamline"],"picked":"Hologram","floor":13.0},{"not_picked":["Redo","Reprogram"],"picked":"Reboot","floor":14.0},{"not_picked":["Creative AI","Fission"],"picked":"Biased Cognition","floor":16.0},{"not_picked":["Gash","Beam Cell"],"picked":"Self Repair","floor":18.0},{"not_picked":["Cold Snap","Leap"],"picked":"White Noise+1","floor":20.0},{"not_picked":["Conserve Battery","BootSequence+1"],"picked":"Cold Snap","floor":21.0},{"not_picked":["Sweeping Beam","Ball Lightning"],"picked":"Buffer","floor":22.0},{"not_picked":["Beam Cell","Steam Power"],"picked":"Stack","floor":27.0},{"not_picked":["Darkness","Leap"],"picked":"Steam","floor":28.0},{"not_picked":["Doom and Gloom","Self Repair"],"picked":"Darkness+1","floor":30.0},{"not_picked":["Recycle","Streamline","Leap"],"picked":"SKIP","floor":31.0},{"not_picked":["Buffer","Hyperbeam"],"picked":"Core Surge","floor":33.0},{"not_picked":["Reprogram","Cold Snap"],"picked":"Glacier+1","floor":35.0},{"not_picked":["Gash","Ball Lightning"],"picked":"Cold Snap","floor":36.0},{"not_picked":["Madness","Good Instincts"],"picked":"Secret Weapon","floor":37.0},{"not_picked":["Madness","Mind Blast"],"picked":"Secret Technique","floor":37.0},{"not_picked":["Redo","Streamline"],"picked":"Coolheaded","floor":38.0},{"not_picked":["Redo+1","Coolheaded","Beam Cell"],"picked":"SKIP","floor":40.0},{"not_picked":["Cold Snap+1","Barrage"],"picked":"Storm","floor":42.0},{"not_picked":["Rebound","Rip and Tear"],"picked":"Echo Form","floor":45.0},{"not_picked":["Leap","Compile Driver"],"picked":"Capacitor","floor":46.0},{"not_picked":["Rebound","Leap+1","FTL+1"],"picked":"SKIP","floor":48.0},{"not_picked":["Turbo","Leap","FTL"],"picked":"SKIP","floor":54.0}],"player_experience":536549,"relics_obtained":[{"floor":7.0,"key":"Shuriken"},{"floor":9.0,"key":"Bag of Preparation"},{"floor":11.0,"key":"Bottled Tornado"},{"floor":13.0,"key":"Pocketwatch"},{"floor":26.0,"key":"Anchor"},{"floor":27.0,"key":"Blood Vial"},{"floor":30.0,"key":"Cables"},{"floor":40.0,"key":"Darkstone Periapt"},{"floor":46.0,"key":"MealTicket"},{"floor":48.0,"key":"Regal Pillow"},{"floor":54.0,"key":"Boot"}],"event_choices":[{"damage_healed":0.0,"max_hp_gain":0.0,"max_hp_loss":0.0,"gold_gain":0.0,"event_name":"Scrap Ooze","player_choice":"Success","floor":5.0,"gold_loss":0.0,"damage_taken":5.0,"relics_obtained":["Orichalcum"]},{"damage_healed":0.0,"max_hp_gain":5.0,"max_hp_loss":0.0,"gold_gain":0.0,"event_name":"Forgotten Altar","player_choice":"Shed Blood","floor":19.0,"gold_loss":0.0,"damage_taken":25.0},{"damage_healed":0.0,"max_hp_gain":0.0,"max_hp_loss":0.0,"gold_gain":0.0,"event_name":"Knowing Skull","player_choice":"","floor":24.0,"potions_obtained":[],"gold_loss":0.0,"damage_taken":6.0,"cards_obtained":[]},{"damage_healed":0.0,"max_hp_gain":0.0,"max_hp_loss":0.0,"gold_gain":0.0,"event_name":"SensoryStone","player_choice":"Memory 3","floor":37.0,"gold_loss":0.0,"damage_taken":10.0},{"damage_healed":0.0,"max_hp_gain":0.0,"max_hp_loss":0.0,"gold_gain":0.0,"event_name":"Tomb of Lord Red Mask","player_choice":"Ignored","floor":44.0,"gold_loss":0.0,"damage_taken":0.0}],"is_beta":false,"boss_relics":[{"not_picked":["Tiny House","Velvet Choker"],"picked":"Runic Pyramid"},{"not_picked":["Runic Dome","SlaversCollar"],"picked":"Fusion Hammer"}],"items_purged_floors":[39,53],"is_endless":false,"potions_floor_spawned":[3,7,11,14,16,18,22,27,30,35,42,45,46,54],"ascension_level":15}}