{"host":"lexjlbpq6ib1pogf","time":1614067010,"event":{"mods":["BaseMod","Minty Spire (QoL Compilation)"],"gold_per_floor":[115,135,148,158,168,168,184,184,184,184,216,216,216,236,236,333,333,348,365,375,375,388,388,416,436,461,461,79,110,35,35,35],"floor_reached":31,"language":"ENG","playtime":2172,"items_purged":["Decay"],"score":279,"play_id":"8257bfb0-bf9a-431d-be12-d76aa8eafba3","local_time":"20210223185650","is_ascension_mode":false,"campfire_choices":[{"data":"Tactician","floor":6,"key":"SMITH"},{"floor":15,"key":"REST"},{"data":"Venomology","floor":23,"key":"SMITH"}],"circlet_count":0,"master_deck":["Strike_G","Strike_G","Strike_G","Defend_G","Defend_G","Defend_G","Survivor","Neutralize","Tactician+1","Prepared","Tactician","PiercingWail","Poisoned Stab","Poisoned Stab","Dagger Spray","Deadly Poison","Venomology+1","Eviscerate+1","Adrenaline+1","Dagger Spray+1","Bouncing Flask","Reflex+1","Prepared+1","Dodge and Roll+1","Unload","Noxious Fumes+1","Catalyst","Dagger Spray+1"],"relics":["Ring of the Snake","NeowsBlessing","Ice Cream","Sundial","Astrolabe","Darkstone Periapt","Membership Card","Shuriken","WingedGreaves","Lantern"],"acts_visited":["Exordium","TheCity"],"potions_floor_usage":[11,11,16,16,18,19,22,24,25,29,29,31,31],"damage_taken":[{"damage":0,"enemies":"Cultist","floor":1,"turns":1},{"damage":0,"enemies":"Jaw Worm","floor":2,"turns":1},{"damage":0,"enemies":"Small Slimes","floor":3,"turns":1},{"damage":0,"enemies":"Blue Slaver","floor":4,"turns":5},{"damage":6,"enemies":"Looter","floor":5,"turns":5},{"damage":7,"enemies":"Large Slime","floor":7,"turns":8},{"damage":14,"enemies":"3 Sentries","floor":11,"turns":11},{"damage":0,"enemies":"Exordium Wildlife","floor":14,"turns":5},{"damage":31,"enemies":"Hexaghost","floor":16,"turns":10},{"damage":0,"enemies":"3 Byrds","floor":18,"turns":3},{"damage":2,"enemies":"2 Thieves","floor":19,"turns":3},{"damage":6,"enemies":"Chosen and Byrds","floor":20,"turns":5},{"damage":21,"enemies":"Snake Plant","floor":22,"turns":3},{"damage":11,"enemies":"Book of Stabbing","floor":24,"turns":4},{"damage":0,"enemies":"Snecko","floor":25,"turns":4},{"damage":42,"enemies":"Slavers","floor":29,"turns":6},{"damage":12,"enemies":"3 Cultists","floor":31,"turns":2}],"seed_played":"-5588239698294327336","potions_obtained":[{"floor":1,"key":"Poison Potion"},{"floor":7,"key":"DistilledChaos"},{"floor":14,"key":"EntropicBrew"},{"floor":22,"key":"Regen Potion"},{"floor":29,"key":"FearPotion"}],"is_trial":false,"path_per_floor":["M","M","M","M","M","R","M","$","T","?","E","$","?","M","R","B",null,"M","M","M","?","M","R","E","M","T","?","$","E","$","M"],"character_chosen":"THE_SILENT","items_purchased":["Catalyst","Membership Card","Shuriken","Lantern"],"campfire_rested":1,"item_purchase_floors":[28,28,28,30],"current_hp_per_floor":[70,70,70,70,64,64,57,57,57,62,48,48,41,41,63,32,75,75,73,67,67,46,46,47,47,47,53,53,11,11,0,0],"gold":35,"neow_bonus":"THREE_ENEMY_KILL","is_daily":false,"chose_seed":false,"campfire_upgraded":2,"win_rate":0.0,"timestamp":1614067010,"path_taken":["M","M","M","?","M","R","M","$","T","?","E","$","?","M","R","BOSS","M","M","M","?","M","R","E","M","T","?","$","E","$","M"],"items_purchased_type":["Card","Relic","Relic","Relic"],"build_version":"2020-12-22","purchased_purges":1,"victory":false,"max_hp_per_floor":[70,70,70,70,70,70,70,70,70,75,75,75,75,75,75,75,75,75,75,75,75,75,75,75,75,75,81,81,81,81,81,81],"card_choices":[{"not_picked":["Heel Hook","Underhanded Strike"],"picked":"Tactician","floor":1},{"not_picked":["Choke","Calculated Gamble"],"picked":"Prepared","floor":2},{"not_picked":["Slice","Escape Plan"],"picked":"Tactician","floor":3},{"not_picked":["Prepared","Well Laid Plans"],"picked":"PiercingWail","floor":4},{"not_picked":["Doppelganger","Dodge and Roll"],"picked":"Poisoned Stab","floor":5},{"not_picked":["Quick Slash","Blur"],"picked":"Poisoned Stab","floor":7},{"not_picked":["Heel Hook","Deflect"],"picked":"Dagger Spray","floor":11},{"not_picked":["PiercingWail","Dagger Throw"],"picked":"Deadly Poison","floor":14},{"not_picked":["Unload","Adrenaline"],"picked":"Venomology","floor":16},{"not_picked":["Leg Sweep","Quick Slash"],"picked":"Bouncing Flask","floor":18},{"not_picked":["Bouncing Flask","Underhanded Strike"],"picked":"Reflex+1","floor":19},{"not_picked":["Dagger Spray","Acrobatics"],"picked":"Prepared+1","floor":20},{"not_picked":["PiercingWail","Riddle With Holes+1"],"picked":"Dodge and Roll+1","floor":22},{"not_picked":["PiercingWail","Riddle With Holes"],"picked":"Unload","floor":24},{"not_picked":["Dash","Calculated Gamble"],"picked":"Noxious Fumes+1","floor":25},{"not_picked":["Outmaneuver","Choke"],"picked":"Dagger Spray+1","floor":29}],"player_experience":83795,"relics_obtained":[{"floor":9,"key":"Ice Cream"},{"floor":11,"key":"Sundial"},{"floor":24,"key":"Darkstone Periapt"},{"floor":29,"key":"WingedGreaves"}],"event_choices":[{"damage_healed":0,"gold_gain":0,"player_choice":"Donut","damage_taken":0,"max_hp_gain":5,"max_hp_loss":0,"event_name":"Big Fish","floor":10,"gold_loss":0},{"cards_removed":["Defend_G"],"damage_healed":0,"gold_gain":0,"player_choice":"Card Removal","damage_taken":7,"max_hp_gain":0,"max_hp_loss":0,"event_name":"Golden Wing","floor":13,"gold_loss":0},{"damage_healed":0,"gold_gain":0,"player_choice":"Ignored","damage_taken":0,"max_hp_gain":0,"max_hp_loss":0,"event_name":"Beggar","floor":21,"gold_loss":0},{"damage_healed":0,"gold_gain":0,"player_choice":"Smashed Altar","damage_taken":0,"max_hp_gain":0,"max_hp_loss":0,"event_name":"Forgotten Altar","floor":27,"gold_loss":0,"cards_obtained":["Decay"]}],"is_beta":false,"boss_relics":[{"not_picked":["Philosopher\u0027s Stone","Ectoplasm"],"picked":"Astrolabe"}],"items_purged_floors":[28],"is_endless":false,"potions_floor_spawned":[1,7,14,20,22,29],"killed_by":"3 Cultists","ascension_level":0}}