{"host":"yaxsefyig1et0yi2","time":1614059657,"event":{"mods":["Aspiration","BaseMod","BetterRewards","Colored Powertips","Conspire","Displayed Cursed Tome","Downfall","Halation","Hubris","Infinite Spire","Jorbs\u0027s Wanderer Trilogy","Minty Spire (QoL Compilation)","Quick Restart","RatMod","Replay The Spire","Reworked Bosses","Spikes Relics","StSLib","The Jungle","The Marked"],"gold_per_floor":[10,24,34,54,69,103,118,118,118,29,48,48,128,36,36,36,36],"floor_reached":16,"language":"ENG","playtime":735,"items_purged":[],"score":104,"play_id":"807a1be3-b38f-47bf-a195-91fe26ec67d7","local_time":"20210223005417","is_ascension_mode":false,"campfire_choices":[{"data":"theMarked:Seal","floor":8,"key":"SMITH"},{"data":"hubris:DuctTapeCard","floor":12,"key":"SMITH"},{"data":"theMarked:Snap","floor":15,"key":"SMITH"}],"circlet_count":0,"master_deck":["theMarked:Strike","theMarked:Strike","theMarked:Strike","theMarked:Strike","theMarked:Strike","theMarked:Defend","theMarked:Defend","theMarked:Defend","theMarked:Defend","theMarked:SoldierOfQuellstein","theMarked:SwordAndMagic","theMarked:ResourceFulStrike","theMarked:SwordAndMagic","theMarked:Snap+1","theMarked:Seal+1","hubris:DuctTapeCard+2","Assess","theMarked:Memento","PlatinumSkin"],"relics":["theMarked:ArtifactOfAir","Turnip","infinitespire:ShieldingShard","hubris:DuctTape","hubris:MysteriousPyramids"],"acts_visited":["Exordium"],"potions_floor_usage":[16,16],"damage_taken":[{"damage":0,"enemies":"Cultist","floor":1,"turns":3},{"damage":8,"enemies":"Jaw Worm","floor":2,"turns":3},{"damage":0,"enemies":"Small Slimes","floor":3,"turns":2},{"damage":11,"enemies":"Exordium Thugs","floor":4,"turns":4},{"damage":2,"enemies":"2 Fungi Beasts","floor":5,"turns":3},{"damage":28,"enemies":"Gremlin Nob","floor":6,"turns":4},{"damage":7,"enemies":"Looter","floor":7,"turns":2},{"damage":7,"enemies":"Exordium Wildlife","floor":11,"turns":5},{"damage":24,"enemies":"Fading Forest","floor":16,"turns":11}],"seed_played":"-8981508747923998598","potions_obtained":[{"floor":2,"key":"Strength Potion"},{"floor":6,"key":"Reflective Coating"},{"floor":7,"key":"Fire Potion"}],"is_trial":false,"path_per_floor":["M","M","M","M","M","E","M","R","T","$","M","R","T","$","R","B"],"character_chosen":"THE_DEFAULT","items_purchased":["Assess","PlatinumSkin"],"campfire_rested":0,"item_purchase_floors":[10,14],"current_hp_per_floor":[72,64,64,53,51,23,16,16,16,16,9,9,9,9,9,0,0],"gold":36,"neow_bonus":"ONE_RARE_RELIC","is_daily":false,"chose_seed":false,"campfire_upgraded":3,"win_rate":0.0,"timestamp":1614059657,"path_taken":["M","M","M","M","M","E","M","R","T","$","M","R","?","?","R","BOSS"],"items_purchased_type":["Card","Card"],"build_version":"2020-12-22","purchased_purges":0,"victory":false,"max_hp_per_floor":[72,72,72,72,72,72,72,72,72,72,72,72,72,72,72,72,72],"card_choices":[{"not_picked":["theMarked:Frustration","theMarked:Seal"],"picked":"theMarked:BanishingStrike","floor":1},{"not_picked":["theMarked:WastefulAttack","theMarked:TakeCover"],"picked":"theMarked:SwordAndMagic","floor":2},{"not_picked":["theMarked:HeightenedSenses","theMarked:Parkour"],"picked":"theMarked:ResourceFulStrike","floor":3},{"not_picked":["theMarked:Electrify","theMarked:OneWithTheBlade"],"picked":"theMarked:SwordAndMagic","floor":4},{"not_picked":["theMarked:Parkour","theMarked:ResourceFulStrike"],"picked":"theMarked:Snap","floor":5},{"not_picked":["theMarked:EnhanceMovement","theMarked:RepellingDischarge"],"picked":"theMarked:ElectricStrings","floor":6},{"not_picked":["theMarked:TakeCover","theMarked:Electrify"],"picked":"theMarked:Seal","floor":7},{"not_picked":["theMarked:PowerFlow","theMarked:EternalStudent"],"picked":"theMarked:Memento","floor":11}],"player_experience":271434,"relics_obtained":[{"floor":6,"key":"infinitespire:ShieldingShard"},{"floor":9,"key":"hubris:DuctTape"},{"floor":13,"key":"hubris:MysteriousPyramids"}],"event_choices":[],"is_beta":false,"boss_relics":[],"items_purged_floors":[],"is_endless":false,"potions_floor_spawned":[2,6,7],"killed_by":"Fading Forest","ascension_level":0}}