{"host":"dyzdf8svqmiivg97","time":1614079311,"event":{"mods":["AchievementEnabler","BaseMod","Colored Map","DeckTracker","Minty Spire (QoL Compilation)","Quick Restart","Rare Cards Sparkle","SuperFastMode"],"gold_per_floor":[117,117,140,240,251,286,286,313,313,313,342,358,358,391,391,465,465,476,476,401,418,464,495,511,511,511,539,551,562,562,562,562],"floor_reached":31,"language":"KOR","playtime":651,"items_purged":["Strike_P"],"score":554,"play_id":"c89e8c18-ec54-4521-9e66-9ad7997e5da0","local_time":"20210223202151","is_ascension_mode":true,"campfire_choices":[{"data":"ForeignInfluence","floor":7,"key":"SMITH"},{"data":"WheelKick","floor":10,"key":"SMITH"},{"data":"DeusExMachina","floor":13,"key":"SMITH"},{"data":"FearNoEvil","floor":15,"key":"SMITH"},{"floor":25,"key":"REST"},{"floor":30,"key":"REST"}],"circlet_count":0,"master_deck":["AscendersBane","Strike_P","Strike_P","Strike_P","Defend_P","Defend_P","Defend_P","Defend_P","Eruption+1","Vigilance","WheelKick+1","ForeignInfluence+1","FearNoEvil+1","DeusExMachina+1","CrushJoints+1","Halt"],"relics":["PureWater","NeowsBlessing","Orichalcum","Sundial","TeardropLocket","Shuriken","Omamori","CaptainsWheel","Sozu","Red Mask","Boot","Mercury Hourglass","Bird Faced Urn"],"acts_visited":["Exordium","TheCity"],"potions_floor_usage":[8,11],"damage_taken":[{"damage":0,"enemies":"Small Slimes","floor":1,"turns":1},{"damage":0,"enemies":"Jaw Worm","floor":5,"turns":1},{"damage":0,"enemies":"3 Sentries","floor":6,"turns":1},{"damage":23,"enemies":"Lagavulin","floor":8,"turns":4},{"damage":7,"enemies":"3 Sentries","floor":11,"turns":4},{"damage":0,"enemies":"2 Louse","floor":12,"turns":2},{"damage":12,"enemies":"Lagavulin","floor":14,"turns":4},{"damage":23,"enemies":"Hexaghost","floor":16,"turns":8},{"damage":4,"enemies":"Shell Parasite","floor":18,"turns":2},{"damage":7,"enemies":"3 Byrds","floor":21,"turns":4},{"damage":23,"enemies":"Masked Bandits","floor":22,"turns":3},{"damage":25,"enemies":"Gremlin Leader","floor":23,"turns":4},{"damage":0,"enemies":"3 Cultists","floor":24,"turns":4},{"damage":34,"enemies":"Book of Stabbing","floor":27,"turns":5},{"damage":0,"enemies":"Snecko","floor":28,"turns":2},{"damage":2,"enemies":"Cultist and Chosen","floor":29,"turns":3},{"damage":26,"enemies":"Centurion and Healer","floor":31,"turns":2}],"seed_played":"-3400182045196708987","potions_obtained":[{"floor":1,"key":"SkillPotion"},{"floor":6,"key":"Regen Potion"},{"floor":16,"key":"FairyPotion"}],"is_trial":false,"path_per_floor":["M","?","T","?","M","E","R","E","T","R","E","M","R","E","R","B",null,"M","?","$","M","?","E","M","R","T","E","M","M","R","M"],"character_chosen":"WATCHER","items_purchased":[],"campfire_rested":2,"item_purchase_floors":[],"current_hp_per_floor":[61,61,61,61,61,61,61,38,38,38,43,43,43,31,31,8,53,49,49,49,42,19,20,20,40,40,6,6,4,24,0,0],"gold":562,"neow_bonus":"THREE_ENEMY_KILL","is_daily":false,"chose_seed":false,"campfire_upgraded":4,"win_rate":0.0,"timestamp":1614079311,"path_taken":["M","?","?","?","?","E","R","E","T","R","E","M","R","E","R","BOSS","M","?","$","?","?","E","M","R","T","E","M","M","R","M"],"items_purchased_type":[],"build_version":"2020-12-22","purchased_purges":1,"victory":false,"max_hp_per_floor":[68,68,68,68,68,68,68,68,68,68,68,68,68,68,68,68,68,68,68,68,68,68,68,68,68,68,68,68,68,68,68,68],"card_choices":[{"not_picked":["Study","ThirdEye"],"picked":"WheelKick","floor":1},{"not_picked":["PathToVictory","FollowUp"],"picked":"ForeignInfluence","floor":5},{"not_picked":["Consecrate","Halt","MasterReality"],"picked":"SKIP","floor":6},{"not_picked":["EmptyFist","Prostrate"],"picked":"FearNoEvil","floor":8},{"not_picked":["ForeignInfluence","Sanctity"],"picked":"DeusExMachina","floor":11},{"not_picked":["Meditate","CutThroughFate","FearNoEvil"],"picked":"SKIP","floor":12},{"not_picked":["BowlingBash","Sanctity","SandsOfTime"],"picked":"SKIP","floor":14},{"not_picked":["Evaluate","DeceiveReality","SandsOfTime"],"picked":"SKIP","floor":18},{"not_picked":["Consecrate","CutThroughFate","Perseverance"],"picked":"SKIP","floor":21},{"not_picked":["BowlingBash","FlurryOfBlows","LikeWater"],"picked":"SKIP","floor":23},{"not_picked":["Meditate+1","Study","Blasphemy"],"picked":"SKIP","floor":24},{"not_picked":["Protect","FearNoEvil"],"picked":"CrushJoints+1","floor":27},{"not_picked":["SignatureMove","EmptyBody"],"picked":"Halt","floor":28},{"not_picked":["CarveReality","ThirdEye","Fasting2"],"picked":"SKIP","floor":29}],"player_experience":600623,"relics_obtained":[{"floor":3,"key":"Orichalcum"},{"floor":6,"key":"Sundial"},{"floor":8,"key":"TeardropLocket"},{"floor":9,"key":"Shuriken"},{"floor":11,"key":"Omamori"},{"floor":14,"key":"CaptainsWheel"},{"floor":22,"key":"Red Mask"},{"floor":23,"key":"Boot"},{"floor":26,"key":"Mercury Hourglass"},{"floor":27,"key":"Bird Faced Urn"}],"event_choices":[{"damage_healed":0,"gold_gain":0,"player_choice":"Grow","damage_taken":0,"max_hp_gain":0,"max_hp_loss":0,"event_name":"Living Wall","floor":2,"gold_loss":0,"cards_upgraded":["Eruption"]},{"damage_healed":0,"gold_gain":100,"player_choice":"Pray","damage_taken":0,"max_hp_gain":0,"max_hp_loss":0,"event_name":"Golden Shrine","floor":4,"gold_loss":0},{"damage_healed":0,"gold_gain":0,"player_choice":"Got Potions","damage_taken":0,"max_hp_gain":0,"max_hp_loss":0,"event_name":"Lab","floor":19,"gold_loss":0},{"damage_healed":0,"gold_gain":0,"player_choice":"Fought Bandits","damage_taken":0,"max_hp_gain":0,"max_hp_loss":0,"event_name":"Masked Bandits","floor":22,"gold_loss":0}],"is_beta":false,"boss_relics":[{"not_picked":["Velvet Choker","Black Star"],"picked":"Sozu"}],"items_purged_floors":[20],"is_endless":false,"potions_floor_spawned":[1,6,16,21,22,23,29],"killed_by":"Centurion and Healer","ascension_level":14}}