{"host":"iptbjd7kkdc69fbc","time":1614124383,"event":{"mods":["BaseMod","Colored Map","Colored Powertips","Highlight Path","Minty Spire (QoL Compilation)","StSLib"],"gold_per_floor":[109,122,122,148,110,150,179,220,232,277,314,326,438,465,477,489,489],"floor_reached":16,"language":"ENG","playtime":1538,"items_purged":[],"score":138,"play_id":"77c16b34-e8c1-41fe-9faa-32682e83f2aa","local_time":"20210224005303","is_ascension_mode":true,"campfire_choices":[{"data":"Uppercut","floor":12,"key":"SMITH"},{"data":"Twin Strike","floor":15,"key":"SMITH"}],"circlet_count":0,"master_deck":["Strike_R","Strike_R","Strike_R","Strike_R","Strike_R","Defend_R","Defend_R","Defend_R","Defend_R","Bash","Violence","Uppercut+1","Hemokinesis","Bloodletting","Twin Strike+1","Brutality","Pummel","Iron Wave"],"relics":["Burning Blood","MawBank","Orichalcum","White Beast Statue","Gambling Chip","Centennial Puzzle"],"acts_visited":["Exordium"],"potions_floor_usage":[6,8,16,16,16],"damage_taken":[{"damage":3,"enemies":"2 Louse","floor":1,"turns":4},{"damage":2,"enemies":"Small Slimes","floor":2,"turns":4},{"damage":12,"enemies":"Jaw Worm","floor":4,"turns":3},{"damage":4,"enemies":"Gremlin Nob","floor":6,"turns":3},{"damage":17,"enemies":"Large Slime","floor":7,"turns":5},{"damage":39,"enemies":"Lagavulin","floor":8,"turns":8},{"damage":19,"enemies":"3 Sentries","floor":10,"turns":6},{"damage":6,"enemies":"Gremlin Gang","floor":14,"turns":5},{"damage":26,"enemies":"Slime Boss","floor":16,"turns":6}],"seed_played":"-2670020832930341048","potions_obtained":[{"floor":2,"key":"LiquidMemories"},{"floor":4,"key":"Regen Potion"},{"floor":6,"key":"SteroidPotion"},{"floor":8,"key":"Block Potion"},{"floor":10,"key":"GamblersBrew"},{"floor":14,"key":"Block Potion"}],"is_trial":false,"path_per_floor":["M","M","?","M","?","E","M","E","T","E","T","R","?","M","R","B"],"character_chosen":"IRONCLAD","items_purchased":[],"campfire_rested":0,"item_purchase_floors":[],"current_hp_per_floor":[72,72,72,66,66,68,57,39,39,26,26,26,26,26,26,0,0],"gold":489,"neow_bonus":"RANDOM_COLORLESS_2","is_daily":false,"chose_seed":false,"campfire_upgraded":2,"win_rate":0.0,"timestamp":1614124383,"path_taken":["M","M","?","M","?","E","M","E","T","E","?","R","?","M","R","BOSS"],"items_purchased_type":[],"build_version":"2020-12-22","purchased_purges":0,"victory":false,"max_hp_per_floor":[72,72,72,72,72,72,72,72,72,72,72,72,72,72,72,72,72],"card_choices":[{"not_picked":["Thinking Ahead","Apotheosis"],"picked":"Violence","floor":0},{"not_picked":["Cleave","Clothesline"],"picked":"Uppercut","floor":1},{"not_picked":["Heavy Blade","Rupture"],"picked":"Hemokinesis","floor":2},{"not_picked":["Wild Strike","Thunderclap","Second Wind"],"picked":"SKIP","floor":4},{"not_picked":["Anger","Dual Wield"],"picked":"Bloodletting","floor":6},{"not_picked":["Armaments","Thunderclap"],"picked":"Twin Strike","floor":7},{"not_picked":["Shockwave","Shrug It Off"],"picked":"Brutality","floor":8},{"not_picked":["True Grit","Warcry"],"picked":"Pummel","floor":10},{"not_picked":["Thunderclap","Heavy Blade"],"picked":"Iron Wave","floor":14}],"player_experience":251633,"relics_obtained":[{"floor":6,"key":"Orichalcum"},{"floor":8,"key":"White Beast Statue"},{"floor":10,"key":"Gambling Chip"},{"floor":11,"key":"Centennial Puzzle"}],"event_choices":[{"damage_healed":0,"gold_gain":0,"player_choice":"Box","damage_taken":0,"relics_obtained":["MawBank"],"max_hp_gain":0,"max_hp_loss":0,"event_name":"Big Fish","floor":3,"gold_loss":0,"cards_obtained":["Regret"]},{"cards_removed":["Regret"],"damage_healed":0,"gold_gain":0,"player_choice":"Card Removal","damage_taken":0,"max_hp_gain":0,"max_hp_loss":0,"event_name":"The Cleric","floor":5,"gold_loss":50},{"damage_healed":0,"gold_gain":100,"player_choice":"Gold","damage_taken":0,"max_hp_gain":0,"max_hp_loss":0,"event_name":"Wheel of Change","floor":13,"gold_loss":0}],"is_beta":false,"boss_relics":[],"items_purged_floors":[],"is_endless":false,"potions_floor_spawned":[2,4,6,8,10,14],"killed_by":"Slime Boss","ascension_level":3}}