{"host":"flm17o2q7bfjyna6","time":1614092481,"event":{"mods":["2.2 Compatiblity","Act Like it!","BaseMod","Better Altar","Better Match","Better Note","Better Sensory Stone","Better Skull","Better Third Choice","Better Vampires","Colored Map","Colored Powertips","DeckTracker","Downfall","Fox Events","Minty Spire (QoL Compilation)","Quick Restart","Replay The Spire","Reworked Bosses","Spicy Shops","StSLib","TheSwordswoman","Wandering Minibosses"],"gold_per_floor":[99,99,99,99,159,185,185,185,9,9,68,97,97,131,157,267,267,267,313,313,350,373,460,460,460,39,79,1,22,31,31,51,157,157,157,182,198,198,216,136,187,187,205,219,253,273,173,21,41,41],"floor_reached":51,"language":"ENG","playtime":2925,"items_purged":["champ:Strike","champ:Strike","champ:Defend","Writhe"],"score":983,"play_id":"93217631-6041-4a79-afd6-40d239b9bc28","local_time":"20210223100121","is_ascension_mode":true,"campfire_choices":[{"data":"champ:Taunt","floor":1.0,"key":"SMITH"},{"floor":10.0,"key":"REST"},{"floor":13.0,"key":"REST"},{"data":"champ:Circumvent","floor":18,"key":"SMITH"},{"data":"champ:Improvising","floor":35,"key":"SMITH"},{"floor":47,"key":"REST"}],"circlet_count":0,"master_deck":["champ:Strike","champ:Strike","champ:Defend","champ:Defend","champ:Defend","champ:Execute","champ:Taunt+1","champ:DefensiveStyle","champ:Circumvent+1","champ:SwordSigil+1","champ:FlashCut","champ:BringItOn+1","champ:ShieldWall","champ:RisingSlash+1","champ:TornadoPunch+1","champ:FlashCut+1","champ:FlashCut+1","champ:EnGarde","champ:Improvising+1","champ:RageSigil","champ:Backstep+1","champ:ShieldSlam+1","ReplayTheSpireMod:Splinters","champ:PreemptiveStrike+1","champ:DefensiveStyle+1","champ:ShieldWall+1","Panacea+1","expansioncontent:DashGenerateEvil+1","champ:SwordSigil+1","champ:DefensiveShout+1","expansioncontent:AwakenDeath","champ:StanceDance+1","champ:ShieldThrow+1","champ:MurderStrike+1","champ:RisingSlash+1","Deep Breath+1","ReplayUltimateDefense+1","champ:Circumvent+1","champ:ShieldSigil+1","Blind+1","expansioncontent:StudyTheSpire+1","CurseOfTheBell","CurseOfTheBell","champ:CheapShot+1","champ:FocusedDefense+1","champ:Parry+1"],"relics":["champ:ChampionCrown","downfall:HeartsMalice","Bottled Lightning","Question Card","Molten Egg 2","CeramicFish","Membership Card","Blue Doll","bronze:MakeshiftBattery","Red Mask","Ornamental Fan","Toxic Egg 2","ReplayTheSpireMod:Ninjato","Sling","HornCleat","Replay:Accelerometer","Sundial","Runic Pyramid","War Paint","HandDrill","Bag of Preparation","Centennial Puzzle","downfall:ExtraCursedBell","Vajra","Mummified Hand","StoneCalendar","CaptainsWheel","downfall:HeartBlessingBlue","Guide Book"],"acts_visited":["Exordium","TheCity","TheBeyond"],"potions_floor_usage":[16,19,26,27,33],"damage_taken":[{"damage":0.0,"enemies":"2 Louse","floor":2.0,"turns":1.0},{"damage":0.0,"enemies":"Cultist","floor":3.0,"turns":1.0},{"damage":0.0,"enemies":"Jaw Worm","floor":4.0,"turns":1.0},{"damage":79.0,"enemies":"Lagavulin Event","floor":5.0,"turns":8.0},{"damage":49.0,"enemies":"3 Sentries","floor":6.0,"turns":9.0},{"damage":11.0,"enemies":"downfall:FleeingMerchant","floor":9.0,"turns":4.0},{"damage":29.0,"enemies":"Exordium Wildlife","floor":11.0,"turns":6.0},{"damage":0.0,"enemies":"2 Fungi Beasts","floor":12.0,"turns":3.0},{"damage":0.0,"enemies":"Lagavulin","floor":14.0,"turns":5.0},{"damage":0.0,"enemies":"Large Slime","floor":15.0,"turns":4.0},{"damage":32,"enemies":"WA_ARCHETYPE_RETAIN","floor":16,"turns":9},{"damage":23,"enemies":"3 Byrds","floor":19,"turns":4},{"damage":35,"enemies":"Masked Bandits","floor":21,"turns":5},{"damage":0,"enemies":"Spheric Guardian","floor":22,"turns":2},{"damage":13,"enemies":"downfall:FleeingMerchant","floor":26,"turns":4},{"damage":1,"enemies":"Gremlin Leader","floor":27,"turns":5},{"damage":10,"enemies":"downfall:FleeingMerchant","floor":28,"turns":4},{"damage":3,"enemies":"Snecko","floor":29,"turns":4},{"damage":3,"enemies":"Chosen and Byrds","floor":32,"turns":6},{"damage":15,"enemies":"DF_ARCHETYPE_CLAW","floor":33,"turns":7},{"damage":18,"enemies":"3 Darklings","floor":36,"turns":3},{"damage":0,"enemies":"3 Shapes","floor":37,"turns":3},{"damage":0,"enemies":"downfall:FleeingMerchant","floor":40,"turns":2},{"damage":0,"enemies":"3 Darklings","floor":44,"turns":2},{"damage":6,"enemies":"Nemesis","floor":45,"turns":5},{"damage":20,"enemies":"4 Shapes","floor":46,"turns":2},{"damage":0,"enemies":"Writhing Mass","floor":49,"turns":2},{"damage":25,"enemies":"SI_POISON_ARCHETYPE","floor":50,"turns":9}],"seed_played":"-674065445568264628","potions_obtained":[{"floor":5.0,"key":"ColorlessPotion"},{"floor":6.0,"key":"PowerPotion"},{"floor":11.0,"key":"Explosive Potion"},{"floor":12.0,"key":"Doom Potion"},{"floor":16,"key":"champ:CounterPotion"},{"floor":22,"key":"EssenceOfSteel"},{"floor":25,"key":"foxEvents:VialedCaress"},{"floor":27,"key":"sneckomod:MuddlingPotion"},{"floor":36,"key":"AttackPotion"},{"floor":45,"key":"GamblersBrew"}],"is_trial":false,"path_per_floor":["R","M","M","M","?","E","T","?","$","R","M","M","R","E","M","B",null,"R","M","?","?","M","?","T","?","$","E","$","M","?","?","M","B",null,"R","M","M","?","?","$","T","?","?","M","E","M","R","$","M","B",null],"character_chosen":"THE_CHAMP","items_purchased":["Membership Card","champ:RisingSlash+1","ReplayTheSpireMod:Ninjato","Sling","HornCleat","Panacea+1","expansioncontent:DashGenerateEvil","expansioncontent:AwakenDeath","Regen Potion","War Paint","champ:ShieldSigil+1","Blind+1","HandDrill","Bag of Preparation","expansioncontent:StudyTheSpire","Guide Book"],"campfire_rested":3,"item_purchase_floors":[9,9,26,26,26,26,26,28,28,40,40,40,40,40,40,48],"current_hp_per_floor":[90,90,90,90,41,12,12,12,12,39,20,20,47,47,47,15,90,90,67,67,32,32,32,32,32,29,28,28,25,25,25,22,22,76,76,58,58,58,58,58,58,58,58,58,62,42,77,77,77,62],"gold":41,"neow_bonus":"THREE_ENEMY_KILL","is_daily":false,"chose_seed":false,"campfire_upgraded":3,"win_rate":0.0,"timestamp":1614092481,"path_taken":["R","M","M","M","?","E","T","?","$","R","?","M","R","E","M","BOSS","R","M","?","?","M","?","T","?","$","E","?","?","?","?","M","BOSS","R","M","M","?","?","$","T","?","?","?","E","M","R","$","M","BOSS"],"items_purchased_type":["Relic","Card","Relic","Relic","Relic","Card","Card","Card","Potion","Relic","Card","Card","Relic","Relic","Card","Relic"],"build_version":"2020-12-22","purchased_purges":4,"victory":true,"max_hp_per_floor":[90,90,90,90,90,90,90,90,90,90,90,90,90,90,90,90,90,90,90,90,90,90,90,90,76,76,76,76,76,76,76,76,76,76,76,76,76,76,76,76,76,76,76,76,76,76,86,86,86,86],"card_choices":[{"not_picked":["champ:Circumvent","champ:EndlessRage"],"picked":"champ:DefensiveStyle","floor":2.0},{"not_picked":["champ:BladeFlurry","champ:PerfectedStrike"],"picked":"champ:Circumvent","floor":3.0},{"not_picked":["champ:EnGarde","champ:IronFortress"],"picked":"champ:SwordSigil","floor":4.0},{"not_picked":["champ:StanceDance","champ:Encircle"],"picked":"champ:FlashCut","floor":5.0},{"not_picked":["champ:CrownThrow","champ:Backstep"],"picked":"champ:BringItOn","floor":6.0},{"not_picked":["champ:PreemptiveStrike+1","champ:ArenaPreparation","champ:FalseCounter"],"picked":"champ:ShieldWall","floor":9.0},{"not_picked":["champ:GutPunch+1","champ:Encircle+1","champ:SwordSigil"],"picked":"champ:TornadoPunch+1","floor":11.0},{"not_picked":["champ:LastStand","champ:DefensiveShout","champ:Encircle+1"],"picked":"champ:FlashCut+1","floor":12.0},{"not_picked":["champ:Haymaker+1","champ:FocusedBerserking","champ:IgnorePain"],"picked":"champ:FlashCut+1","floor":14.0},{"not_picked":["champ:FanOfKnives+1","champ:DefensiveStyle","champ:Shatter+1"],"picked":"champ:EnGarde","floor":15.0},{"not_picked":["champ:SwordThrow+1","champ:DancingMaster","champ:EnchantSword"],"picked":"champ:Improvising","floor":16},{"not_picked":["champ:TornadoPunch+1","champ:BringItOn","champ:Circumvent"],"picked":"champ:RageSigil","floor":19},{"not_picked":["champ:GutPunch+1","champ:DefensiveShout","champ:EndlessRage"],"picked":"champ:Backstep+1","floor":21},{"not_picked":["champ:BerserkerStyle","champ:Circumvent","champ:CrownThrow+1"],"picked":"champ:ShieldSlam+1","floor":22},{"not_picked":["champ:DefensiveShout+1","champ:Endure","champ:StanceDance+1"],"picked":"champ:PreemptiveStrike+1","floor":23},{"not_picked":["champ:Haymaker+1","champ:FanOfKnives+1","champ:SetATrap"],"picked":"champ:DefensiveStyle+1","floor":23},{"not_picked":["champ:Endure+1","champ:ArenaPreparation+1","champ:GutPunch+1"],"picked":"champ:ShieldWall+1","floor":26},{"not_picked":["champ:TornadoPunch+1","champ:EnragedBash+1","champ:FocusedDefense+1"],"picked":"champ:SwordSigil+1","floor":27},{"not_picked":["champ:IronFortress","champ:SwordThrow+1","champ:HeartStrike+1"],"picked":"champ:DefensiveShout+1","floor":28},{"not_picked":["champ:RecklessLeap+1","champ:Haymaker+1","champ:DefensiveStyle+1"],"picked":"champ:StanceDance+1","floor":29},{"not_picked":["champ:FocusedBerserking+1","champ:CalledShot+1","champ:ShieldSigil+1"],"picked":"champ:ShieldThrow+1","floor":32},{"not_picked":["champ:EnchantSword+1","champ:VampiricStrike+1","champ:LastStand"],"picked":"champ:MurderStrike+1","floor":33},{"not_picked":["champ:Duel+1","champ:ArenaPreparation+1","champ:BladeFlurry+1"],"picked":"champ:RisingSlash+1","floor":36},{"not_picked":["champ:CrookedStrike+1","champ:BerserkerStyle","champ:Encircle+1","champ:Shatter+1"],"picked":"SKIP","floor":37},{"not_picked":["Discovery+1","Impatience+1","Dark Shackles+1"],"picked":"Deep Breath+1","floor":39},{"not_picked":["Midas Touch+1","Replay:Sssssssssstrike+1","ReplayTheSpireMod:Trickstab+1"],"picked":"ReplayUltimateDefense","floor":39},{"not_picked":["champ:FancyFootwork+1","champ:Shatter+1","champ:TornadoPunch+1"],"picked":"champ:Circumvent+1","floor":40},{"not_picked":["champ:CrookedStrike+1","champ:RisingSlash+1","champ:PerfectedStrike+1","champ:ShieldWall"],"picked":"SKIP","floor":44},{"not_picked":["champ:TornadoPunch+1","champ:FocusedBerserking+1","champ:Circumvent+1"],"picked":"champ:CheapShot+1","floor":45},{"not_picked":["champ:ShieldSigil+1","champ:FlashCut+1","champ:DefensiveShout+1"],"picked":"champ:FocusedDefense+1","floor":46},{"not_picked":["champ:LastStand","champ:TornadoPunch+1","champ:SkillfulDodge+1"],"picked":"champ:Parry+1","floor":49}],"player_experience":1987565,"relics_obtained":[{"floor":5.0,"key":"Bottled Lightning"},{"floor":6.0,"key":"Question Card"},{"floor":7.0,"key":"Molten Egg 2"},{"floor":8.0,"key":"CeramicFish"},{"floor":14.0,"key":"Blue Doll"},{"floor":21,"key":"Red Mask"},{"floor":23,"key":"Ornamental Fan"},{"floor":24,"key":"Toxic Egg 2"},{"floor":27,"key":"Replay:Accelerometer"},{"floor":41,"key":"Centennial Puzzle"},{"floor":43,"key":"Vajra"},{"floor":43,"key":"Mummified Hand"},{"floor":43,"key":"StoneCalendar"},{"floor":45,"key":"CaptainsWheel"}],"event_choices":[{"damage_healed":0.0,"max_hp_gain":0.0,"max_hp_loss":0.0,"gold_gain":0.0,"event_name":"Wheel of Change","player_choice":"Relic","floor":8.0,"gold_loss":0.0,"damage_taken":0.0},{"cards_removed":["champ:Strike"],"damage_healed":0,"gold_gain":0,"player_choice":"Give","damage_taken":0,"max_hp_gain":0,"max_hp_loss":0,"event_name":"betterNote:BetterNote","floor":20,"gold_loss":0,"cards_obtained":["bronze:Strike"]},{"damage_healed":0,"gold_gain":0,"player_choice":"Fought Bandits","damage_taken":0,"max_hp_gain":0,"max_hp_loss":0,"event_name":"Masked Bandits","floor":21,"gold_loss":0},{"damage_healed":0,"gold_gain":0,"player_choice":"Ignored","damage_taken":0,"max_hp_gain":0,"max_hp_loss":0,"event_name":"Vampires","floor":31,"gold_loss":0},{"damage_healed":0,"gold_gain":3,"player_choice":"1","damage_taken":0,"max_hp_gain":0,"max_hp_loss":0,"event_name":"betterStone:BetterStone","floor":39,"gold_loss":0}],"is_beta":false,"boss_relics":[{"not_picked":["SlaversCollar","Empty Cage"],"picked":"bronze:MakeshiftBattery"},{"not_picked":["Fusion Hammer","ChewingGum"],"picked":"Runic Pyramid"}],"items_purged_floors":[26,40,40,48],"is_endless":false,"potions_floor_spawned":[5,6,11,12,16,22,27,32,36,45],"ascension_level":3}}