{"host":"e4wnmsyty9uvvtwf","time":1614075998,"event":{"mods":["BaseMod","Colored Map","Colored Powertips","Hermit","Minty Spire (QoL Compilation)","StSLib"],"gold_per_floor":[113,113,133,146,146,146,157,186,210,221,221,234,234,251,251,258,258],"floor_reached":16,"language":"ZHS","playtime":598,"items_purged":[],"score":104,"play_id":"49c0583f-b41f-44eb-b8e0-f61633f84f7a","local_time":"20210223182638","is_ascension_mode":false,"campfire_choices":[{"data":"hermit:Enervate","floor":6,"key":"SMITH"},{"data":"hermit:Scavenge","floor":11,"key":"SMITH"},{"data":"hermit:Dive","floor":13,"key":"SMITH"},{"data":"hermit:Shortfuse","floor":15,"key":"SMITH"}],"circlet_count":0,"master_deck":["hermit:Strike_Hermit+1","hermit:Strike_Hermit","hermit:Strike_Hermit","hermit:Strike_Hermit","hermit:Defend_Hermit","hermit:Defend_Hermit","hermit:Defend_Hermit","hermit:Defend_Hermit+1","hermit:Snapshot","hermit:Covet","hermit:Enervate+1","hermit:Midnight","hermit:Dive+1","hermit:ShadowCloak","hermit:TrackingShot","hermit:Scavenge+1","hermit:Shortfuse+1"],"relics":["hermit:Momento","Vajra","Happy Flower","Tiny Chest"],"acts_visited":["Exordium"],"potions_floor_usage":[8,16],"damage_taken":[{"damage":0,"enemies":"Small Slimes","floor":1,"turns":3},{"damage":0,"enemies":"2 Louse","floor":3,"turns":3},{"damage":0,"enemies":"Cultist","floor":4,"turns":3},{"damage":7,"enemies":"Blue Slaver","floor":7,"turns":3},{"damage":24,"enemies":"Gremlin Nob","floor":8,"turns":4},{"damage":1,"enemies":"Large Slime","floor":10,"turns":5},{"damage":0,"enemies":"Exordium Wildlife","floor":12,"turns":3},{"damage":0,"enemies":"Blue Slaver","floor":14,"turns":4},{"damage":34,"enemies":"The Guardian","floor":16,"turns":9}],"seed_played":"-6758959037035091806","potions_obtained":[{"floor":1,"key":"LiquidMemories"},{"floor":7,"key":"SneckoOil"},{"floor":8,"key":"SkillPotion"},{"floor":10,"key":"SpeedPotion"}],"is_trial":false,"path_per_floor":["M","?","M","M","?","R","M","E","T","M","R","M","R","M","R","B"],"character_chosen":"HERMIT","items_purchased":[],"campfire_rested":0,"item_purchase_floors":[],"current_hp_per_floor":[82,66,66,66,66,66,59,35,35,34,34,34,34,34,34,0,0],"gold":258,"neow_bonus":"TEN_PERCENT_HP_BONUS","is_daily":false,"chose_seed":false,"campfire_upgraded":4,"win_rate":0.0,"timestamp":1614075998,"path_taken":["M","?","M","M","?","R","M","E","T","M","R","M","R","?","R","BOSS"],"items_purchased_type":[],"build_version":"2020-12-22","purchased_purges":0,"victory":false,"max_hp_per_floor":[82,82,82,82,82,82,82,82,82,82,82,82,82,82,82,82,82],"card_choices":[{"not_picked":["hermit:LowProfile","hermit:Feint"],"picked":"hermit:Enervate","floor":1},{"not_picked":["hermit:Coalescence","hermit:SprayPray"],"picked":"hermit:Midnight","floor":3},{"not_picked":["hermit:Horror","hermit:BodyArmor"],"picked":"hermit:Dive","floor":4},{"not_picked":["hermit:CursedWeapon","hermit:Roulette"],"picked":"hermit:ShadowCloak","floor":7},{"not_picked":["hermit:Vantage","hermit:ShadowCloak"],"picked":"hermit:TrackingShot","floor":8},{"not_picked":["hermit:Deadeye","hermit:ItchyTrigger"],"picked":"hermit:Scavenge","floor":10},{"not_picked":["hermit:Virtue","hermit:Quickdraw"],"picked":"hermit:Shortfuse","floor":12},{"not_picked":["hermit:ItchyTrigger","hermit:TrackingShot","hermit:Ricochet"],"picked":"SKIP","floor":14}],"player_experience":523640,"relics_obtained":[{"floor":8,"key":"Happy Flower"},{"floor":9,"key":"Tiny Chest"}],"event_choices":[{"damage_healed":0,"gold_gain":0,"player_choice":"Entered Light","damage_taken":16,"max_hp_gain":0,"max_hp_loss":0,"event_name":"Shining Light","floor":2,"gold_loss":0,"cards_upgraded":["hermit:Strike_Hermit","hermit:Defend_Hermit"]},{"damage_healed":0,"gold_gain":0,"player_choice":"Gave Potion","damage_taken":0,"relics_obtained":["Vajra"],"max_hp_gain":0,"max_hp_loss":0,"event_name":"WeMeetAgain","floor":5,"gold_loss":0}],"is_beta":false,"boss_relics":[],"items_purged_floors":[],"is_endless":false,"potions_floor_spawned":[1,7,8,10],"killed_by":"The Guardian","ascension_level":0}}