{"host":"7fyy23rucerupe6i","time":1614061259,"event":{"mods":["AchievementEnabler","Act Like it!","Aspiration","BaseMod","Better Note","BetterRewards","Colored Map","Colored Powertips","Conspire","Curses Come First","Custom Start","Downfall","Googly Eyes","Marisa£®ÏF”Í°°ƒß¿Ì…≥£©","Minty Spire (QoL Compilation)","Quick Restart","Relic Stats","Shop Mod","ShortenTheSpire","Spicy Shops","StSLib","SuperFastMode","The Blackbeard","The Construct","The Cursed","The Senshi","The Servant 0.9.4"],"gold_per_floor":[112,131,144,180,195,226,226,281,281,281,356,431,431,447,447,595,595,614,709,764,252,272,330,397,430,430,469,482,541,541,541,541,681,681,726,762,776,776,195,239,239,273,273,273,273,317,361,376,376,402],"floor_reached":51,"language":"ZHS","playtime":1584,"items_purged":["Strike_MRS","Defend_MRS","Defend_MRS","Regret","Strike_MRS"],"score":1918,"play_id":"0c791c09-c918-43ce-a711-7efdea0a30ad","local_time":"20210223142059","is_ascension_mode":true,"campfire_choices":[{"data":"MilkyWay","floor":7,"key":"SMITH"},{"data":"UnstableBomb","floor":15,"key":"SMITH"},{"data":"CollectingQuirk","floor":30,"key":"SMITH"},{"data":"BlazeAway","floor":32,"key":"SMITH"},{"data":"MilkyWay","floor":41,"key":"SMITH"},{"data":"MachineGunSpark","floor":44,"key":"SMITH"},{"data":"PowerUp","floor":49,"key":"SMITH"}],"circlet_count":0,"master_deck":["AscendersBane","Strike_MRS","Defend_MRS","MasterSpark","UpSweep","PowerUp+1","UnstableBomb+1","OneTimeOff","EventHorizon","OortCloud","BlazeAway+1","MilkyWay+1","Parasite","Parasite","Robbery","ShootTheMoon","CollectingQuirk+1","MilkyWay+1","DeepEcoloBomb+1","6A","PowerUp+1","6A+1","CasketOfStar","PowerUp+1","MachineGunSpark+1"],"relics":["MiniHakkero","Cauldron","FossilizedHelix","White Beast Statue","ClockworkSouvenir","MerchantsRug","hexamod:BolsterEngine","Guardian:PocketSentry","Shuriken","theSenshi:SailorFukuRelic","Juzu Bracelet","ShroomBag","Oddly Smooth Stone","Golden Idol","Coffee Dripper","Red Mask","PreservedInsect","Omamori","HandmadeGrimoire","StrikeDummy","aspiration:PocketMushroom","Boot","sneckomod:BlankCard","aspiration:RitualStick","Black Star","bronze:DecasWashers","conspire:DecoderRing","Toxic Egg 2","conspire:InfiniteJournal","Slimebound:PreparedRelic","aspiration:FetidBarrel","Blood Vial","Smiling Mask","aspiration:StickyExplosives_weak"],"acts_visited":["Exordium","TheCity","TheBeyond"],"potions_floor_usage":[5,6,16,19,46],"damage_taken":[{"damage":0,"enemies":"Small Slimes","floor":1,"turns":2},{"damage":0,"enemies":"Jaw Worm","floor":2,"turns":2},{"damage":0,"enemies":"Cultist","floor":3,"turns":2},{"damage":0,"enemies":"conspire:MimicChest","floor":4,"turns":3},{"damage":0,"enemies":"Looter","floor":5,"turns":3},{"damage":3,"enemies":"3 Sentries","floor":6,"turns":5},{"damage":0,"enemies":"Gremlin Nob","floor":8,"turns":3},{"damage":10,"enemies":"Lagavulin","floor":11,"turns":5},{"damage":2,"enemies":"Exordium Thugs","floor":14,"turns":4},{"damage":1,"enemies":"Slime Boss","floor":16,"turns":5},{"damage":0,"enemies":"Shell Parasite","floor":18,"turns":3},{"damage":10,"enemies":"Masked Bandits","floor":19,"turns":3},{"damage":1,"enemies":"3 Byrds","floor":20,"turns":4},{"damage":0,"enemies":"Centurion and Healer","floor":22,"turns":3},{"damage":0,"enemies":"Book of Stabbing","floor":23,"turns":3},{"damage":0,"enemies":"Chosen and Byrds","floor":24,"turns":5},{"damage":0,"enemies":"conspire:SneckoGhost","floor":25,"turns":3},{"damage":0,"enemies":"Snake Plant","floor":27,"turns":2},{"damage":3,"enemies":"conspire:HollyBat","floor":28,"turns":4},{"damage":0,"enemies":"Gremlin Leader","floor":29,"turns":2},{"damage":3,"enemies":"Champ","floor":33,"turns":5},{"damage":0,"enemies":"3 Darklings","floor":35,"turns":1},{"damage":0,"enemies":"Orb Walker","floor":36,"turns":2},{"damage":0,"enemies":"Spire Growth","floor":37,"turns":1},{"damage":0,"enemies":"Reptomancer","floor":40,"turns":1},{"damage":0,"enemies":"Nemesis","floor":42,"turns":3},{"damage":0,"enemies":"Transient","floor":46,"turns":4},{"damage":0,"enemies":"Reptomancer","floor":47,"turns":2},{"damage":0,"enemies":"Jaw Worm Horde","floor":48,"turns":1},{"damage":8,"enemies":"Awakened One","floor":50,"turns":4}],"seed_played":"-5377424374755138709","potions_obtained":[{"floor":0,"key":"Regen Potion"},{"floor":0,"key":"FairyPotion"},{"floor":0,"key":"SkillPotion"},{"floor":0,"key":"LiquidBronze"},{"floor":0,"key":"Ancient Potion"},{"floor":1,"key":"BlessingOfTheForge"},{"floor":2,"key":"Regen Potion"},{"floor":5,"key":"Fruit Juice"},{"floor":6,"key":"LiquidMemories"},{"floor":8,"key":"LiquidBronze"},{"floor":16,"key":"ColorlessPotion"},{"floor":18,"key":"Strength Potion"},{"floor":19,"key":"BottledSpark"},{"floor":20,"key":"BottledSpark"},{"floor":22,"key":"Fire Potion"},{"floor":23,"key":"Dexterity Potion"},{"floor":24,"key":"Strength Potion"},{"floor":35,"key":"DistilledChaos"},{"floor":46,"key":"BottledSpark"},{"floor":47,"key":"Dexterity Potion"}],"is_trial":false,"path_per_floor":["M","M","M","?","M","E","R","?","T","?","E","?","?","M","R","B",null,"M","?","M","$","M","E","M","E","T","M","M","E","R","?","R","B",null,"M","M","M","?","$","E","R","E","T","R","?","M","E","M","R","B",null],"character_chosen":"MARISA","items_purchased":["PowerUp","UnstableBomb","Cauldron","FossilizedHelix","White Beast Statue","ClockworkSouvenir","MerchantsRug","hexamod:BolsterEngine","Guardian:PocketSentry","Shuriken","PreservedInsect","Omamori","HandmadeGrimoire","bronze:DecasWashers","MachineGunSpark"],"campfire_rested":0,"item_purchase_floors":[0,0,0,0,0,0,0,0,0,0,21,21,21,39,39],"current_hp_per_floor":[21,21,21,21,26,37,37,37,37,37,31,20,2,4,4,7,58,60,54,57,57,61,65,69,71,71,73,74,75,75,60,60,61,72,72,75,75,75,75,75,75,75,75,75,75,75,75,75,75,67],"gold":402,"neow_bonus":"","is_daily":false,"chose_seed":false,"campfire_upgraded":7,"win_rate":0.0,"timestamp":1614061259,"path_taken":["M","M","M","?","M","E","R","?","T","?","E","?","?","M","R","BOSS","M","?","M","$","M","E","M","E","T","M","M","E","R","?","R","BOSS","M","M","M","?","$","E","R","E","T","R","?","M","E","M","R","BOSS"],"items_purchased_type":["Card","Card","Relic","Relic","Relic","Relic","Relic","Relic","Relic","Relic","Relic","Relic","Relic","Relic","Card"],"build_version":"2020-12-22","purchased_purges":5,"victory":true,"max_hp_per_floor":[70,70,70,70,75,75,75,75,75,75,75,75,75,75,75,75,75,75,75,75,75,75,75,75,75,75,75,75,75,75,75,75,75,75,75,75,75,75,75,75,75,75,75,75,75,75,75,75,75,75],"relic_stats":{"Blood Vial":0,"counters":[84,253],"Shuriken":[31],"Golden Idol":176,"PreservedInsect":305,"Juzu Bracelet":1,"Black Star":3,"Boot":[4],"Smiling Mask":0,"obtain_stats":[{"Calipers":45,"Gremlin Horn":27,"Nilry\u0027s Codex":30,"Vajra":40,"aspiration:PoetsPen_weak":34,"aspiration:Stabinomicon":25,"Boot":6,"Sling":39,"aspiration:RitualStick":31,"Blood Vial":0,"Lizard Tail":0,"Centennial Puzzle":36,"DollysMirror":47,"Strawberry":27,"conspire:DecoderRing":40,"aspiration:ArtOfWarUpgrade":29,"MealTicket":42,"HandDrill":53,"theSenshi:SailorFukuRelic":4,"Toxic Egg 2":40,"MerchantsRug":19,"Girya":38,"champ:Barbells":0,"Happy Flower":42,"aspiration:Nostalgia":27,"Blue Candle":9,"Oddly Smooth Stone":47,"Guardian:PocketSentry":47,"Letter Opener":50,"aspiration:SeaSaltIceCream":53,"War Paint":9,"aspiration:HiddenCompartment":40,"Akabeko":27,"WarpedTongs":2,"Bottled Flame":43,"Shuriken":48,"Bronze Scales":44,"Molten Egg 2":11,"Slimebound:PreparedRelic":42,"Black Star":34,"MiniHakkero":0,"CatCart":37,"StrikeDummy":39,"Meat on the Bone":25,"Darkstone Periapt":44,"aspiration:Lifesprig":9,"bronze:BronzeCore":27,"sneckomod:BlankCard":29,"Mango":39,"Bag of Preparation":0,"Juzu Bracelet":26,"Ancient Tea Set":26,"Smiling Mask":47,"ClockworkSouvenir":0,"conspire:InfiniteJournal":42,"aspiration:StickyExplosives_weak":47,"Nunchaku":24,"Mummified Hand":54,"Red Mask":19,"HandmadeGrimoire":21,"SimpleLauncher":47,"Runic Pyramid":17,"aspiration:ChemicalBlood":28,"Potion Belt":38,"bronze:DonusWashers":0,"Golden Idol":3,"aspiration:FetidBarrel":43,"bronze:DecasWashers":39,"PreservedInsect":21,"Omamori":44,"Orichalcum":47,"Frozen Egg 2":40,"White Beast Statue":0,"bronze:BronzeIdol":29,"aspiration:PocketMushroom":25,"Cauldron":0,"ShroomBag":8,"Anchor":0,"Busted Crown":17,"Ornamental Fan":19,"Art of War":19,"Bag of Marbles":0,"Slimebound:AbsorbEndCombat":19,"Coffee Dripper":17,"Membership Card":0,"hexamod:BolsterEngine":0,"FossilizedHelix":0,"Toy Ornithopter":13},{"Calipers":25,"Gremlin Horn":16,"Nilry\u0027s Codex":17,"Vajra":23,"aspiration:PoetsPen_weak":19,"aspiration:Stabinomicon":38,"Boot":4,"Sling":22,"aspiration:RitualStick":74,"Blood Vial":0,"Lizard Tail":0,"Centennial Puzzle":43,"DollysMirror":25,"Strawberry":39,"conspire:DecoderRing":79,"aspiration:ArtOfWarUpgrade":17,"MealTicket":47,"HandDrill":52,"theSenshi:SailorFukuRelic":58,"Toxic Egg 2":79,"MerchantsRug":12,"Girya":22,"champ:Barbells":27,"Happy Flower":24,"aspiration:Nostalgia":16,"Blue Candle":61,"Oddly Smooth Stone":25,"Guardian:PocketSentry":25,"Letter Opener":52,"aspiration:SeaSaltIceCream":52,"War Paint":31,"aspiration:HiddenCompartment":23,"Akabeko":16,"WarpedTongs":28,"Bottled Flame":24,"Shuriken":51,"Bronze Scales":25,"Molten Egg 2":31,"Slimebound:PreparedRelic":80,"Black Star":75,"MiniHakkero":0,"CatCart":44,"StrikeDummy":22,"Meat on the Bone":16,"Darkstone Periapt":48,"aspiration:Lifesprig":6,"bronze:BronzeCore":16,"sneckomod:BlankCard":74,"Mango":22,"Bag of Preparation":0,"Juzu Bracelet":16,"Ancient Tea Set":38,"Smiling Mask":82,"ClockworkSouvenir":54,"conspire:InfiniteJournal":80,"aspiration:StickyExplosives_weak":82,"Nunchaku":38,"Mummified Hand":53,"Red Mask":66,"HandmadeGrimoire":67,"SimpleLauncher":25,"Runic Pyramid":11,"aspiration:ChemicalBlood":17,"Potion Belt":44,"bronze:DonusWashers":27,"Golden Idol":2,"aspiration:FetidBarrel":80,"bronze:DecasWashers":78,"PreservedInsect":67,"Omamori":25,"Orichalcum":25,"Frozen Egg 2":46,"White Beast Statue":54,"bronze:BronzeIdol":41,"aspiration:PocketMushroom":71,"Cauldron":54,"ShroomBag":61,"Anchor":0,"Busted Crown":33,"Ornamental Fan":34,"Art of War":12,"Bag of Marbles":27,"Slimebound:AbsorbEndCombat":34,"Coffee Dripper":64,"Membership Card":0,"hexamod:BolsterEngine":54,"FossilizedHelix":0,"Toy Ornithopter":9},{"Calipers":99,"Gremlin Horn":71,"Nilry\u0027s Codex":75,"Vajra":93,"aspiration:PoetsPen_weak":81,"aspiration:Stabinomicon":129,"Boot":17,"Sling":88,"aspiration:RitualStick":229,"Blood Vial":0,"Lizard Tail":0,"Centennial Puzzle":142,"DollysMirror":99,"Strawberry":131,"conspire:DecoderRing":239,"aspiration:ArtOfWarUpgrade":75,"MealTicket":150,"HandDrill":156,"theSenshi:SailorFukuRelic":172,"Toxic Egg 2":239,"MerchantsRug":56,"Girya":88,"champ:Barbells":108,"Happy Flower":97,"aspiration:Nostalgia":71,"Blue Candle":183,"Oddly Smooth Stone":99,"Guardian:PocketSentry":99,"Letter Opener":156,"aspiration:SeaSaltIceCream":156,"War Paint":114,"aspiration:HiddenCompartment":93,"Akabeko":71,"WarpedTongs":109,"Bottled Flame":97,"Shuriken":155,"Bronze Scales":99,"Molten Egg 2":114,"Slimebound:PreparedRelic":242,"Black Star":234,"MiniHakkero":0,"CatCart":147,"StrikeDummy":88,"Meat on the Bone":71,"Darkstone Periapt":151,"aspiration:Lifesprig":25,"bronze:BronzeCore":71,"sneckomod:BlankCard":229,"Mango":88,"Bag of Preparation":0,"Juzu Bracelet":71,"Ancient Tea Set":129,"Smiling Mask":248,"ClockworkSouvenir":163,"conspire:InfiniteJournal":242,"aspiration:StickyExplosives_weak":248,"Nunchaku":129,"Mummified Hand":157,"Red Mask":203,"HandmadeGrimoire":207,"SimpleLauncher":99,"Runic Pyramid":52,"aspiration:ChemicalBlood":75,"Potion Belt":147,"bronze:DonusWashers":108,"Golden Idol":6,"aspiration:FetidBarrel":242,"bronze:DecasWashers":238,"PreservedInsect":207,"Omamori":99,"Orichalcum":99,"Frozen Egg 2":149,"White Beast Statue":163,"bronze:BronzeIdol":137,"aspiration:PocketMushroom":221,"Cauldron":163,"ShroomBag":183,"Anchor":0,"Busted Crown":120,"Ornamental Fan":122,"Art of War":56,"Bag of Marbles":108,"Slimebound:AbsorbEndCombat":122,"Coffee Dripper":197,"Membership Card":0,"hexamod:BolsterEngine":163,"FossilizedHelix":0,"Toy Ornithopter":39}],"aspiration:RitualStick":[0]},"card_choices":[{"not_picked":["RefractionSpark","Orbital"],"picked":"OneTimeOff","floor":1},{"not_picked":["DC","MagicChant","IllusionStar"],"picked":"SKIP","floor":2},{"not_picked":["PulseMagic","SporeBomb"],"picked":"EventHorizon","floor":3},{"not_picked":["Occultation","GrandCross"],"picked":"OortCloud","floor":4},{"not_picked":["MagicAbsorber","ShootTheMoon"],"picked":"BlazeAway","floor":5},{"not_picked":["UnstableBomb","GasGiant"],"picked":"MilkyWay","floor":6},{"not_picked":["NonDirectionalLaser","GalacticHalo"],"picked":"Robbery","floor":8},{"not_picked":["DoubleSpark","BlazingStar","GrandCross"],"picked":"SKIP","floor":11},{"not_picked":["PropBag","NonDirectionalLaser","LuminesStrike"],"picked":"SKIP","floor":14},{"not_picked":["BigCrunch","AbsoluteMagnitude"],"picked":"CollectingQuirk","floor":16},{"not_picked":["ShootingEcho","GravityBeat"],"picked":"MilkyWay","floor":18},{"not_picked":["GasGiant","Occultation+1"],"picked":"DeepEcoloBomb+1","floor":19},{"not_picked":["JA","Acceleration"],"picked":"6A","floor":20},{"not_picked":["SuperPerseids+1","GravityBeat"],"picked":"PowerUp+1","floor":22},{"not_picked":["Robbery","GasGiant","ChargingUp+1"],"picked":"SKIP","floor":23},{"not_picked":["AsteroidBelt","MagicChant+1"],"picked":"6A+1","floor":24},{"not_picked":["DoubleSpark","DragonMeteor+1","Acceleration"],"picked":"SKIP","floor":25},{"not_picked":["GasGiant","DoubleSpark","OrrerysSun+1"],"picked":"SKIP","floor":27},{"not_picked":["DoubleSpark","GrandCross","UnstableBomb+1"],"picked":"SKIP","floor":28},{"not_picked":["ManaConvection","AsteroidBelt","ShootingEcho+1"],"picked":"SKIP","floor":29},{"not_picked":["ManaRampage","AbsoluteMagnitude"],"picked":"CasketOfStar","floor":33},{"not_picked":["PowerUp","PulseMagic","WitchLeyline"],"picked":"SKIP","floor":35},{"not_picked":["SporeBomb","GravityBeat","MilkyWay"],"picked":"SKIP","floor":36},{"not_picked":["6A+1","MysteriousBeam+1"],"picked":"PowerUp+1","floor":37},{"not_picked":["BlazingStar","GravityBeat","DarkMatter+1"],"picked":"SKIP","floor":40},{"not_picked":["DeepEcoloBomb+1","GrandCross+1","DarkMatter+1"],"picked":"SKIP","floor":42},{"not_picked":["Singularity+1","MysteriousBeam","ManaConvection+1"],"picked":"SKIP","floor":46},{"not_picked":["Orbital+1","StarlightTyphoon+1","WitchLeyline"],"picked":"SKIP","floor":47},{"not_picked":["Occultation+1","GrandCross+1","ShootingEcho+1"],"picked":"SKIP","floor":48}],"player_experience":594854,"relics_obtained":[{"floor":4,"key":"theSenshi:SailorFukuRelic"},{"floor":6,"key":"Juzu Bracelet"},{"floor":8,"key":"ShroomBag"},{"floor":9,"key":"Blue Candle"},{"floor":11,"key":"Oddly Smooth Stone"},{"floor":19,"key":"Red Mask"},{"floor":23,"key":"StrikeDummy"},{"floor":25,"key":"aspiration:PocketMushroom"},{"floor":26,"key":"Boot"},{"floor":29,"key":"sneckomod:BlankCard"},{"floor":40,"key":"conspire:DecoderRing"},{"floor":40,"key":"Toxic Egg 2"},{"floor":42,"key":"conspire:InfiniteJournal"},{"floor":42,"key":"Slimebound:PreparedRelic"},{"floor":43,"key":"aspiration:FetidBarrel"},{"floor":47,"key":"Smiling Mask"},{"floor":47,"key":"aspiration:StickyExplosives_weak"}],"event_choices":[{"damage_healed":0,"gold_gain":30,"player_choice":"Searched \u00272\u0027 times","damage_taken":0,"max_hp_gain":0,"max_hp_loss":0,"event_name":"Dead Adventurer","floor":8,"gold_loss":0},{"damage_healed":0,"gold_gain":0,"cards_transformed":["Strike_MRS"],"player_choice":"Change","damage_taken":0,"max_hp_gain":0,"max_hp_loss":0,"event_name":"Living Wall","floor":10,"gold_loss":0,"cards_obtained":["ShootTheMoon"]},{"damage_healed":0,"gold_gain":75,"player_choice":"Gather Gold","damage_taken":11,"max_hp_gain":0,"max_hp_loss":0,"event_name":"World of Goop","floor":12,"gold_loss":0},{"damage_healed":0,"gold_gain":0,"player_choice":"Take Damage","damage_taken":18,"relics_obtained":["Golden Idol"],"max_hp_gain":0,"max_hp_loss":0,"event_name":"Golden Idol","floor":13,"gold_loss":0},{"damage_healed":0,"gold_gain":0,"player_choice":"Fought Bandits","damage_taken":0,"max_hp_gain":0,"max_hp_loss":0,"event_name":"Masked Bandits","floor":19,"gold_loss":0},{"cards_removed":["Defend_MRS"],"damage_healed":0,"gold_gain":0,"player_choice":"Removed Skill","damage_taken":0,"max_hp_gain":0,"max_hp_loss":0,"event_name":"Falling","floor":38,"gold_loss":0},{"damage_healed":0,"gold_gain":0,"player_choice":"Gave Potion","damage_taken":0,"relics_obtained":["Blood Vial"],"max_hp_gain":0,"max_hp_loss":0,"event_name":"WeMeetAgain","floor":45,"gold_loss":0}],"is_beta":false,"boss_relics":[{"not_picked":["conspire:RunicOctahedron","aspiration:RunicSpoon"],"picked":"Coffee Dripper"},{"not_picked":["SacredBark","aspiration:DefectSkillbook"],"picked":"Black Star"}],"items_purged_floors":[0,0,0,21,39],"is_endless":false,"potions_floor_spawned":[1,2,3,4,5,6,8,11,14,16,18,19,20,22,23,24,25,27,28,29,33,35,36,37,40,42,46,47,48],"ascension_level":11}}