{"host":"kig4ty9d1aubg29s","time":1614072496,"event":{"mods":["BaseMod","Minty Spire (QoL Compilation)","READ ME - Guardian Mod","READ ME - Snecko Mod","StSLib","The Cursed","The Gatherer","The Hierophant","The Runesmith"],"gold_per_floor":[360,375,385,385,29,29,54,73,100,132,132,132,159,174,174,248,248,267,67,117,147,147,182,182,197,197,197,210,224,42,59,59,136,136,154,154,33,33,33,63,63,63,63],"floor_reached":42,"language":"KOR","playtime":4531,"items_purged":["Injury"],"score":928,"play_id":"20b59e12-07aa-4a77-af7b-ba8d55358d82","local_time":"20210223182816","is_ascension_mode":true,"campfire_choices":[{"floor":6.0,"key":"REST"},{"floor":11.0,"key":"REST"},{"floor":15.0,"key":"REST"},{"floor":24.0,"key":"REST"},{"floor":27.0,"key":"REST"},{"floor":32,"key":"REST"},{"data":"Noxious Fumes","floor":41,"key":"SMITH"}],"circlet_count":0,"master_deck":["AscendersBane","Strike_G","Strike_G","Strike_G","Strike_G","Defend_G","Defend_G","Defend_G","Defend_G","Defend_G","Survivor","Neutralize","Bouncing Flask","PiercingWail","Flying Knee","Caltrops","Backstab","Sucker Punch","Corpse Explosion","Adrenaline","Neutralize","Terror","PiercingWail","Corpse Explosion","Crippling Poison+1","Dodge and Roll","Distraction","Deadly Poison","Flying Knee+1","Endless Agony+1","Escape Plan","Venomology","Cloak And Dagger","Madness","Madness","Noxious Fumes+1"],"relics":["Ring of the Snake","FaceOfCleric","ClockworkSouvenir","Vajra","MealTicket","Bag of Preparation","Oddly Smooth Stone","Centennial Puzzle","SacredBark","Membership Card","Red Mask","Boot","The Courier","Akabeko","HornCleat","Busted Crown","White Beast Statue","Orichalcum"],"acts_visited":["Exordium","TheCity","TheBeyond"],"potions_floor_usage":[33,33,40,40,42,42,42],"damage_taken":[{"damage":8.0,"enemies":"Cultist","floor":1.0,"turns":5.0},{"damage":1.0,"enemies":"2 Louse","floor":2.0,"turns":2.0},{"damage":2.0,"enemies":"Jaw Worm","floor":3.0,"turns":4.0},{"damage":49.0,"enemies":"3 Sentries","floor":7.0,"turns":10.0},{"damage":13.0,"enemies":"Lots of Slimes","floor":8.0,"turns":4.0},{"damage":25.0,"enemies":"Lagavulin","floor":10.0,"turns":5.0},{"damage":14.0,"enemies":"3 Sentries","floor":13.0,"turns":3.0},{"damage":0.0,"enemies":"2 Fungi Beasts","floor":14.0,"turns":3.0},{"damage":28.0,"enemies":"Slime Boss","floor":16.0,"turns":9.0},{"damage":4.0,"enemies":"3 Byrds","floor":18.0,"turns":3.0},{"damage":8.0,"enemies":"Masked Bandits","floor":21.0,"turns":2.0},{"damage":52.0,"enemies":"Gremlin Leader","floor":23.0,"turns":7.0},{"damage":4.0,"enemies":"Chosen","floor":25.0,"turns":4.0},{"damage":14.0,"enemies":"Shelled Parasite and Fungi","floor":28.0,"turns":5.0},{"damage":34.0,"enemies":"Snecko","floor":29.0,"turns":5.0},{"damage":1,"enemies":"Centurion and Healer","floor":31,"turns":2},{"damage":37,"enemies":"Collector","floor":33,"turns":7},{"damage":1,"enemies":"Orb Walker","floor":35,"turns":3},{"damage":2,"enemies":"Nemesis","floor":40,"turns":7},{"damage":115,"enemies":"Giant Head","floor":42,"turns":7}],"seed_played":"5634242621101111888","potions_obtained":[{"floor":7.0,"key":"FairyPotion"},{"floor":10.0,"key":"Strength Potion"},{"floor":13.0,"key":"Fruit Juice"},{"floor":14.0,"key":"Ancient Potion"},{"floor":21.0,"key":"Swift Potion"},{"floor":25.0,"key":"EssenceOfSteel"},{"floor":29.0,"key":"Strength Potion"},{"floor":33,"key":"Ancient Potion"},{"floor":40,"key":"Swift Potion"}],"is_trial":false,"path_per_floor":["M","M","M","?","$","R","E","M","T","E","R","?","E","M","R","B",null,"M","$","?","?","?","E","R","M","T","R","M","M","$","M","R","B",null,"M","?","$","?","$","E","R","E"],"character_chosen":"THE_SILENT","items_purchased":["ClockworkSouvenir","Vajra","Caltrops","Membership Card","Akabeko","HornCleat","White Beast Statue","Noxious Fumes"],"campfire_rested":6,"item_purchase_floors":[5,5,5,19,30,30,37,37],"current_hp_per_floor":[51,50,48,48,48,66,18,6,6,21,41,41,28,29,50,23,60,67,82,82,75,75,24,49,46,46,71,58,25,40,40,66,30,75,75,59,74,74,89,88,88,0,0],"gold":63,"neow_bonus":"TWO_FIFTY_GOLD","is_daily":false,"chose_seed":false,"campfire_upgraded":1,"win_rate":0.0,"timestamp":1614072496,"path_taken":["M","M","?","?","?","R","E","M","T","E","R","?","E","M","R","BOSS","M","?","?","?","?","E","R","M","T","R","?","M","$","M","R","BOSS","M","?","$","?","$","E","R","E"],"items_purchased_type":["Relic","Relic","Card","Relic","Relic","Relic","Relic","Card"],"build_version":"2020-12-22","purchased_purges":1,"victory":false,"max_hp_per_floor":[66,66,66,66,66,66,67,68,68,69,69,69,70,71,71,72,72,83,83,83,84,84,85,85,86,86,86,87,88,88,89,89,90,90,91,91,91,91,91,92,92,92,92],"card_choices":[{"not_picked":["Quick Slash","Deadly Poison"],"picked":"Bouncing Flask","floor":1.0},{"not_picked":["Riddle With Holes","Slice"],"picked":"PiercingWail","floor":2.0},{"not_picked":["Blur","Calculated Gamble"],"picked":"Flying Knee","floor":3.0},{"not_picked":["Crippling Poison","Dodge and Roll"],"picked":"Backstab","floor":7.0},{"not_picked":["Flying Knee","Eviscerate"],"picked":"Sucker Punch","floor":8.0},{"not_picked":["Underhanded Strike","Eviscerate"],"picked":"Corpse Explosion","floor":10.0},{"not_picked":["Caltrops","Well Laid Plans"],"picked":"Terror","floor":13.0},{"not_picked":["Underhanded Strike","Blade Dance"],"picked":"PiercingWail","floor":14.0},{"not_picked":["Phantasmal Killer","Unload"],"picked":"Corpse Explosion","floor":16.0},{"not_picked":["Dagger Spray","Bane"],"picked":"Crippling Poison+1","floor":18.0},{"not_picked":["Tactician","Masterful Stab"],"picked":"Dodge and Roll","floor":21.0},{"not_picked":["Outmaneuver","Sucker Punch"],"picked":"Distraction","floor":23.0},{"not_picked":["Setup","Deflect"],"picked":"Deadly Poison","floor":25.0},{"not_picked":["Deadly Poison","PiercingWail"],"picked":"Flying Knee+1","floor":28.0},{"not_picked":["Acrobatics","Slice"],"picked":"Endless Agony+1","floor":29.0},{"not_picked":["Acrobatics+1","Tactician"],"picked":"Escape Plan","floor":31},{"not_picked":["After Image","Night Terror"],"picked":"Venomology","floor":33},{"not_picked":[],"picked":"Cloak And Dagger","floor":35},{"not_picked":["Finisher"],"picked":"SKIP","floor":40}],"player_experience":2011800,"relics_obtained":[{"floor":7.0,"key":"MealTicket"},{"floor":9.0,"key":"Bag of Preparation"},{"floor":10.0,"key":"Oddly Smooth Stone"},{"floor":13.0,"key":"Centennial Puzzle"},{"floor":21.0,"key":"Red Mask"},{"floor":23.0,"key":"Boot"},{"floor":26.0,"key":"The Courier"},{"floor":40,"key":"Orichalcum"}],"event_choices":[{"damage_healed":0.0,"max_hp_gain":0.0,"max_hp_loss":0.0,"gold_gain":0.0,"event_name":"FaceTrader","player_choice":"Trade","floor":4.0,"gold_loss":0.0,"damage_taken":0.0,"relics_obtained":["FaceOfCleric"]},{"damage_healed":0.0,"max_hp_gain":0.0,"max_hp_loss":0.0,"gold_gain":0.0,"event_name":"Match and Keep!","player_choice":"2 cards matched","floor":12.0,"gold_loss":0.0,"damage_taken":0.0,"cards_obtained":["Adrenaline","Neutralize"]},{"damage_healed":0.0,"max_hp_gain":0.0,"max_hp_loss":0.0,"gold_gain":50.0,"event_name":"Nest","player_choice":"Stole From Cult","floor":20.0,"gold_loss":0.0,"damage_taken":0.0},{"damage_healed":0.0,"max_hp_gain":0.0,"max_hp_loss":0.0,"gold_gain":0.0,"event_name":"Masked Bandits","player_choice":"Fought Bandits","floor":21.0,"gold_loss":0.0,"damage_taken":0.0},{"damage_healed":0.0,"max_hp_gain":0.0,"max_hp_loss":0.0,"gold_gain":0.0,"event_name":"N\u0027loth","player_choice":"Ignored","floor":22.0,"gold_loss":0.0,"damage_taken":0.0},{"damage_healed":0,"gold_gain":0,"player_choice":"Embrace Madness","damage_taken":16,"max_hp_gain":0,"max_hp_loss":0,"event_name":"Winding Halls","floor":36,"gold_loss":0,"cards_obtained":["Madness","Madness"]},{"cards_removed":["Strike_G"],"damage_healed":0,"gold_gain":0,"player_choice":"Removed Attack","damage_taken":0,"max_hp_gain":0,"max_hp_loss":0,"event_name":"Falling","floor":38,"gold_loss":0}],"is_beta":false,"boss_relics":[{"not_picked":["Coffee Dripper","Empty Cage"],"picked":"SacredBark"},{"not_picked":["Runic Dome","Pandora\u0027s Box"],"picked":"Busted Crown"}],"items_purged_floors":[19],"is_endless":false,"potions_floor_spawned":[7,10,13,14,21,25,29,33,40],"killed_by":"Giant Head","ascension_level":18}}