{"host":"tsnif9umxyqokjak","time":1614114034,"event":{"mods":["2.2 Compatiblity","AchievementEnabler","Act Like it!","Arknights","Astrologer","BaseMod","Bestiary","Better Note","Better Skull","Better Third Choice","Better Vampires","Block Reminder","CapriCore","Challenge The Spire","Clockwork Mod","Colored Powertips","Curses Come First","Custom Start","Disable Question Mark Monsters","Displayed Cursed Tome","Downfall","Filter the Spire","Friendly Minions","Hallownest","Hermit","Highlight Path","Marisa????????","Marked Mod","Minty Spire (QoL Compilation)","Quick Restart","Rare Cards Sparkle","Red Circlet Mod","Reimu??????","Remilia??????","Robot Space Explorer","Smile Girya","Spicy Shops","StSLib","The Administrix","The Animator","The Bug Knight","The Construct","The Cursed","The Disciple","The Elementalist","The Gatherer","The Immortal","The Runesmith","The Sage","The Servant 0.9.4","The Spell Scribe","The Valiant","The Wild Card","Unknown Chances","Yakumo Yukari mod"],"gold_per_floor":[111,111,111,37,53,79,79,79,79,79,92,92,106,137,137,239,239,259,14,14,24,36,36,53,87,87,102,116,116,116,127,127,226,226,239,252,252,270,317,351,363,389,426,438,388,411,423,453,465,477],"floor_reached":51,"language":"ENG","playtime":4623,"items_purged":[],"score":859,"play_id":"d5005446-85b7-443f-9ac1-06d8c5c909a1","local_time":"20210223220034","daily_mods":["SealedDeck"],"is_ascension_mode":false,"campfire_choices":[{"data":"MarkedMod:OneThousandNeedles","floor":10.0,"key":"SMITH"},{"data":"theWildCard:Sakuya","floor":15,"key":"SMITH"},{"data":"Study","floor":23,"key":"SMITH"},{"data":"Judgement","floor":29,"key":"SMITH"},{"data":"ClearTheMind","floor":32,"key":"SMITH"},{"data":"MarkedMod:GentlePulse","floor":41,"key":"SMITH"},{"data":"Perseverance","floor":44,"key":"SMITH"},{"data":"DeceiveReality","floor":49,"key":"SMITH"}],"circlet_count":0,"master_deck":["EmptyBody","Protect+1","ThirdEye","Study+1","DeceiveReality+1","ClearTheMind+1","MarkedMod:GentlePulse+1","PathToVictory+1","MarkedMod:OneThousandNeedles+1","MarkedMod:GentlePulse","theWildCard:Sakuya+1","Evaluate","Perseverance+1","MarkedMod:FirstStrike","Judgement+1","Sanctity+1","PathToVictory+1","PathToVictory+1","Wireheading+1","MarkedMod:ChiBlock","Establishment+1","Nirvana+1","MarkedMod:ChiBlock","MarkedMod:GentlePulse+1","MarkedMod:FirstStrike","LikeWater+1","MarkedMod:GentlePulse+1","DevaForm+1"],"relics":["PureWater","Damaru","Gambling Chip","Ornamental Fan","construct:FoamFinger","Black Star","Frozen Egg 2","MarkedMod:AcupunctureKit","StrikeDummy","Whetstone","Runesmith:AutoHammer","SlaversCollar","CloakClasp","MawBank","Smiling Mask","Slimebound:StickyStick","Oddly Smooth Stone"],"acts_visited":["Exordium","TheCity","TheBeyond"],"potions_floor_usage":[16,25,31,38,42,46,50,50],"damage_taken":[{"damage":0.0,"enemies":"2 Louse","floor":1.0,"turns":3.0},{"damage":0.0,"enemies":"Small Slimes","floor":5.0,"turns":4.0},{"damage":15.0,"enemies":"Gremlin Nob","floor":6.0,"turns":4.0},{"damage":1.0,"enemies":"ats:Genji","floor":11.0,"turns":2.0},{"damage":0,"enemies":"Exordium Thugs","floor":13,"turns":3},{"damage":2,"enemies":"3 Sentries","floor":14,"turns":5},{"damage":0,"enemies":"Slime Boss","floor":16,"turns":7},{"damage":2,"enemies":"Chosen","floor":18,"turns":2},{"damage":0,"enemies":"Spheric Guardian","floor":21,"turns":1},{"damage":0,"enemies":"Centurion and Healer","floor":22,"turns":6},{"damage":0,"enemies":"Cultist and Chosen","floor":24,"turns":3},{"damage":0,"enemies":"Gremlin Leader","floor":25,"turns":3},{"damage":0,"enemies":"3 Cultists","floor":27,"turns":2},{"damage":3,"enemies":"Centurion and Healer","floor":28,"turns":4},{"damage":0,"enemies":"Snake Plant","floor":31,"turns":1},{"damage":0,"enemies":"Automaton","floor":33,"turns":3},{"damage":0,"enemies":"3 Shapes","floor":35,"turns":2},{"damage":0,"enemies":"3 Darklings","floor":36,"turns":3},{"damage":7,"enemies":"Maw","floor":38,"turns":4},{"damage":7,"enemies":"2 Orb Walkers","floor":39,"turns":5},{"damage":0,"enemies":"Giant Head","floor":40,"turns":4},{"damage":0,"enemies":"Transient","floor":42,"turns":5},{"damage":0,"enemies":"Writhing Mass","floor":46,"turns":3},{"damage":14,"enemies":"4 Shapes","floor":48,"turns":3},{"damage":12,"enemies":"Awakened One","floor":50,"turns":9}],"seed_played":"169843700183392883","potions_obtained":[{"floor":5.0,"key":"Weak Potion"},{"floor":14,"key":"champ:CounterPotion"},{"floor":16,"key":"ZuzhouPotion:ReiMu"},{"floor":21,"key":"Block Potion"},{"floor":24,"key":"Guardian:BlockOnCardUsePotion"},{"floor":25,"key":"AttackPotion"},{"floor":28,"key":"Explosive Potion"},{"floor":33,"key":"Regen Potion"},{"floor":38,"key":"Dexterity Potion"},{"floor":39,"key":"SpeedPotion"},{"floor":40,"key":"Block Potion"},{"floor":42,"key":"CultistPotion"}],"is_trial":true,"path_per_floor":["M","?","?","$","M","E","?","T","T","R","M","?","M","E","R","B",null,"M","$","?","M","M","R","M","E","T","M","M","R","T","M","R","B",null,"M","M","?","M","?","E","R","M","T","R","?","M","?","M","R","B",null],"character_chosen":"WATCHER","items_purchased":["Damaru","Frozen Egg 2"],"campfire_rested":0,"item_purchase_floors":[4,19],"current_hp_per_floor":[72,65,65,65,65,50,36,36,36,36,35,40,40,38,38,38,77,75,75,75,75,75,75,75,75,75,75,72,72,72,72,72,72,77,77,77,77,74,67,67,67,67,67,67,67,67,67,53,53,41],"gold":489,"neow_bonus":"","is_daily":false,"chose_seed":false,"campfire_upgraded":8,"win_rate":0.0,"timestamp":1614114034,"path_taken":["M","?","?","$","M","E","?","?","T","R","M","?","M","E","R","BOSS","M","$","?","?","M","R","M","E","T","M","M","R","?","M","R","BOSS","M","M","?","M","?","E","R","M","T","R","?","?","?","M","R","BOSS"],"items_purchased_type":["Relic","Relic"],"build_version":"2020-12-22","purchased_purges":0,"victory":true,"max_hp_per_floor":[72,72,72,72,72,72,72,72,72,72,72,77,77,77,77,77,77,77,77,77,77,77,77,77,77,77,77,77,77,77,77,77,77,77,77,77,77,77,77,77,77,77,77,77,77,77,77,77,77,77],"card_choices":[{"not_picked":["Halt","FlyingSleeves"],"picked":"MarkedMod:GentlePulse","floor":1.0},{"not_picked":["MarkedMod:GentlePulse","SashWhip"],"picked":"Evaluate","floor":5.0},{"not_picked":["Swivel","TalkToTheHand"],"picked":"Perseverance","floor":6.0},{"not_picked":["Crescendo","Pray","Protect"],"picked":"SKIP","floor":11.0},{"not_picked":["Consecrate","WindmillStrike"],"picked":"MarkedMod:FirstStrike","floor":13},{"not_picked":["SashWhip","WaveOfTheHand","BowlingBash"],"picked":"SKIP","floor":14},{"not_picked":["Alpha","Blasphemy"],"picked":"Judgement","floor":16},{"not_picked":["MarkedMod:FirstStrike+1","Halt"],"picked":"Sanctity+1","floor":18},{"not_picked":["FlyingSleeves","Halt+1","CutThroughFate"],"picked":"SKIP","floor":21},{"not_picked":["MarkedMod:GentlePulse","WheelKick"],"picked":"PathToVictory+1","floor":22},{"not_picked":["Vengeance","Meditate+1"],"picked":"PathToVictory","floor":24},{"not_picked":["PathToVictory","Blasphemy"],"picked":"Wireheading+1","floor":25},{"not_picked":["EmptyBody","CrushJoints","Protect"],"picked":"SKIP","floor":27},{"not_picked":["MarkedMod:FirstStrike+1","CutThroughFate"],"picked":"MarkedMod:ChiBlock","floor":28},{"not_picked":["MarkedMod:Acupuncture","ThirdEye","Swivel"],"picked":"SKIP","floor":31},{"not_picked":["Ragnarok","Omniscience"],"picked":"Establishment+1","floor":33},{"not_picked":["ThirdEye+1","ReachHeaven","Halt+1"],"picked":"SKIP","floor":35},{"not_picked":["Perseverance+1","FollowUp"],"picked":"Nirvana+1","floor":36},{"not_picked":["PathToVictory+1","Crescendo+1"],"picked":"MarkedMod:ChiBlock","floor":38},{"not_picked":["SashWhip+1","EmptyBody"],"picked":"MarkedMod:GentlePulse+1","floor":39},{"not_picked":["CutThroughFate","Study+1"],"picked":"MarkedMod:FirstStrike","floor":40},{"not_picked":["MarkedMod:Acupuncture","ClearTheMind+1"],"picked":"LikeWater+1","floor":42},{"not_picked":["Study+1","Swivel+1"],"picked":"MarkedMod:GentlePulse+1","floor":46},{"not_picked":["Weave+1","MarkedMod:GentlePulse"],"picked":"DevaForm+1","floor":48}],"player_experience":733814,"relics_obtained":[{"floor":6.0,"key":"Gambling Chip"},{"floor":9.0,"key":"Ornamental Fan"},{"floor":14,"key":"construct:FoamFinger"},{"floor":25,"key":"MarkedMod:AcupunctureKit"},{"floor":25,"key":"StrikeDummy"},{"floor":26,"key":"Whetstone"},{"floor":30,"key":"Runesmith:AutoHammer"},{"floor":39,"key":"CloakClasp"},{"floor":40,"key":"MawBank"},{"floor":40,"key":"Smiling Mask"},{"floor":43,"key":"Slimebound:StickyStick"}],"event_choices":[{"cards_removed":["Prostrate"],"damage_healed":0.0,"max_hp_gain":0.0,"max_hp_loss":0.0,"gold_gain":0.0,"event_name":"Golden Wing","player_choice":"Card Removal","floor":2.0,"gold_loss":0.0,"damage_taken":7.0},{"damage_healed":50.0,"max_hp_gain":0.0,"max_hp_loss":72.0,"gold_gain":0.0,"event_name":"betterThird:BetterShining","player_choice":"Upgrade","floor":7.0,"gold_loss":0.0,"damage_taken":14.0,"cards_upgraded":["Protect","PathToVictory"]},{"damage_healed":0,"gold_gain":0,"player_choice":"Donut","damage_taken":0,"max_hp_gain":5,"max_hp_loss":0,"event_name":"Big Fish","floor":12,"gold_loss":0},{"damage_healed":0,"gold_gain":0,"player_choice":"0 cards matched","damage_taken":0,"max_hp_gain":0,"max_hp_loss":0,"event_name":"Match and Keep!","floor":20,"gold_loss":0,"cards_obtained":[]},{"damage_healed":0,"gold_gain":0,"player_choice":"Fight","damage_taken":0,"max_hp_gain":0,"max_hp_loss":0,"event_name":"Mysterious Sphere","floor":39,"gold_loss":0},{"damage_healed":0,"gold_gain":0,"player_choice":"Paid Gold","damage_taken":0,"relics_obtained":["Oddly Smooth Stone"],"max_hp_gain":0,"max_hp_loss":0,"event_name":"WeMeetAgain","floor":45,"gold_loss":62},{"damage_healed":0,"gold_gain":0,"player_choice":"Forge","damage_taken":0,"max_hp_gain":0,"max_hp_loss":0,"event_name":"Accursed Blacksmith","floor":47,"gold_loss":0,"cards_upgraded":["PathToVictory"]}],"is_beta":false,"boss_relics":[{"not_picked":["VioletLotus","bronze:MakeshiftBattery"],"picked":"Black Star"},{"not_picked":["Tiny House","Astrolabe"],"picked":"SlaversCollar"}],"items_purged_floors":[],"is_endless":false,"potions_floor_spawned":[5,14,16,21,24,25,28,33,38,39,40,42],"ascension_level":0}}