{"host":"7gquyva492f4udta","time":1614115908,"event":{"mods":["BaseMod","Minty Spire (QoL Compilation)"],"gold_per_floor":[116,136,147,147,147,176,176,195,195,222,222,1,1,1,1,101,101,150,195,209,209,219,219,236,265,265,290,1,59,106,106,106,239,239,285,55,55,68,68,98,98],"floor_reached":40,"language":"ENG","playtime":2692,"items_purged":["Strike_P"],"score":713,"play_id":"9fe91606-9ec9-4eab-868b-a0c1de0d09f6","local_time":"20210223153148","is_ascension_mode":true,"campfire_choices":[{"data":"Eruption","floor":7,"key":"SMITH"},{"data":"ClearTheMind","floor":13,"key":"SMITH"},{"data":"Wish","floor":15,"key":"SMITH"},{"floor":23,"key":"REST"},{"data":"Devotion","floor":32,"key":"SMITH"}],"circlet_count":0,"master_deck":["Strike_P+1","Defend_P+1","Eruption+1","Vigilance+1","Tantrum+1","FlurryOfBlows+1","ClearTheMind+1","Nirvana","FollowUp+1","ThirdEye+1","Wish+1","Devotion+1","SashWhip+1","ThirdEye+1","Vault","Perseverance+1","MentalFortress+1","FlurryOfBlows","FlurryOfBlows+1","ConjureBlade","CarveReality+1","Pray+1","Meditate+1","EmptyBody","ThirdEye","Nirvana+1","ThirdEye+1"],"relics":["PureWater","Gambling Chip","Meat on the Bone","WingedGreaves","Turnip","Whetstone","SlaversCollar","FaceOfCleric","Vajra","Frozen Egg 2","Pen Nib","Eternal Feather","CloakClasp","Astrolabe","War Paint"],"acts_visited":["Exordium","TheCity","TheBeyond"],"potions_floor_usage":[10,10,24,24,25,25,29,40,40],"damage_taken":[{"damage":0,"enemies":"Small Slimes","floor":1,"turns":4},{"damage":0,"enemies":"2 Louse","floor":2,"turns":1},{"damage":0,"enemies":"Jaw Worm","floor":3,"turns":2},{"damage":0,"enemies":"Gremlin Nob","floor":6,"turns":2},{"damage":1,"enemies":"Red Slaver","floor":8,"turns":2},{"damage":18,"enemies":"3 Sentries","floor":10,"turns":5},{"damage":0,"enemies":"Slime Boss","floor":16,"turns":3},{"damage":16,"enemies":"Spheric Guardian","floor":18,"turns":4},{"damage":23,"enemies":"2 Thieves","floor":19,"turns":4},{"damage":29,"enemies":"Sentry and Sphere","floor":20,"turns":4},{"damage":8,"enemies":"Cultist and Chosen","floor":22,"turns":7},{"damage":10,"enemies":"Centurion and Healer","floor":24,"turns":5},{"damage":10,"enemies":"Gremlin Leader","floor":25,"turns":5},{"damage":18,"enemies":"Slavers","floor":27,"turns":6},{"damage":1,"enemies":"Gremlin Leader","floor":29,"turns":6},{"damage":12,"enemies":"Snake Plant","floor":30,"turns":3},{"damage":1,"enemies":"Champ","floor":33,"turns":8},{"damage":26,"enemies":"3 Shapes","floor":35,"turns":4},{"damage":0,"enemies":"3 Darklings","floor":38,"turns":5},{"damage":50,"enemies":"Reptomancer","floor":40,"turns":6}],"seed_played":"-7864991425855800701","potions_obtained":[{"floor":1,"key":"EssenceOfSteel"},{"floor":3,"key":"GamblersBrew"},{"floor":8,"key":"BottledMiracle"},{"floor":18,"key":"Strength Potion"},{"floor":22,"key":"Weak Potion"},{"floor":24,"key":"CultistPotion"},{"floor":27,"key":"AttackPotion"},{"floor":29,"key":"Explosive Potion"},{"floor":38,"key":"SkillPotion"}],"is_trial":false,"path_per_floor":["M","M","M","?","?","E","R","M","T","E","?","$","R","$","R","B",null,"M","M","M","?","M","R","M","E","T","E","$","E","M","?","R","B",null,"M","$","?","M","T","E"],"character_chosen":"WATCHER","items_purchased":["Whetstone","Eternal Feather","FlurryOfBlows","War Paint","ThirdEye","Nirvana+1"],"campfire_rested":1,"item_purchase_floors":[12,28,28,36,36,36],"current_hp_per_floor":[65,65,65,52,52,52,52,51,51,33,26,26,26,26,26,38,58,42,31,14,14,19,38,41,44,44,39,39,39,40,40,52,52,67,42,42,42,43,43,0,0],"gold":98,"neow_bonus":"ONE_RARE_RELIC","is_daily":false,"chose_seed":false,"campfire_upgraded":4,"win_rate":0.0,"timestamp":1614115908,"path_taken":["M","M","M","?","?","E","R","M","T","E","?","$","R","?","R","BOSS","M","M","M","?","M","R","M","E","T","E","$","E","?","?","R","BOSS","M","$","?","?","?","E"],"items_purchased_type":["Relic","Relic","Card","Relic","Card","Card"],"build_version":"2020-12-22","purchased_purges":1,"victory":false,"max_hp_per_floor":[65,65,65,65,65,65,65,65,65,65,65,65,65,65,65,65,65,65,65,65,65,66,66,67,68,68,69,69,70,71,71,71,72,72,73,73,73,74,74,74,74],"card_choices":[{"not_picked":["ReachHeaven","Study"],"picked":"Tantrum","floor":1},{"not_picked":["Evaluate","Wireheading"],"picked":"FlurryOfBlows","floor":2},{"not_picked":["JustLucky","WreathOfFlame"],"picked":"ClearTheMind","floor":3},{"not_picked":["Swivel","LikeWater"],"picked":"FollowUp","floor":6},{"not_picked":["WaveOfTheHand","JustLucky"],"picked":"ThirdEye","floor":8},{"not_picked":["Nirvana","Wallop"],"picked":"Wish","floor":10},{"not_picked":["Brilliance","Alpha"],"picked":"Devotion","floor":16},{"not_picked":["Wireheading+1","Wallop"],"picked":"SashWhip+1","floor":18},{"not_picked":["CutThroughFate","FollowUp"],"picked":"ThirdEye+1","floor":19},{"not_picked":["EmptyBody","Fasting2","JustLucky"],"picked":"SKIP","floor":20},{"not_picked":["Protect","Swivel+1"],"picked":"Vault","floor":22},{"not_picked":["Halt","ThirdEye"],"picked":"Perseverance+1","floor":24},{"not_picked":["FlyingSleeves","PathToVictory"],"picked":"MentalFortress+1","floor":25},{"not_picked":["FlyingSleeves","JustLucky","ThirdEye"],"picked":"SKIP","floor":27},{"not_picked":["Consecrate","CarveReality+1","Weave"],"picked":"SKIP","floor":29},{"not_picked":["Evaluate","Weave"],"picked":"FlurryOfBlows+1","floor":30},{"not_picked":["SpiritShield","Judgement"],"picked":"ConjureBlade","floor":33},{"not_picked":["JustLucky","Weave+1"],"picked":"EmptyBody","floor":35},{"not_picked":["SandsOfTime+1","BowlingBash"],"picked":"ThirdEye+1","floor":38}],"player_experience":318507,"relics_obtained":[{"floor":6,"key":"Meat on the Bone"},{"floor":9,"key":"WingedGreaves"},{"floor":10,"key":"Turnip"},{"floor":25,"key":"Vajra"},{"floor":26,"key":"Frozen Egg 2"},{"floor":27,"key":"Pen Nib"},{"floor":29,"key":"CloakClasp"}],"event_choices":[{"damage_healed":0,"gold_gain":0,"player_choice":"Entered Light","damage_taken":13,"max_hp_gain":0,"max_hp_loss":0,"event_name":"Shining Light","floor":4,"gold_loss":0,"cards_upgraded":["Tantrum","Strike_P"]},{"damage_healed":0,"gold_gain":0,"cards_transformed":["Strike_P"],"player_choice":"Change","damage_taken":0,"max_hp_gain":0,"max_hp_loss":0,"event_name":"Living Wall","floor":5,"gold_loss":0,"cards_obtained":["Nirvana"]},{"cards_removed":["Strike_P"],"damage_healed":0,"gold_gain":0,"player_choice":"Card Removal","damage_taken":7,"max_hp_gain":0,"max_hp_loss":0,"event_name":"Golden Wing","floor":11,"gold_loss":0},{"damage_healed":0,"gold_gain":0,"player_choice":"Trade","damage_taken":0,"relics_obtained":["FaceOfCleric"],"max_hp_gain":0,"max_hp_loss":0,"event_name":"FaceTrader","floor":21,"gold_loss":0},{"damage_healed":0,"gold_gain":0,"player_choice":"Ignored","damage_taken":0,"max_hp_gain":0,"max_hp_loss":0,"event_name":"Vampires","floor":31,"gold_loss":0},{"damage_healed":0,"gold_gain":0,"player_choice":"Upgraded","damage_taken":0,"max_hp_gain":0,"max_hp_loss":0,"event_name":"Upgrade Shrine","floor":37,"gold_loss":0,"cards_upgraded":["ThirdEye"]}],"is_beta":false,"boss_relics":[{"not_picked":["Snecko Eye","Coffee Dripper"],"picked":"SlaversCollar"},{"not_picked":["Black Star","Pandora\u0027s Box"],"picked":"Astrolabe"}],"items_purged_floors":[12],"is_endless":false,"potions_floor_spawned":[1,3,8,18,22,24,27,29,38],"killed_by":"Reptomancer","ascension_level":6}}