{"host":"8is2j71l4wmybkoi","time":1614074236,"event":{"mods":["AchievementEnabler","BaseMod","Colored Map","DeckTracker","Minty Spire (QoL Compilation)","Rare Cards Sparkle","Relic Stats","StSLib","SuperFastMode"],"gold_per_floor":[13,32,47,24,39,39,66,66,66,77,77,103,103,136,136,207,207,227,240,240,253,269,269,294,294,294,324,340,340,352,372,372,444,444,460,477,99,111,0,0,35,55,55,86,86,86,106,119,119,119,119,119,7,38,38,38],"floor_reached":55,"language":"KOR","playtime":2397,"items_purged":["Strike_G"],"score":1516,"play_id":"f88954a0-5fe4-4215-bb61-009cce5b3428","local_time":"20210223185716","is_ascension_mode":true,"campfire_choices":[{"data":"Neutralize","floor":6.0,"key":"SMITH"},{"floor":8.0,"key":"REST"},{"data":"A Thousand Cuts","floor":13.0,"key":"SMITH"},{"floor":15.0,"key":"REST"},{"floor":23.0,"key":"REST"},{"floor":25.0,"key":"REST"},{"floor":29,"key":"RECALL"},{"floor":32,"key":"REST"},{"floor":40,"key":"REST"},{"floor":46,"key":"REST"},{"floor":49,"key":"REST"},{"floor":52,"key":"REST"}],"circlet_count":0,"master_deck":["AscendersBane","Strike_G","Strike_G","Strike_G","Defend_G","Defend_G","Defend_G","Defend_G","Survivor","Neutralize+1","Outmaneuver","Eviscerate","Escape Plan","Dagger Spray","Acrobatics","A Thousand Cuts+1","Prepared","Adrenaline","Deflect+1","Terror+1","Phantasmal Killer","Slice","Endless Agony","Flying Knee","Envenom","Backflip","Dagger Throw","Acrobatics","Prepared+1","Calculated Gamble","Apotheosis","Footwork+1","Purity","Unload"],"relics":["Ring of the Snake","Ginger","Unceasing Top","Tough Bandages","Mummified Hand","Fusion Hammer","Nunchaku","Ancient Tea Set","HoveringKite","Membership Card","Bronze Scales","Gremlin Horn","Red Mask","Darkstone Periapt","The Courier","Question Card","Oddly Smooth Stone"],"acts_visited":["Exordium","TheCity","TheBeyond","TheEnding"],"potions_floor_usage":[35,41,42,44,54,55],"damage_taken":[{"damage":0.0,"enemies":"Cultist","floor":1.0,"turns":4.0},{"damage":1.0,"enemies":"Small Slimes","floor":2.0,"turns":5.0},{"damage":1.0,"enemies":"Jaw Worm","floor":3.0,"turns":4.0},{"damage":0.0,"enemies":"2 Fungi Beasts","floor":5.0,"turns":3.0},{"damage":29.0,"enemies":"Gremlin Nob","floor":7.0,"turns":4.0},{"damage":4.0,"enemies":"Large Slime","floor":10.0,"turns":6.0},{"damage":25.0,"enemies":"Lagavulin","floor":12.0,"turns":7.0},{"damage":28.0,"enemies":"Gremlin Nob","floor":14.0,"turns":5.0},{"damage":9.0,"enemies":"Slime Boss","floor":16.0,"turns":8.0},{"damage":4.0,"enemies":"Spheric Guardian","floor":18.0,"turns":4.0},{"damage":3.0,"enemies":"3 Byrds","floor":19.0,"turns":3.0},{"damage":22.0,"enemies":"Cultist and Chosen","floor":21.0,"turns":7.0},{"damage":0.0,"enemies":"3 Cultists","floor":22.0,"turns":3.0},{"damage":6.0,"enemies":"Slavers","floor":24.0,"turns":4.0},{"damage":0.0,"enemies":"Gremlin Leader","floor":27.0,"turns":3.0},{"damage":0,"enemies":"Centurion and Healer","floor":28,"turns":4},{"damage":0,"enemies":"Chosen and Byrds","floor":30,"turns":3},{"damage":4,"enemies":"Sentry and Sphere","floor":31,"turns":3},{"damage":53,"enemies":"Champ","floor":33,"turns":10},{"damage":25,"enemies":"3 Darklings","floor":35,"turns":2},{"damage":1,"enemies":"3 Shapes","floor":36,"turns":4},{"damage":17,"enemies":"Maw","floor":38,"turns":6},{"damage":27,"enemies":"Nemesis","floor":41,"turns":7},{"damage":0,"enemies":"Transient","floor":42,"turns":5},{"damage":0,"enemies":"Giant Head","floor":44,"turns":5},{"damage":0,"enemies":"3 Darklings","floor":47,"turns":2},{"damage":0,"enemies":"Jaw Worm Horde","floor":48,"turns":3},{"damage":0,"enemies":"Awakened One","floor":50,"turns":7},{"damage":5,"enemies":"Shield and Spear","floor":54,"turns":3},{"damage":73,"enemies":"The Heart","floor":55,"turns":2}],"seed_played":"-4491905076848517087","potions_obtained":[{"floor":1.0,"key":"DuplicationPotion"},{"floor":7.0,"key":"LiquidBronze"},{"floor":10.0,"key":"DistilledChaos"},{"floor":18.0,"key":"Explosive Potion"},{"floor":20.0,"key":"SkillPotion"},{"floor":20.0,"key":"Energy Potion"},{"floor":22.0,"key":"ColorlessPotion"},{"floor":24.0,"key":"AttackPotion"},{"floor":27.0,"key":"Dexterity Potion"},{"floor":35,"key":"SteroidPotion"},{"floor":41,"key":"Energy Potion"},{"floor":48,"key":"Block Potion"}],"is_trial":false,"path_per_floor":["M","M","M","$","M","R","E","R","T","M","?","E","R","E","R","B",null,"M","M","?","M","M","R","E","R","T","E","M","R","M","M","R","B",null,"M","M","$","M","?","R","E","M","T","E","?","R","M","M","R","B",null,"R","$","E","B"],"character_chosen":"THE_SILENT","items_purchased":["Dagger Spray","Membership Card","Bronze Scales","Gremlin Horn","Oddly Smooth Stone","Strength Potion","Purity"],"campfire_rested":9,"item_purchase_floors":[4,37,37,37,53,53,53],"current_hp_per_floor":[59,58,57,57,57,57,28,47,47,43,66,41,41,13,32,23,55,51,48,48,26,26,45,39,58,58,58,58,58,58,54,66,13,53,28,27,27,10,10,29,2,2,2,2,2,21,21,21,40,40,60,66,66,61,0,0],"gold":38,"neow_bonus":"REMOVE_TWO","is_daily":false,"chose_seed":false,"campfire_upgraded":2,"win_rate":0.0,"timestamp":1614074236,"path_taken":["M","M","M","?","M","R","E","R","T","M","?","E","R","E","R","BOSS","M","M","?","?","M","R","E","R","T","E","M","R","M","M","R","BOSS","M","M","$","M","?","R","E","M","T","E","?","R","M","M","R","BOSS","R","$","E","BOSS"],"items_purchased_type":["Card","Relic","Relic","Relic","Relic","Potion","Card"],"build_version":"2020-12-22","purchased_purges":1,"victory":false,"max_hp_per_floor":[66,66,66,66,66,66,66,66,66,66,66,66,66,66,66,66,66,66,66,66,66,66,66,66,66,66,66,66,66,66,66,66,66,66,66,66,66,66,66,66,66,66,66,66,66,66,66,66,66,66,66,66,66,66,66,66],"relic_stats":{"Darkstone Periapt":0,"Gremlin Horn":[8,7],"counters":[30,136],"HoveringKite":[39],"Ginger":[22],"Question Card":4,"Tough Bandages":[432],"Nunchaku":[22],"Mummified Hand":[35],"Bronze Scales":[110],"obtain_stats":[{"Darkstone Periapt":41,"Gremlin Horn":37,"HoveringKite":34,"Oddly Smooth Stone":53,"The Courier":43,"Ginger":7,"Ancient Tea Set":27,"Question Card":44,"Tough Bandages":12,"Nunchaku":24,"Mummified Hand":14,"Bronze Scales":37,"Fusion Hammer":17,"Red Mask":39,"Membership Card":37,"Unceasing Top":9,"Ring of the Snake":0},{"Darkstone Periapt":23,"Gremlin Horn":21,"HoveringKite":19,"Oddly Smooth Stone":28,"The Courier":24,"Ginger":5,"Ancient Tea Set":15,"Question Card":25,"Tough Bandages":7,"Nunchaku":14,"Mummified Hand":8,"Bronze Scales":21,"Fusion Hammer":9,"Red Mask":22,"Membership Card":21,"Unceasing Top":5,"Ring of the Snake":0},{"Darkstone Periapt":109,"Gremlin Horn":96,"HoveringKite":90,"Oddly Smooth Stone":131,"The Courier":114,"Ginger":20,"Ancient Tea Set":70,"Question Card":119,"Tough Bandages":33,"Nunchaku":67,"Mummified Hand":38,"Bronze Scales":96,"Fusion Hammer":46,"Red Mask":102,"Membership Card":96,"Unceasing Top":20,"Ring of the Snake":0}],"Unceasing Top":[137],"Ring of the Snake":[60]},"card_choices":[{"not_picked":["All Out Attack","Prepared"],"picked":"Outmaneuver","floor":1.0},{"not_picked":["Dagger Throw","PiercingWail"],"picked":"Eviscerate","floor":2.0},{"not_picked":["Heel Hook","Blade Dance"],"picked":"Escape Plan","floor":3.0},{"not_picked":["Slice","Flying Knee","Heel Hook"],"picked":"SKIP","floor":5.0},{"not_picked":["Escape Plan","Night Terror"],"picked":"Calculated Gamble","floor":7.0},{"not_picked":["Deadly Poison","Slice"],"picked":"Acrobatics","floor":10.0},{"not_picked":["Backflip","Quick Slash"],"picked":"A Thousand Cuts","floor":12.0},{"not_picked":["Dash","Eviscerate"],"picked":"Prepared","floor":14.0},{"not_picked":["Malaise","Night Terror"],"picked":"Adrenaline","floor":16.0},{"not_picked":["Setup","Accuracy","Cloak And Dagger"],"picked":"SKIP","floor":18.0},{"not_picked":["Reflex","Endless Agony"],"picked":"Deflect+1","floor":19.0},{"not_picked":["Sucker Punch","Prepared","Deflect"],"picked":"SKIP","floor":21.0},{"not_picked":["Escape Plan","Predator"],"picked":"Terror+1","floor":22.0},{"not_picked":["Dodge and Roll","Finisher+1","Deadly Poison"],"picked":"SKIP","floor":24.0},{"not_picked":["Cloak And Dagger","Blur+1"],"picked":"Phantasmal Killer","floor":27.0},{"not_picked":["Dagger Spray","Blade Dance"],"picked":"Slice","floor":28},{"not_picked":["Outmaneuver","Sucker Punch"],"picked":"Endless Agony","floor":30},{"not_picked":["Prepared","Outmaneuver"],"picked":"Flying Knee","floor":31},{"not_picked":["Corpse Explosion","Malaise"],"picked":"Envenom","floor":33},{"not_picked":["Flying Knee+1","Slice+1"],"picked":"Backflip","floor":35},{"not_picked":["Dagger Spray","Skewer"],"picked":"Dagger Throw","floor":36},{"not_picked":["Well Laid Plans","Underhanded Strike+1"],"picked":"Acrobatics","floor":38},{"not_picked":["Leg Sweep","Deflect","Flying Knee"],"picked":"SKIP","floor":41},{"not_picked":["Leg Sweep","Deflect","Flying Knee"],"picked":"SKIP","floor":41},{"not_picked":["Backflip+1","Flying Knee"],"picked":"Prepared+1","floor":42},{"not_picked":["Infinite Blades","PiercingWail"],"picked":"Calculated Gamble","floor":44},{"not_picked":["Discovery","Bandage Up","Swift Strike"],"picked":"Apotheosis","floor":45},{"not_picked":["Sucker Punch","Outmaneuver","Dagger Spray"],"picked":"Footwork+1","floor":47},{"not_picked":["Skewer","Blade Dance+1","Dagger Spray","Quick Slash"],"picked":"SKIP","floor":48},{"not_picked":["Well Laid Plans","Backflip+1","Poisoned Stab"],"picked":"Unload","floor":54}],"player_experience":1312474,"relics_obtained":[{"floor":7.0,"key":"Ginger"},{"floor":9.0,"key":"Unceasing Top"},{"floor":12.0,"key":"Tough Bandages"},{"floor":14.0,"key":"Mummified Hand"},{"floor":24.0,"key":"Nunchaku"},{"floor":27.0,"key":"Ancient Tea Set"},{"floor":41,"key":"Darkstone Periapt"},{"floor":43,"key":"The Courier"},{"floor":44,"key":"Question Card"}],"event_choices":[{"cards_removed":["Calculated Gamble"],"damage_healed":23.0,"max_hp_gain":0.0,"max_hp_loss":0.0,"gold_gain":0.0,"event_name":"Bonfire Elementals","player_choice":"Offered Uncommon","floor":11.0,"gold_loss":0.0,"damage_taken":0.0},{"damage_healed":0.0,"max_hp_gain":0.0,"max_hp_loss":0.0,"gold_gain":0.0,"event_name":"Lab","player_choice":"Got Potions","floor":20.0,"gold_loss":0.0,"damage_taken":0.0},{"damage_healed":0,"gold_gain":0,"player_choice":"Paid","damage_taken":0,"relics_obtained":["Red Mask"],"max_hp_gain":0,"max_hp_loss":0,"event_name":"Tomb of Lord Red Mask","floor":39,"gold_loss":111},{"damage_healed":0,"gold_gain":0,"player_choice":"Memory 1","damage_taken":0,"max_hp_gain":0,"max_hp_loss":0,"event_name":"SensoryStone","floor":45,"gold_loss":0}],"is_beta":false,"boss_relics":[{"not_picked":["WristBlade","SlaversCollar"],"picked":"Fusion Hammer"},{"not_picked":["Coffee Dripper","Black Star"],"picked":"HoveringKite"}],"items_purged_floors":[37],"is_endless":false,"potions_floor_spawned":[1,7,10,18,22,24,27,35,41,48],"killed_by":"The Heart","ascension_level":15}}