{"host":"r4aerl4ckfvw1dw3","time":1614109101,"event":{"mods":["BaseMod","BetterRewards","Minty Spire (QoL Compilation)","Quick Restart","StSLib"],"gold_per_floor":[113,113,113,128,144,179,179,196,223,252,274,298,310,356,368,475,487,509,333,333,52,151,151,186,186,239,253,286,286,77,87,87,186,186,199,0,16,16,31,64,75,75,75,75,92,67,67,67,67,67,67,67,67,94,94,94],"floor_reached":55,"language":"ENG","playtime":3759,"items_purged":["Strike_B","Strike_B"],"score":999,"play_id":"cf20ecdb-589c-4fda-bba3-7f8ed26100b7","local_time":"20210223113821","is_ascension_mode":true,"campfire_choices":[{"data":"Fission","floor":7.0,"key":"SMITH"},{"data":"Echo Form","floor":13.0,"key":"SMITH"},{"data":"Redo","floor":15.0,"key":"SMITH"},{"data":"Recycle","floor":23.0,"key":"SMITH"},{"floor":25.0,"key":"REST"},{"data":"Defragment","floor":32.0,"key":"SMITH"},{"floor":42.0,"key":"REST"},{"floor":47.0,"key":"REST"},{"floor":49.0,"key":"RECALL"},{"floor":52,"key":"REST"}],"circlet_count":0,"master_deck":["Strike_B","Strike_B","Defend_B","Defend_B","Defend_B","Defend_B","Zap","Dualcast+1","Lockon","Self Repair","Chill","Fission+1","Ball Lightning","Echo Form+1","Cold Snap","Skim","Redo+1","Multi-Cast","Stack+1","Defragment+1","Recycle+1","Defragment","Ball Lightning","Capacitor+1","Heatsinks+1","White Noise","Ball Lightning+1","Core Surge","Static Discharge+1","Defragment","Panacea","Conserve Battery+1","Defragment","Electrodynamics","Hologram","Steam+1"],"relics":["FrozenCore","NeowsBlessing","Regal Pillow","Juzu Bracelet","MawBank","HornCleat","Enchiridion","Potion Belt","Blood Vial","PreservedInsect","Oddly Smooth Stone","Sozu","Red Mask","Art of War","Bottled Lightning"],"acts_visited":["Exordium","TheCity","TheBeyond","TheEnding"],"potions_floor_usage":[],"damage_taken":[{"damage":0.0,"enemies":"Small Slimes","floor":1.0,"turns":1.0},{"damage":0.0,"enemies":"2 Louse","floor":4.0,"turns":1.0},{"damage":0.0,"enemies":"Cultist","floor":5.0,"turns":1.0},{"damage":12.0,"enemies":"Gremlin Nob","floor":6.0,"turns":4.0},{"damage":1.0,"enemies":"Blue Slaver","floor":8.0,"turns":2.0},{"damage":27.0,"enemies":"3 Sentries","floor":10.0,"turns":8.0},{"damage":5.0,"enemies":"Large Slime","floor":11.0,"turns":7.0},{"damage":0.0,"enemies":"2 Fungi Beasts","floor":12.0,"turns":2.0},{"damage":24.0,"enemies":"Lagavulin","floor":14.0,"turns":6.0},{"damage":9.0,"enemies":"Slime Boss","floor":16.0,"turns":8.0},{"damage":10.0,"enemies":"Spheric Guardian","floor":18.0,"turns":4.0},{"damage":30.0,"enemies":"Gremlin Leader","floor":24.0,"turns":6.0},{"damage":0.0,"enemies":"2 Thieves","floor":27.0,"turns":3.0},{"damage":16.0,"enemies":"Slavers","floor":28.0,"turns":8.0},{"damage":1.0,"enemies":"Centurion and Healer","floor":31.0,"turns":8.0},{"damage":1.0,"enemies":"Champ","floor":33.0,"turns":9.0},{"damage":2.0,"enemies":"Orb Walker","floor":35.0,"turns":5.0},{"damage":15.0,"enemies":"3 Shapes","floor":37.0,"turns":3.0},{"damage":7.0,"enemies":"Writhing Mass","floor":39.0,"turns":5.0},{"damage":51.0,"enemies":"Reptomancer","floor":40.0,"turns":5.0},{"damage":13.0,"enemies":"Spire Growth","floor":41.0,"turns":5.0},{"damage":9.0,"enemies":"4 Shapes","floor":45.0,"turns":7.0},{"damage":68,"enemies":"Time Eater","floor":50,"turns":10},{"damage":14,"enemies":"Shield and Spear","floor":54,"turns":5},{"damage":88,"enemies":"The Heart","floor":55,"turns":9}],"seed_played":"7535943247818366772","potions_obtained":[{"floor":4.0,"key":"Weak Potion"},{"floor":5.0,"key":"ColorlessPotion"},{"floor":6.0,"key":"Weak Potion"},{"floor":11.0,"key":"Regen Potion"},{"floor":24.0,"key":"EntropicBrew"},{"floor":28.0,"key":"DuplicationPotion"},{"floor":31.0,"key":"BlessingOfTheForge"}],"is_trial":false,"path_per_floor":["M","?","?","M","M","E","R","M","T","E","M","M","R","E","R","B",null,"M","$","?","$","?","R","E","R","T","M","E","?","$","M","R","B",null,"M","?","M","?","M","E","M","R","T","$","M","$","R","$","R","B",null,"R","$","E","B"],"character_chosen":"DEFECT","items_purchased":["Defragment","Recycle","Defragment","Ball Lightning","SkillPotion","Oddly Smooth Stone","Block Potion","Hologram"],"campfire_rested":4,"item_purchase_floors":[19,19,21,21,21,30,30,46],"current_hp_per_floor":[68,73,73,73,73,68,68,74,74,54,56,56,56,61,61,59,75,72,72,56,56,56,56,33,72,72,80,71,71,71,79,79,80,80,80,80,65,65,67,18,14,53,53,53,46,46,80,80,80,12,63,80,80,73,0,0],"gold":94,"neow_bonus":"THREE_ENEMY_KILL","is_daily":false,"chose_seed":false,"campfire_upgraded":5,"win_rate":0.0,"timestamp":1614109101,"path_taken":["M","?","?","?","M","E","R","M","T","E","M","M","R","E","R","BOSS","M","$","?","$","?","R","E","R","T","M","E","?","?","M","R","BOSS","M","?","M","?","M","E","M","R","T","$","M","?","R","$","R","BOSS","R","$","E","BOSS"],"items_purchased_type":["Card","Card","Card","Card","Potion","Relic","Potion","Card"],"build_version":"2020-12-22","purchased_purges":2,"victory":false,"max_hp_per_floor":[75,80,80,80,80,80,80,80,80,80,80,80,80,80,80,80,80,80,80,80,80,80,80,80,80,80,80,80,80,80,80,80,80,80,80,80,80,80,80,80,80,80,80,80,80,80,80,80,80,80,80,80,80,80,80,80],"card_choices":[{"not_picked":["Hologram","Reprogram"],"picked":"Lockon","floor":1.0},{"not_picked":["Lockon","Compile Driver"],"picked":"Self Repair","floor":4.0},{"not_picked":["Turbo","Barrage"],"picked":"Chill","floor":5.0},{"not_picked":["Reinforced Body","Stack"],"picked":"Fission","floor":6.0},{"not_picked":["White Noise","Consume"],"picked":"Ball Lightning","floor":8.0},{"not_picked":["Reinforced Body","Gash"],"picked":"Echo Form","floor":10.0},{"not_picked":["Fusion","Gash"],"picked":"Cold Snap","floor":11.0},{"not_picked":["Turbo","White Noise"],"picked":"Skim","floor":12.0},{"not_picked":["Gash","Core Surge"],"picked":"Redo","floor":14.0},{"not_picked":["Creative AI","Thunder Strike"],"picked":"Multi-Cast","floor":16.0},{"not_picked":["Turbo+1","Redo"],"picked":"Stack+1","floor":18.0},{"not_picked":["Ball Lightning","Consume"],"picked":"Capacitor+1","floor":24.0},{"not_picked":["Compile Driver","Ball Lightning"],"picked":"Heatsinks+1","floor":27.0},{"not_picked":["Chill","Hello World"],"picked":"White Noise","floor":28.0},{"not_picked":["Barrage","Hello World+1"],"picked":"Ball Lightning+1","floor":31.0},{"not_picked":["Reboot","Echo Form"],"picked":"Core Surge","floor":33.0},{"not_picked":["Sweeping Beam","Stack"],"picked":"Static Discharge+1","floor":35.0},{"not_picked":["Melter","Coolheaded"],"picked":"Defragment","floor":37.0},{"not_picked":["Madness","Good Instincts"],"picked":"Panacea","floor":38.0},{"not_picked":["Aggregate+1","Sunder+1"],"picked":"Conserve Battery+1","floor":39.0},{"not_picked":["Steam Power","Storm+1"],"picked":"Defragment","floor":40.0},{"not_picked":["Recycle","Beam Cell","Turbo"],"picked":"SKIP","floor":41.0},{"not_picked":["Auto Shields","Cold Snap+1"],"picked":"Electrodynamics","floor":45.0},{"not_picked":["Conserve Battery+1","Rebound+1"],"picked":"Steam+1","floor":54}],"player_experience":685325,"relics_obtained":[{"floor":6.0,"key":"Regal Pillow"},{"floor":9.0,"key":"Juzu Bracelet"},{"floor":10.0,"key":"MawBank"},{"floor":14.0,"key":"HornCleat"},{"floor":20.0,"key":"Enchiridion"},{"floor":24.0,"key":"Potion Belt"},{"floor":26.0,"key":"Blood Vial"},{"floor":28.0,"key":"PreservedInsect"},{"floor":40.0,"key":"Art of War"},{"floor":54,"key":"Bottled Lightning"}],"event_choices":[{"damage_healed":0.0,"max_hp_gain":5.0,"max_hp_loss":0.0,"gold_gain":0.0,"event_name":"Big Fish","player_choice":"Donut","floor":2.0,"gold_loss":0.0,"damage_taken":0.0},{"damage_healed":0.0,"max_hp_gain":0.0,"max_hp_loss":0.0,"gold_gain":0.0,"event_name":"Upgrade Shrine","player_choice":"Upgraded","floor":3.0,"gold_loss":0.0,"damage_taken":0.0,"cards_upgraded":["Dualcast"]},{"damage_healed":0.0,"max_hp_gain":0.0,"max_hp_loss":0.0,"gold_gain":0.0,"event_name":"Cursed Tome","player_choice":"Obtained Book","floor":20.0,"gold_loss":0.0,"damage_taken":16.0},{"damage_healed":0.0,"max_hp_gain":0.0,"max_hp_loss":0.0,"gold_gain":99.0,"event_name":"Nest","player_choice":"Stole From Cult","floor":22.0,"gold_loss":0.0,"damage_taken":0.0},{"damage_healed":0.0,"max_hp_gain":0.0,"max_hp_loss":0.0,"gold_gain":0.0,"event_name":"The Mausoleum","player_choice":"Ignored","floor":29.0,"gold_loss":0.0,"damage_taken":0.0},{"damage_healed":0.0,"max_hp_gain":0.0,"max_hp_loss":0.0,"gold_gain":0.0,"event_name":"Tomb of Lord Red Mask","player_choice":"Paid","floor":36.0,"gold_loss":199.0,"damage_taken":0.0,"relics_obtained":["Red Mask"]},{"damage_healed":0.0,"max_hp_gain":0.0,"max_hp_loss":0.0,"gold_gain":0.0,"event_name":"SensoryStone","player_choice":"Memory 1","floor":38.0,"gold_loss":0.0,"damage_taken":0.0}],"is_beta":false,"boss_relics":[{"not_picked":["SacredBark","Snecko Eye"],"picked":"FrozenCore"},{"not_picked":["Tiny House","SlaversCollar"],"picked":"Sozu"}],"items_purged_floors":[19,21],"is_endless":false,"potions_floor_spawned":[4,5,6,11,24,28,31,37,39],"killed_by":"The Heart","ascension_level":7}}