{"host":"2l5k2wp87eek7qja","time":1614117041,"event":{"mods":["BaseMod","Colored Map","Minty Spire (QoL Compilation)","Relic Stats"],"gold_per_floor":[110,260,260,281,281,322,322,322,322,78,114,114,154,154,154,252,252,271,309,309,309,327,327,370,295,371,371,414,414,455,475,475,475,475],"floor_reached":33,"language":"ENG","playtime":861,"items_purged":["Doubt"],"score":680,"play_id":"ec258ea3-572a-40ff-857d-33d095248f91","local_time":"20210223235041","is_ascension_mode":true,"campfire_choices":[{"data":"Neutralize","floor":8,"key":"SMITH"},{"data":"Poisoned Stab","floor":12,"key":"SMITH"},{"floor":15,"key":"RECALL"},{"data":"RitualDagger","floor":23,"key":"SMITH"},{"data":"Blade Dance","floor":27,"key":"SMITH"},{"data":"Die Die Die","floor":29,"key":"SMITH"},{"data":"Concentrate","floor":32,"key":"SMITH"}],"circlet_count":0,"master_deck":["AscendersBane","Strike_G","Strike_G","Strike_G","Defend_G","Defend_G","Defend_G","Defend_G","Defend_G","Survivor","Neutralize+1","Poisoned Stab+1","Masterful Stab","Backstab","Die Die Die+1","Predator","RitualDagger+1","Blade Dance+1","After Image","Calculated Gamble+1","Leg Sweep","Concentrate+1"],"relics":["Ring of the Snake","NeowsBlessing","Golden Idol","Kunai","Ancient Tea Set","Bronze Scales","HornCleat","Tough Bandages","HoveringKite","Red Mask","MutagenicStrength","The Specimen","Gremlin Horn","Bag of Marbles","Dream Catcher"],"acts_visited":["Exordium","TheCity"],"potions_floor_usage":[11,11,19,19],"damage_taken":[{"damage":0,"enemies":"2 Louse","floor":1,"turns":1},{"damage":0,"enemies":"Small Slimes","floor":4,"turns":1},{"damage":0,"enemies":"Gremlin Nob","floor":6,"turns":1},{"damage":12,"enemies":"3 Sentries","floor":11,"turns":7},{"damage":20,"enemies":"Lagavulin","floor":13,"turns":6},{"damage":4,"enemies":"The Guardian","floor":16,"turns":13},{"damage":2,"enemies":"3 Byrds","floor":18,"turns":2},{"damage":20,"enemies":"Masked Bandits","floor":19,"turns":5},{"damage":0,"enemies":"Chosen","floor":22,"turns":4},{"damage":4,"enemies":"Book of Stabbing","floor":24,"turns":6},{"damage":3,"enemies":"Slavers","floor":28,"turns":5},{"damage":13,"enemies":"Book of Stabbing","floor":30,"turns":3},{"damage":0,"enemies":"Centurion and Healer","floor":31,"turns":2},{"damage":23,"enemies":"Collector","floor":33,"turns":6}],"seed_played":"5890766214543837014","potions_obtained":[{"floor":1,"key":"Strength Potion"},{"floor":4,"key":"Dexterity Potion"},{"floor":13,"key":"Regen Potion"},{"floor":18,"key":"LiquidMemories"},{"floor":22,"key":"Energy Potion"}],"is_trial":false,"path_per_floor":["M","?","?","M","?","E","T","R","T","$","E","R","E","?","R","B",null,"M","?","?","?","M","R","E","?","T","R","E","R","E","M","R","B"],"character_chosen":"THE_SILENT","items_purchased":["Bronze Scales"],"campfire_rested":0,"item_purchase_floors":[10],"current_hp_per_floor":[59,59,59,59,64,64,64,64,64,64,52,52,32,25,25,21,54,52,46,40,40,40,40,36,36,36,36,33,33,20,20,20,0,0],"gold":475,"neow_bonus":"THREE_ENEMY_KILL","is_daily":false,"chose_seed":false,"campfire_upgraded":6,"win_rate":0.0,"timestamp":1614117041,"path_taken":["M","?","?","M","?","E","?","R","T","$","E","R","E","?","R","BOSS","M","?","?","?","M","R","E","?","T","R","E","R","E","M","R","BOSS"],"items_purchased_type":["Relic"],"build_version":"2020-12-22","purchased_purges":1,"victory":false,"max_hp_per_floor":[66,66,60,60,65,65,65,65,65,65,65,65,65,65,65,65,65,65,65,65,65,65,65,65,65,65,65,65,65,65,65,65,65,65],"relic_stats":{"Tough Bandages":[60],"Dream Catcher":0,"Gremlin Horn":[5,5],"counters":[14,62],"Golden Idol":93,"Bronze Scales":[243],"HoveringKite":[8],"Kunai":[33],"obtain_stats":[{"NeowsBlessing":0,"The Specimen":24,"Gremlin Horn":26,"Golden Idol":3,"HoveringKite":17,"Ancient Tea Set":7,"Tough Bandages":13,"Dream Catcher":30,"HornCleat":11,"Bronze Scales":10,"MutagenicStrength":21,"Red Mask":19,"Bag of Marbles":28,"Kunai":6,"Ring of the Snake":0},{"NeowsBlessing":0,"The Specimen":10,"Gremlin Horn":10,"Golden Idol":1,"HoveringKite":6,"Ancient Tea Set":3,"Tough Bandages":5,"Dream Catcher":12,"HornCleat":4,"Bronze Scales":3,"MutagenicStrength":8,"Red Mask":8,"Bag of Marbles":11,"Kunai":3,"Ring of the Snake":0},{"NeowsBlessing":0,"The Specimen":46,"Gremlin Horn":46,"Golden Idol":1,"HoveringKite":29,"Ancient Tea Set":3,"Tough Bandages":16,"Dream Catcher":54,"HornCleat":10,"Bronze Scales":3,"MutagenicStrength":36,"Red Mask":36,"Bag of Marbles":51,"Kunai":3,"Ring of the Snake":0}],"Ring of the Snake":[28]},"card_choices":[{"not_picked":["Noxious Fumes","Well Laid Plans"],"picked":"Poisoned Stab","floor":1},{"not_picked":["PiercingWail","Slice","Infinite Blades"],"picked":"SKIP","floor":4},{"not_picked":["Bouncing Flask","Grand Finale"],"picked":"Masterful Stab","floor":6},{"not_picked":["Backflip","Tactician"],"picked":"Backstab","floor":11},{"not_picked":["Slice","Bane","Sucker Punch"],"picked":"SKIP","floor":13},{"not_picked":["Envenom","Burst"],"picked":"Die Die Die","floor":16},{"not_picked":["Dagger Throw","Finisher"],"picked":"Predator","floor":18},{"not_picked":["Flying Knee","Reflex"],"picked":"Blade Dance","floor":22},{"not_picked":["Quick Slash","Flying Knee+1"],"picked":"After Image","floor":24},{"not_picked":["Terror","Dagger Throw"],"picked":"Calculated Gamble+1","floor":28},{"not_picked":["Slice+1","Cloak And Dagger"],"picked":"Leg Sweep","floor":30},{"not_picked":["Acrobatics","Cloak And Dagger"],"picked":"Concentrate","floor":31}],"player_experience":877369,"relics_obtained":[{"floor":6,"key":"Kunai"},{"floor":7,"key":"Ancient Tea Set"},{"floor":11,"key":"HornCleat"},{"floor":13,"key":"Tough Bandages"},{"floor":19,"key":"Red Mask"},{"floor":24,"key":"The Specimen"},{"floor":26,"key":"Gremlin Horn"},{"floor":28,"key":"Bag of Marbles"},{"floor":30,"key":"Dream Catcher"}],"event_choices":[{"damage_healed":0,"gold_gain":150,"player_choice":"AGREE","damage_taken":0,"max_hp_gain":0,"max_hp_loss":0,"event_name":"Liars Game","floor":2,"gold_loss":0,"cards_obtained":["Doubt"]},{"damage_healed":0,"gold_gain":0,"player_choice":"Lose Max HP","damage_taken":0,"relics_obtained":["Golden Idol"],"max_hp_gain":0,"max_hp_loss":6,"event_name":"Golden Idol","floor":3,"gold_loss":0},{"damage_healed":0,"gold_gain":0,"player_choice":"Donut","damage_taken":0,"max_hp_gain":5,"max_hp_loss":0,"event_name":"Big Fish","floor":5,"gold_loss":0},{"cards_removed":["Strike_G"],"damage_healed":0,"gold_gain":0,"player_choice":"Card Removal","damage_taken":7,"max_hp_gain":0,"max_hp_loss":0,"event_name":"Golden Wing","floor":14,"gold_loss":0},{"damage_healed":0,"gold_gain":0,"player_choice":"Fought Bandits","damage_taken":0,"max_hp_gain":0,"max_hp_loss":0,"event_name":"Masked Bandits","floor":19,"gold_loss":0},{"damage_healed":0,"gold_gain":0,"player_choice":"Joined the Cult","damage_taken":6,"max_hp_gain":0,"max_hp_loss":0,"event_name":"Nest","floor":20,"gold_loss":0,"cards_obtained":["RitualDagger"]},{"damage_healed":0,"gold_gain":0,"player_choice":"Inject Mutagens","damage_taken":0,"relics_obtained":["MutagenicStrength"],"max_hp_gain":0,"max_hp_loss":0,"event_name":"Drug Dealer","floor":21,"gold_loss":0},{"cards_removed":["Strike_G"],"damage_healed":0,"gold_gain":0,"player_choice":"Gave Gold","damage_taken":0,"max_hp_gain":0,"max_hp_loss":0,"event_name":"Beggar","floor":25,"gold_loss":75}],"is_beta":false,"boss_relics":[{"not_picked":["Busted Crown","Ectoplasm"],"picked":"HoveringKite"}],"items_purged_floors":[10],"is_endless":false,"potions_floor_spawned":[1,4,13,18,22],"killed_by":"Collector","ascension_level":20}}