{"host":"zxd2l8an9de7z7b9","time":1614059410,"event":{"mods":["100% Spire Juice","2.2 Compatiblity","AchievementEnabler","BaseMod","CapriCore","Colored Map","Colored Powertips","Marisa£¨Ùöéë¡¡Øª×âÞÞ£©","Minty Spire (QoL Compilation)","Rare Cards Sparkle","StSLib","SuperFastMode","Td1madao Mod","everything is the same but u backflip on backflip"],"gold_per_floor":[216,73,8,25,35,35,51,61,115,115,132,32,61,136,136,237,237,257,257,272,272,272],"floor_reached":21,"language":"KOR","playtime":467,"items_purged":["Strike_R","Defend_R"],"score":171,"play_id":"e5dad432-b088-4d16-a34f-5d601a152634","local_time":"20210223145010","is_ascension_mode":false,"campfire_choices":[{"data":"Bash","floor":6.0,"key":"SMITH"},{"floor":15.0,"key":"REST"}],"circlet_count":0,"master_deck":["Strike_R","Strike_R","Strike_R","Strike_R","Defend_R","Bash+1","Dropkick+1","Clash","Inflame","Body Slam"],"relics":["Burning Blood","Gremlin Horn","Dream Catcher","Odd Mushroom","SlaversCollar"],"acts_visited":["Exordium","TheCity"],"potions_floor_usage":[18,21],"damage_taken":[{"damage":8.0,"enemies":"Jaw Worm","floor":1.0,"turns":4.0},{"damage":1.0,"enemies":"Cultist","floor":4.0,"turns":3.0},{"damage":2.0,"enemies":"2 Louse","floor":5.0,"turns":3.0},{"damage":11.0,"enemies":"Red Slaver","floor":7.0,"turns":3.0},{"damage":7.0,"enemies":"Looter","floor":8.0,"turns":4.0},{"damage":1.0,"enemies":"Large Slime","floor":11.0,"turns":7.0},{"damage":16.0,"enemies":"The Mushroom Lair","floor":13.0,"turns":4.0},{"damage":29.0,"enemies":"Slime Boss","floor":16.0,"turns":10.0},{"damage":37,"enemies":"Shell Parasite","floor":18,"turns":7},{"damage":26,"enemies":"Chosen","floor":20,"turns":5},{"damage":32,"enemies":"Shelled Parasite and Fungi","floor":21,"turns":4}],"seed_played":"7779253962582025465","potions_obtained":[{"floor":4.0,"key":"BlessingOfTheForge"},{"floor":7.0,"key":"Ancient Potion"},{"floor":8.0,"key":"Strength Potion"},{"floor":13.0,"key":"SkillPotion"},{"floor":18,"key":"Fruit Juice"},{"floor":20,"key":"Ancient Potion"}],"is_trial":false,"path_per_floor":["M","$","?","M","M","R","M","M","T","?","M","$","?","?","R","B",null,"M","?","M","M"],"character_chosen":"IRONCLAD","items_purchased":["Dropkick"],"campfire_rested":1,"item_purchase_floors":[2],"current_hp_per_floor":[78,78,78,80,80,80,75,74,74,74,79,79,69,58,80,57,80,54,54,34,2,2],"gold":272,"neow_bonus":"HUNDRED_GOLD","is_daily":false,"chose_seed":false,"campfire_upgraded":1,"win_rate":0.0,"timestamp":1614059410,"path_taken":["M","$","?","?","M","R","M","M","T","?","?","?","?","?","R","BOSS","M","?","M","M"],"items_purchased_type":["Card"],"build_version":"2020-12-22","purchased_purges":2,"victory":false,"max_hp_per_floor":[80,80,80,80,80,80,80,80,80,80,80,80,80,80,80,80,80,85,85,85,85,85],"card_choices":[{"not_picked":["Heavy Blade","Pommel Strike","Second Wind"],"picked":"SKIP","floor":1.0},{"not_picked":["Havoc","Sever Soul","Armaments"],"picked":"SKIP","floor":4.0},{"not_picked":["True Grit","Perfected Strike","Burning Pact"],"picked":"SKIP","floor":5.0},{"not_picked":["Metallicize","Perfected Strike","Second Wind"],"picked":"SKIP","floor":7.0},{"not_picked":["Thunderclap","Battle Trance","Warcry"],"picked":"SKIP","floor":8.0},{"not_picked":["Berserk","Perfected Strike","Dropkick"],"picked":"SKIP","floor":11.0},{"not_picked":["Pommel Strike","Iron Wave"],"picked":"Clash","floor":15.0},{"not_picked":["True Grit+1","Havoc","Intimidate+1"],"picked":"SKIP","floor":18},{"not_picked":["Evolve","Warcry","Sword Boomerang"],"picked":"SKIP","floor":20}],"player_experience":451850,"relics_obtained":[{"floor":9.0,"key":"Dream Catcher"},{"floor":13.0,"key":"Odd Mushroom"}],"event_choices":[{"damage_healed":0.0,"max_hp_gain":0.0,"max_hp_loss":0.0,"gold_gain":0.0,"event_name":"WeMeetAgain","player_choice":"Paid Gold","floor":3.0,"gold_loss":65.0,"damage_taken":0.0,"relics_obtained":["Gremlin Horn"]},{"damage_healed":0.0,"max_hp_gain":0.0,"max_hp_loss":0.0,"gold_gain":0.0,"event_name":"Upgrade Shrine","player_choice":"Upgraded","floor":10.0,"gold_loss":0.0,"damage_taken":0.0,"cards_upgraded":["Dropkick"]},{"damage_healed":0.0,"max_hp_gain":0.0,"max_hp_loss":0.0,"gold_gain":0.0,"event_name":"Mushrooms","player_choice":"Fought Mushrooms","floor":13.0,"gold_loss":0.0,"damage_taken":0.0},{"damage_healed":0.0,"max_hp_gain":0.0,"max_hp_loss":0.0,"gold_gain":75.0,"event_name":"World of Goop","player_choice":"Gather Gold","floor":14.0,"gold_loss":0.0,"damage_taken":11.0},{"damage_healed":0,"gold_gain":0,"cards_transformed":["Defend_R","Defend_R"],"player_choice":"Became Test Subject","damage_taken":0,"max_hp_gain":0,"max_hp_loss":0,"event_name":"Drug Dealer","floor":19,"gold_loss":0,"cards_obtained":["Inflame","Body Slam"]}],"is_beta":false,"boss_relics":[{"not_picked":["Snecko Eye","Runic Dome"],"picked":"SlaversCollar"}],"items_purged_floors":[2,12],"is_endless":false,"potions_floor_spawned":[4,7,8,13,18,20],"killed_by":"Shelled Parasite and Fungi","ascension_level":0}}