{"host":"lufzn74xe9ct3rkf","time":1614041818,"event":{"mods":["AchievementEnabler","BaseMod","Evolution","Minty Spire (QoL Compilation)","StSLib"],"gold_per_floor":[111,123,137,188,188,207,207,232,281,295,325,34,34,48,48,149,149,167,19,34,54,65,65,65,65,65,92,92,112,122,122,122,221,221,241,151,170,170,220,220,18,18,42,68,91,91,111,111,111,111,111],"floor_reached":50,"language":"ENG","playtime":3054,"items_purged":[],"score":527,"play_id":"01f6c1bd-5be1-4310-8c6a-052d9a9bb3bf","local_time":"20210222165658","is_ascension_mode":false,"campfire_choices":[{"data":"Armaments","floor":7,"key":"SMITH"},{"floor":13,"key":"REST"},{"data":"Body Slam","floor":15,"key":"SMITH"},{"floor":23,"key":"REST"},{"floor":25,"key":"REST"},{"floor":28,"key":"REST"},{"data":"RitualDagger","floor":32,"key":"SMITH"},{"floor":40,"key":"REST"},{"data":"Iron Wave","floor":42,"key":"SMITH"},{"floor":49,"key":"REST"}],"circlet_count":0,"master_deck":["Cleave","Cleave+1","Strike_R+1","Strike_R","Defend_R+1","Defend_R","Bash+1","Thunderclap","Armaments+1","Spot Weakness+1","Fire Breathing","Body Slam+1","Warcry","Impervious","Infernal Blade+1","Flex+1","Shrug It Off+1","Wild Strike+1","Anger+1","Headbutt+1","Blood for Blood+1","Spot Weakness+1","Iron Wave+1","Infernal Blade+1","Iron Wave+1","Bloodletting+1","Cleave+1","Rampage+1","RitualDagger+1","Offering+1","Bloodletting+1","Headbutt","Pommel Strike","Metallicize+1","Power Through+1","Bloodletting+1","Discovery+1","Shockwave+1","True Grit+1","Barricade"],"relics":["Burning Blood","EVO:Axolotl","Nunchaku","War Paint","Strawberry","Dream Catcher","Toxic Egg 2","Black Star","Bronze Scales","Letter Opener","Eternal Feather","Kunai","SacredBark","CaptainsWheel","Centennial Puzzle","Whetstone","Happy Flower","Regal Pillow"],"acts_visited":["Exordium","TheCity","TheBeyond"],"potions_floor_usage":[10,10,11,20,21,21,33,35,44,48],"damage_taken":[{"damage":6,"enemies":"Cultist","floor":1,"turns":3},{"damage":0,"enemies":"2 Louse","floor":2,"turns":3},{"damage":8,"enemies":"Small Slimes","floor":3,"turns":2},{"damage":13,"enemies":"Red Slaver","floor":6,"turns":4},{"damage":22,"enemies":"3 Sentries","floor":8,"turns":3},{"damage":8,"enemies":"Large Slime","floor":10,"turns":3},{"damage":16,"enemies":"Lagavulin","floor":11,"turns":8},{"damage":0,"enemies":"Gremlin Gang","floor":14,"turns":1},{"damage":3,"enemies":"Slime Boss","floor":16,"turns":8},{"damage":22,"enemies":"3 Byrds","floor":18,"turns":5},{"damage":12,"enemies":"Shell Parasite","floor":20,"turns":4},{"damage":11,"enemies":"Cultist and Chosen","floor":21,"turns":5},{"damage":44,"enemies":"Snecko","floor":22,"turns":8},{"damage":23,"enemies":"Book of Stabbing","floor":27,"turns":4},{"damage":18,"enemies":"Snake Plant","floor":29,"turns":3},{"damage":0,"enemies":"Chosen and Byrds","floor":30,"turns":4},{"damage":66,"enemies":"Automaton","floor":33,"turns":8},{"damage":20,"enemies":"3 Shapes","floor":35,"turns":3},{"damage":9,"enemies":"Orb Walker","floor":37,"turns":2},{"damage":58,"enemies":"2 Orb Walkers","floor":39,"turns":4},{"damage":14,"enemies":"Reptomancer","floor":44,"turns":5},{"damage":60,"enemies":"Maw","floor":47,"turns":8},{"damage":0,"enemies":"Writhing Mass","floor":48,"turns":1},{"damage":73,"enemies":"Awakened One","floor":50,"turns":10}],"seed_played":"-5258270107839505529","potions_obtained":[{"floor":6,"key":"Energy Potion"},{"floor":8,"key":"PowerPotion"},{"floor":10,"key":"Dexterity Potion"},{"floor":11,"key":"Weak Potion"},{"floor":14,"key":"Ancient Potion"},{"floor":20,"key":"Explosive Potion"},{"floor":22,"key":"CultistPotion"},{"floor":33,"key":"AttackPotion"},{"floor":39,"key":"Block Potion"},{"floor":47,"key":"SmokeBomb"}],"is_trial":false,"path_per_floor":["M","M","M","T","?","M","R","E","T","M","E","$","R","M","R","B",null,"M","$","M","M","M","R","?","R","T","E","R","M","M","?","R","B",null,"M","?","M","?","?","R","$","R","T","E","T","?","M","M","R","B"],"character_chosen":"IRONCLAD","items_purchased":["Toxic Egg 2","Infernal Blade+1","Bronze Scales","Power Through+1","Bloodletting+1","Discovery+1"],"campfire_rested":6,"item_purchase_floors":[12,12,19,41,41,41],"current_hp_per_floor":[80,80,78,78,83,76,76,60,67,65,55,55,82,88,88,91,92,76,76,70,65,27,54,54,81,81,64,92,80,86,80,92,32,92,78,78,75,75,23,68,68,89,89,81,81,81,27,33,92,19,19],"gold":111,"neow_bonus":"UPGRADE_CARD","is_daily":false,"chose_seed":false,"campfire_upgraded":4,"win_rate":0.0,"timestamp":1614041818,"path_taken":["M","?","M","?","?","M","R","E","T","M","E","$","R","M","R","BOSS","M","$","M","M","M","R","?","R","T","E","R","?","M","?","R","BOSS","M","?","?","?","?","R","?","R","T","E","?","?","M","?","R","BOSS"],"items_purchased_type":["Relic","Card","Relic","Card","Card","Card"],"build_version":"2020-12-22","purchased_purges":0,"victory":false,"max_hp_per_floor":[80,80,80,80,85,85,85,85,92,92,92,92,92,92,92,92,92,92,92,92,92,92,92,92,92,92,92,92,92,92,92,92,92,92,92,92,92,92,92,92,92,92,92,92,92,92,92,92,92,92,92],"card_choices":[{"not_picked":["Headbutt","Rage"],"picked":"Thunderclap","floor":1},{"not_picked":["Dark Embrace","Combust"],"picked":"Armaments","floor":2},{"not_picked":["Hemokinesis","Clothesline"],"picked":"Spot Weakness","floor":3},{"not_picked":["Pummel","Pommel Strike"],"picked":"Fire Breathing","floor":6},{"not_picked":["Intimidate","Wild Strike"],"picked":"Body Slam","floor":8},{"not_picked":["Heavy Blade","Searing Blow"],"picked":"Warcry","floor":10},{"not_picked":["Pummel","Evolve"],"picked":"Impervious","floor":11},{"not_picked":["Cleave","Perfected Strike"],"picked":"Flex+1","floor":13},{"not_picked":["Iron Wave","Headbutt"],"picked":"Shrug It Off+1","floor":14},{"not_picked":["Brutality","Fiend Fire"],"picked":"Demon Form","floor":16},{"not_picked":["Flex+1","Warcry+1"],"picked":"Wild Strike+1","floor":18},{"not_picked":["Thunderclap","Twin Strike"],"picked":"Anger+1","floor":20},{"not_picked":["Evolve+1","Flex+1"],"picked":"Headbutt+1","floor":21},{"not_picked":["Fiend Fire","Iron Wave"],"picked":"Blood for Blood+1","floor":22},{"not_picked":["Dropkick","True Grit+1"],"picked":"Spot Weakness+1","floor":23},{"not_picked":["Shrug It Off+1","Clash+1"],"picked":"Infernal Blade+1","floor":25},{"not_picked":["Flex+1","Thunderclap"],"picked":"Iron Wave","floor":27},{"not_picked":["Rupture","Ghostly Armor+1"],"picked":"Bloodletting+1","floor":28},{"not_picked":["Wild Strike","True Grit+1"],"picked":"Cleave+1","floor":29},{"not_picked":["Flame Barrier+1","Burning Pact+1"],"picked":"Rampage+1","floor":30},{"not_picked":["Immolate","Demon Form"],"picked":"Offering+1","floor":33},{"not_picked":["Sword Boomerang","Inflame"],"picked":"Bloodletting+1","floor":35},{"not_picked":["Sword Boomerang","Pummel+1"],"picked":"Headbutt","floor":37},{"not_picked":["Body Slam+1","Fire Breathing+1"],"picked":"Pommel Strike","floor":39},{"not_picked":["Clothesline+1","Perfected Strike+1"],"picked":"Metallicize+1","floor":40},{"not_picked":["Rupture","Evolve"],"picked":"Shockwave+1","floor":44},{"not_picked":["Iron Wave","Carnage+1"],"picked":"True Grit+1","floor":47},{"not_picked":["Body Slam+1","Iron Wave"],"picked":"Barricade","floor":49}],"player_experience":14311,"relics_obtained":[{"floor":4,"key":"Nunchaku"},{"floor":8,"key":"War Paint"},{"floor":9,"key":"Strawberry"},{"floor":11,"key":"Dream Catcher"},{"floor":26,"key":"Letter Opener"},{"floor":27,"key":"Eternal Feather"},{"floor":27,"key":"Kunai"},{"floor":39,"key":"CaptainsWheel"},{"floor":43,"key":"Centennial Puzzle"},{"floor":44,"key":"Whetstone"},{"floor":44,"key":"Happy Flower"},{"floor":45,"key":"Regal Pillow"}],"event_choices":[{"damage_healed":0,"gold_gain":0,"player_choice":"Donut","damage_taken":0,"max_hp_gain":5,"max_hp_loss":0,"event_name":"Big Fish","floor":5,"gold_loss":0},{"cards_removed":["Demon Form"],"damage_healed":0,"gold_gain":0,"player_choice":"Took Card","damage_taken":0,"max_hp_gain":0,"max_hp_loss":0,"event_name":"NoteForYourself","floor":24,"gold_loss":0,"cards_obtained":["Iron Wave"]},{"damage_healed":0,"gold_gain":0,"player_choice":"Joined the Cult","damage_taken":6,"max_hp_gain":0,"max_hp_loss":0,"event_name":"Nest","floor":31,"gold_loss":0,"cards_obtained":["RitualDagger"]},{"cards_removed":["Defend_R"],"damage_healed":0,"gold_gain":0,"player_choice":"Upgrade and Remove","damage_taken":0,"max_hp_gain":0,"max_hp_loss":0,"event_name":"Designer","floor":36,"gold_loss":90,"cards_upgraded":["Bash"]},{"cards_removed":["Defend_R"],"damage_healed":0,"gold_gain":0,"player_choice":"Removed Skill","damage_taken":0,"max_hp_gain":0,"max_hp_loss":0,"event_name":"Falling","floor":38,"gold_loss":0},{"damage_healed":0,"gold_gain":0,"player_choice":"Fight","damage_taken":0,"max_hp_gain":0,"max_hp_loss":0,"event_name":"Mysterious Sphere","floor":39,"gold_loss":0},{"cards_removed":["Strike_R"],"damage_healed":0,"gold_gain":0,"player_choice":"Offered Basic","damage_taken":0,"max_hp_gain":0,"max_hp_loss":0,"event_name":"Bonfire Elementals","floor":46,"gold_loss":0}],"is_beta":false,"boss_relics":[{"not_picked":["Philosopher\u0027s Stone","Runic Pyramid"],"picked":"Black Star"},{"not_picked":["Cursed Key","Snecko Eye"],"picked":"SacredBark"}],"items_purged_floors":[],"is_endless":false,"potions_floor_spawned":[6,8,10,11,14,20,22,33,39,47],"killed_by":"Awakened One","ascension_level":0}}