{"host":"prxrhpgaxnj4om9r","time":1614065955,"event":{"mods":["AchievementEnabler","BaseMod","Colored Map","DeckTracker","Minty Spire (QoL Compilation)"],"gold_per_floor":[11,27,27,202,225,225,263,263,289,289,323,18,37,56,56,56,56],"floor_reached":16,"language":"KOR","playtime":532,"items_purged":[],"score":130,"play_id":"aec4d42f-7a5c-4b7c-82d7-6bf56114dbfb","local_time":"20210223163915","is_ascension_mode":true,"campfire_choices":[{"data":"Zap","floor":6,"key":"SMITH"},{"floor":8,"key":"REST"},{"floor":10,"key":"REST"},{"floor":15,"key":"REST"}],"circlet_count":0,"master_deck":["Strike_B","Strike_B","Strike_B","Strike_B","Defend_B","Defend_B","Defend_B","Defend_B","Zap+1","Dualcast","Compile Driver","Stack","Doubt","Cold Snap","Streamline","Rip and Tear","Conserve Battery","Capacitor","Sunder+1"],"relics":["Cracked Core","Golden Idol","Orichalcum","PreservedInsect","Odd Mushroom","Molten Egg 2"],"acts_visited":["Exordium"],"potions_floor_usage":[7,7,16,16],"damage_taken":[{"damage":1,"enemies":"Cultist","floor":1,"turns":3},{"damage":5,"enemies":"Small Slimes","floor":2,"turns":2},{"damage":0,"enemies":"2 Louse","floor":5,"turns":2},{"damage":35,"enemies":"Lagavulin","floor":7,"turns":7},{"damage":16,"enemies":"The Mushroom Lair","floor":11,"turns":4},{"damage":5,"enemies":"Blue Slaver","floor":13,"turns":3},{"damage":16,"enemies":"Exordium Wildlife","floor":14,"turns":4},{"damage":63,"enemies":"Hexaghost","floor":16,"turns":9}],"seed_played":"-6171417394840477177","potions_obtained":[{"floor":2,"key":"Energy Potion"},{"floor":5,"key":"Energy Potion"},{"floor":11,"key":"GamblersBrew"},{"floor":14,"key":"LiquidMemories"}],"is_trial":false,"path_per_floor":["M","M","?","?","M","R","E","R","T","R","?","$","M","M","R","B"],"character_chosen":"DEFECT","items_purchased":["Molten Egg 2","Conserve Battery"],"campfire_rested":3,"item_purchase_floors":[12,12],"current_hp_per_floor":[81,76,54,54,54,54,19,45,45,71,55,55,50,34,60,0,0],"gold":56,"neow_bonus":"TWENTY_PERCENT_HP_BONUS","is_daily":false,"chose_seed":false,"campfire_upgraded":1,"win_rate":0.0,"timestamp":1614065955,"path_taken":["M","?","?","?","M","R","E","R","T","R","?","?","?","M","R","BOSS"],"items_purchased_type":["Relic","Card"],"build_version":"2020-12-22","purchased_purges":0,"victory":false,"max_hp_per_floor":[89,89,89,89,89,89,89,89,89,89,89,89,89,89,89,89,89],"card_choices":[{"not_picked":["Heatsinks","Double Energy"],"picked":"Compile Driver","floor":1},{"not_picked":["FTL","Loop"],"picked":"Stack","floor":2},{"not_picked":["Barrage","Coolheaded"],"picked":"Cold Snap","floor":5},{"not_picked":["Sunder","Creative AI"],"picked":"Streamline","floor":7},{"not_picked":["Undo","Rebound"],"picked":"Rip and Tear","floor":11},{"not_picked":["Streamline+1","Hello World"],"picked":"Capacitor","floor":13},{"not_picked":["Conserve Battery","Beam Cell+1"],"picked":"Sunder+1","floor":14}],"player_experience":605303,"relics_obtained":[{"floor":7,"key":"Orichalcum"},{"floor":9,"key":"PreservedInsect"},{"floor":11,"key":"Odd Mushroom"}],"event_choices":[{"damage_healed":0,"gold_gain":0,"player_choice":"Take Damage","damage_taken":22,"relics_obtained":["Golden Idol"],"max_hp_gain":0,"max_hp_loss":0,"event_name":"Golden Idol","floor":3,"gold_loss":0},{"damage_healed":0,"gold_gain":175,"player_choice":"AGREE","damage_taken":0,"max_hp_gain":0,"max_hp_loss":0,"event_name":"Liars Game","floor":4,"gold_loss":0,"cards_obtained":["Doubt"]},{"damage_healed":0,"gold_gain":0,"player_choice":"Fought Mushrooms","damage_taken":0,"max_hp_gain":0,"max_hp_loss":0,"event_name":"Mushrooms","floor":11,"gold_loss":0}],"is_beta":false,"boss_relics":[],"items_purged_floors":[],"is_endless":false,"potions_floor_spawned":[2,5,11,14],"killed_by":"Hexaghost","ascension_level":6}}