{"host":"toh0bbw446wnuexf","time":1614052132,"event":{"mods":["BaseMod","Downfall","Hermit","Minty Spire (QoL Compilation)","Random Character Button","Robot Space Explorer","StSLib"],"gold_per_floor":[99,112,112,123,123,123,150,60,60,71,56,81,81,81,93,192,192,192,212,222,107,107,107,407,267,267,295,312,312,312,329,343,439,439,439,455,474,489,156,166,239,252,252,271,285,285,304,365,377,377],"floor_reached":51,"language":"ENG","playtime":3755,"items_purged":["Slimebound:Strike_Slimebound","Slimebound:Defend_Slimebound+1","Slimebound:Defend_Slimebound+1"],"score":824,"play_id":"269c599a-1486-48ac-9d27-e7efeecd8a6a","local_time":"20210223164852","is_ascension_mode":true,"campfire_choices":[{"data":"Slimebound:Split","floor":1,"key":"SMITH"},{"data":"Slimebound:Defend_Slimebound","floor":6,"key":"SMITH"},{"data":"Slimebound:Defend_Slimebound","floor":9,"key":"SMITH"},{"data":"Slimebound:Schlurp","floor":13,"key":"SMITH"},{"data":"Slimebound:Tackle","floor":18,"key":"SMITH"},{"floor":23,"key":"REST"},{"floor":26,"key":"REST"},{"floor":30,"key":"REST"},{"data":"Slimebound:GrowthPunch","floor":35,"key":"SMITH"},{"floor":43,"key":"RECALL"}],"circlet_count":0,"master_deck":["Slimebound:Strike_Slimebound","Slimebound:Tackle+1","Slimebound:Defend_Slimebound+1","Slimebound:Split+1","Slimebound:CorrosiveSpit+1","Slimebound:GrowthPunch+1","Slimebound:SplitLeeching+1","Slimebound:Schlurp+1","Slimebound:GrowthPunch+1","expansioncontent:AwakenDeath+1"],"relics":["Runic Dome","War Paint","Vajra","Empty Cage","Old Coin","Red Mask","SlaversCollar","Frozen Egg 2","Frozen Eye","Ancient Tea Set"],"acts_visited":["Exordium","TheCity","TheBeyond"],"potions_floor_usage":[16,33,33,50,50],"damage_taken":[{"damage":1,"enemies":"Small Slimes","floor":2,"turns":4},{"damage":0,"enemies":"Cultist","floor":4,"turns":3},{"damage":0,"enemies":"downfall:FleeingMerchant","floor":8,"turns":4},{"damage":2,"enemies":"Jaw Worm","floor":10,"turns":3},{"damage":0,"enemies":"downfall:FleeingMerchant","floor":11,"turns":4},{"damage":10,"enemies":"Gremlin Nob","floor":12,"turns":5},{"damage":0,"enemies":"3 Louse","floor":15,"turns":2},{"damage":34,"enemies":"IC_STATUS_ARCHETYPE","floor":16,"turns":9},{"damage":4,"enemies":"Spheric Guardian","floor":19,"turns":4},{"damage":19,"enemies":"3 Byrds","floor":20,"turns":5},{"damage":0,"enemies":"downfall:FleeingMerchant","floor":21,"turns":4},{"damage":13,"enemies":"downfall:FleeingMerchant","floor":25,"turns":4},{"damage":14,"enemies":"Masked Bandits","floor":27,"turns":4},{"damage":18,"enemies":"Snecko","floor":28,"turns":4},{"damage":0,"enemies":"Chosen and Byrds","floor":31,"turns":2},{"damage":20,"enemies":"Shelled Parasite and Fungi","floor":32,"turns":3},{"damage":18,"enemies":"DF_ARCHETYPE_CLAW","floor":33,"turns":7},{"damage":21,"enemies":"3 Darklings","floor":36,"turns":4},{"damage":7,"enemies":"Orb Walker","floor":37,"turns":3},{"damage":18,"enemies":"Sphere and 2 Shapes","floor":38,"turns":5},{"damage":4,"enemies":"Jaw Worm Horde","floor":40,"turns":4},{"damage":4,"enemies":"Maw","floor":42,"turns":7},{"damage":30,"enemies":"Writhing Mass","floor":44,"turns":5},{"damage":16,"enemies":"Jaw Worm Horde","floor":45,"turns":5},{"damage":24,"enemies":"Sphere and 2 Shapes","floor":47,"turns":6},{"damage":18,"enemies":"downfall:FleeingMerchant","floor":48,"turns":3},{"damage":14,"enemies":"4 Shapes","floor":49,"turns":6},{"damage":13,"enemies":"SI_POISON_ARCHETYPE","floor":50,"turns":10}],"seed_played":"-7976230946110509609","potions_obtained":[{"floor":2,"key":"Block Potion"},{"floor":4,"key":"Strength Potion"},{"floor":16,"key":"Slimebound:SlimyTonguePotion"},{"floor":19,"key":"bronze:BurnAndBuffPotion"},{"floor":27,"key":"Dexterity Potion"},{"floor":36,"key":"Strength Potion"},{"floor":37,"key":"Swift Potion"}],"is_trial":false,"path_per_floor":["R","M","?","M","?","R","T","$","R","M","$","E","R","?","M","B",null,"R","M","M","$","?","R","T","$","R","?","M","?","R","M","M","B",null,"R","M","M","M","?","M","T","M","R","M","M","?","M","$","M","B",null],"character_chosen":"SLIMEBOUND","items_purchased":["Frozen Eye","Ancient Tea Set"],"campfire_rested":3,"item_purchase_floors":[48,48],"current_hp_per_floor":[65,64,64,64,64,64,64,64,64,62,62,52,52,52,52,18,65,65,61,42,42,42,61,61,48,65,51,33,33,52,52,32,14,65,65,44,37,19,73,69,69,65,65,35,19,19,29,11,30,17],"gold":377,"neow_bonus":"BOSS_RELIC","is_daily":false,"chose_seed":false,"campfire_upgraded":6,"win_rate":0.0,"timestamp":1614052132,"path_taken":["R","M","?","?","?","R","T","?","R","M","$","E","R","?","M","BOSS","R","M","M","$","?","R","T","$","R","?","M","?","R","M","M","BOSS","R","M","M","M","?","M","T","M","R","M","M","?","M","$","M","BOSS"],"items_purchased_type":["Relic","Relic"],"build_version":"2020-12-22","purchased_purges":3,"victory":true,"max_hp_per_floor":[65,65,65,65,65,65,65,65,65,65,65,65,65,65,65,65,65,65,65,65,65,65,65,65,65,65,65,65,65,65,65,65,65,65,65,65,65,65,73,73,73,73,73,73,73,73,73,73,73,73],"card_choices":[{"not_picked":["Slimebound:Recollect","Slimebound:FormOfPuddle"],"picked":"Slimebound:GrowthPunch","floor":2},{"not_picked":["Slimebound:FinishingTackle","Slimebound:ForwardTackle"],"picked":"Slimebound:SplitLeeching","floor":4},{"not_picked":["Slimebound:SplitAcid","Slimebound:SpikyOuterGoop","Slimebound:GoopTackle"],"picked":"SKIP","floor":8},{"not_picked":["Slimebound:Equalize","Slimebound:OneTwoCombo"],"picked":"Slimebound:Schlurp","floor":10},{"not_picked":["Slimebound:Schlurp","Slimebound:LeechEnergy","Slimebound:Grow"],"picked":"SKIP","floor":11},{"not_picked":["Slimebound:SlimeBrawl","Slimebound:HauntingLick","Slimebound:LeechingTouch"],"picked":"SKIP","floor":12},{"not_picked":["Slimebound:RejuvenatingLick","Slimebound:Schlurp","Slimebound:GoopTackle"],"picked":"SKIP","floor":15},{"not_picked":["Slimebound:SlimeSpikes","Slimebound:Replication","Slimebound:ItLooksTasty"],"picked":"SKIP","floor":19},{"not_picked":["Slimebound:TongueLash+1","Slimebound:SplitLeeching","Slimebound:SlimeSpikes"],"picked":"SKIP","floor":20},{"not_picked":["Slimebound:LeechingTouch+1","Slimebound:Grow+1","Slimebound:FlameTackle"],"picked":"SKIP","floor":21},{"not_picked":["Slimebound:HauntingLick+1","Slimebound:SplitLeeching","Slimebound:GoopSpray"],"picked":"SKIP","floor":25},{"not_picked":["Slimebound:RollThrough","Slimebound:GoopTackle","Slimebound:Schlurp"],"picked":"SKIP","floor":28},{"not_picked":["Slimebound:FlameTackle","Slimebound:FinishingTackle","Slimebound:LeechingTouch"],"picked":"SKIP","floor":31},{"not_picked":["Slimebound:SamplingLick+1","Slimebound:ComboTackle"],"picked":"Slimebound:GrowthPunch","floor":32},{"not_picked":["Slimebound:Repurpose+1","Slimebound:SlimeBarrage+1","Slimebound:Prepare+1"],"picked":"SKIP","floor":36},{"not_picked":["Slimebound:ItLooksTasty+1","Slimebound:FinishingTackle+1","Slimebound:Schlurp+1"],"picked":"SKIP","floor":37},{"not_picked":["Slimebound:LivingWall+1","Slimebound:GoopSpray","Slimebound:RejuvenatingLick"],"picked":"SKIP","floor":38},{"not_picked":["Slimebound:DisruptingSlam","Slimebound:Prepare","Slimebound:PressTheAttack+1"],"picked":"SKIP","floor":40},{"not_picked":["Slimebound:LeechEnergy","Slimebound:Grow+1","Slimebound:MassRepurpose"],"picked":"SKIP","floor":42},{"not_picked":["Slimebound:GoopTackle+1","Slimebound:SpikyOuterGoop+1","Slimebound:ItLooksTasty+1"],"picked":"SKIP","floor":44},{"not_picked":["Slimebound:DivideAndConquer","Slimebound:SamplingLick+1","Slimebound:TongueLash+1"],"picked":"SKIP","floor":45},{"not_picked":["expansioncontent:LastStand","expansioncontent:GuardianWhirl"],"picked":"expansioncontent:AwakenDeath","floor":46},{"not_picked":["Slimebound:Equalize","Slimebound:Recollect+1","Slimebound:RejuvenatingLick"],"picked":"SKIP","floor":47},{"not_picked":["Slimebound:OozeBath","Slimebound:LeechEnergy+1","Slimebound:Recollect"],"picked":"SKIP","floor":48},{"not_picked":["Slimebound:SplitAcid","Slimebound:LivingWall+1","Slimebound:GoopSpray"],"picked":"SKIP","floor":49}],"player_experience":723692,"relics_obtained":[{"floor":7,"key":"War Paint"},{"floor":12,"key":"Vajra"},{"floor":24,"key":"Old Coin"},{"floor":27,"key":"Red Mask"},{"floor":41,"key":"Frozen Egg 2"}],"event_choices":[{"damage_healed":0,"gold_gain":0,"player_choice":"Forge","damage_taken":0,"max_hp_gain":0,"max_hp_loss":0,"event_name":"Accursed Blacksmith","floor":3,"gold_loss":0,"cards_upgraded":["Slimebound:CorrosiveSpit"]},{"damage_healed":0,"gold_gain":0,"player_choice":"Grow","damage_taken":0,"max_hp_gain":0,"max_hp_loss":0,"event_name":"Living Wall","floor":5,"gold_loss":0,"cards_upgraded":["Slimebound:GrowthPunch"]},{"damage_healed":0,"gold_gain":0,"player_choice":"Fought Bandits","damage_taken":0,"max_hp_gain":0,"max_hp_loss":0,"event_name":"Masked Bandits","floor":27,"gold_loss":0}],"is_beta":false,"boss_relics":[{"not_picked":["sneckomod:SneckoTalon","Pandora\u0027s Box"],"picked":"Empty Cage"},{"not_picked":["Calling Bell","Cursed Key"],"picked":"SlaversCollar"}],"items_purged_floors":[8,21,25],"is_endless":false,"potions_floor_spawned":[2,4,16,19,27,32,36,37,40,42,49],"ascension_level":3}}