{"host":"zu1swnxjkaahohqc","time":1614051392,"event":{"mods":["BaseMod","Hubris","Minty Spire (QoL Compilation)","Replay The Spire","StSLib"],"gold_per_floor":[109,109,34,34,34,34,69,69,69,86,119,143,165,184,184,290,290,311,128,128,151,151,186,186,135,135,188,44,44,70,107,107,129,129],"floor_reached":33,"language":"ENG","playtime":1759,"items_purged":["Strike_B","Strike_B"],"score":442,"play_id":"10925f31-b2e0-494f-8500-ae277d7f903a","local_time":"20210222223632","is_ascension_mode":true,"campfire_choices":[{"data":"Zap","floor":6.0,"key":"SMITH"},{"floor":8,"key":"REST"},{"data":"Static Discharge","floor":15,"key":"SMITH"},{"floor":24,"key":"REST"},{"data":"ReplayTheSpireMod:Omega Cannon","floor":32,"key":"SMITH"}],"circlet_count":0,"master_deck":["Strike_B+1","Defend_B","Defend_B+1","Zap+1","Dualcast","Storm+1","Rebound","Force Field","Static Discharge+1","BasicCrystalCard","Self Repair","ReplayTheSpireMod:Omega Cannon+1","Coolheaded","Heatsinks","Defragment"],"relics":["Cracked Core","Pen Nib","FossilizedHelix","Replay:Bandana","Philosopher\u0027s Stone","Incense Burner","hubris:TinFlute","Juzu Bracelet","Medical Kit"],"acts_visited":["Exordium","TheCity"],"potions_floor_usage":[11,14,14,16,21,21],"damage_taken":[{"damage":2.0,"enemies":"Jaw Worm","floor":1.0,"turns":3.0},{"damage":40,"enemies":"Gremlin Nob","floor":7,"turns":4},{"damage":0,"enemies":"Small Slimes","floor":10,"turns":2},{"damage":15,"enemies":"Lagavulin","floor":11,"turns":6},{"damage":0,"enemies":"Cultist","floor":12,"turns":2},{"damage":0,"enemies":"Large Slime","floor":13,"turns":3},{"damage":6,"enemies":"Lots of Slimes","floor":14,"turns":2},{"damage":0,"enemies":"Slime Boss","floor":16,"turns":7},{"damage":18,"enemies":"Shell Parasite","floor":18,"turns":5},{"damage":9,"enemies":"2 Thieves","floor":21,"turns":3},{"damage":38,"enemies":"Replay:Snechameleon","floor":23,"turns":4},{"damage":0,"enemies":"Gremlin Leader","floor":27,"turns":5},{"damage":10,"enemies":"Centurion and Healer","floor":30,"turns":4},{"damage":0,"enemies":"Sentry and Sphere","floor":31,"turns":4},{"damage":57,"enemies":"hubris:MusketHawk","floor":33,"turns":6}],"seed_played":"7830851250034430319","potions_obtained":[{"floor":7,"key":"Fire Potion"},{"floor":11,"key":"FearPotion"},{"floor":12,"key":"Energy Potion"},{"floor":14,"key":"ColorlessPotion"},{"floor":20,"key":"Venom Potion"},{"floor":20,"key":"Weak Potion"},{"floor":20,"key":"EssenceOfDarkness"},{"floor":21,"key":"Strength Potion"},{"floor":27,"key":"PotionOfCapacity"}],"is_trial":false,"path_per_floor":["M","?","$","?","?","R","E","R","T","M","E","M","M","M","R","B",null,"M","$","?","M","?","E","R","$","T","E","$","$","M","M","R","B"],"character_chosen":"DEFECT","items_purchased":["BasicCrystalCard","Self Repair","Coolheaded","Medical Kit"],"campfire_rested":2,"item_purchase_floors":[19,19,25,28],"current_hp_per_floor":[73,73,73,58,58,58,18,40,40,40,25,25,25,19,19,19,75,57,57,57,55,55,24,46,46,46,53,53,53,50,57,57,0,0],"gold":129,"neow_bonus":"REMOVE_CARD","is_daily":false,"chose_seed":false,"campfire_upgraded":3,"win_rate":0.0,"timestamp":1614051392,"path_taken":["M","?","$","?","?","R","E","R","T","M","E","M","M","?","R","BOSS","M","$","?","?","?","E","R","?","T","E","?","$","M","M","R","BOSS"],"items_purchased_type":["Card","Card","Card","Relic"],"build_version":"2020-12-13","purchased_purges":2,"victory":false,"max_hp_per_floor":[75,75,75,75,75,75,75,75,75,75,75,75,75,75,75,75,75,75,75,75,75,75,75,75,75,75,75,75,75,75,75,75,75,75],"card_choices":[{"not_picked":["Stack","Force Field"],"picked":"Leap","floor":1.0},{"not_picked":["Gash","ReplaySolidLightProjector","Steam"],"picked":"SKIP","floor":7},{"not_picked":["Panic Button","BasicCrystalCard"],"picked":"Rebound","floor":10},{"not_picked":["Undo","Redo","Turbo"],"picked":"SKIP","floor":11},{"not_picked":["Reprogram","Panic Button"],"picked":"Force Field","floor":12},{"not_picked":["ReplayTheSpireMod:Omega Cannon","ReplayGash"],"picked":"Static Discharge","floor":13},{"not_picked":["Streamline","Go for the Eyes","Conserve Battery"],"picked":"SKIP","floor":14},{"not_picked":["Turbo","Steam+1","Gash+1"],"picked":"SKIP","floor":18},{"not_picked":["Steam","Coolheaded","Streamline"],"picked":"SKIP","floor":21},{"not_picked":["Redo","Beam Cell+1","Turbo+1"],"picked":"SKIP","floor":23},{"not_picked":["Coolheaded","Conserve Battery+1"],"picked":"Heatsinks","floor":27},{"not_picked":["Fusion","BasicCrystalCard","Compile Driver"],"picked":"SKIP","floor":30},{"not_picked":["BootSequence","Steam+1"],"picked":"Defragment","floor":31}],"player_experience":26592,"relics_obtained":[{"floor":7,"key":"Pen Nib"},{"floor":9,"key":"FossilizedHelix"},{"floor":11,"key":"Replay:Bandana"},{"floor":23,"key":"Incense Burner"},{"floor":26,"key":"hubris:TinFlute"},{"floor":27,"key":"Juzu Bracelet"}],"event_choices":[{"damage_healed":0.0,"max_hp_gain":0.0,"max_hp_loss":0.0,"gold_gain":0.0,"event_name":"Shining Light","player_choice":"Entered Light","floor":4.0,"gold_loss":0.0,"damage_taken":15.0,"cards_upgraded":["Strike_B","Defend_B"]},{"cards_removed":["Defend_B"],"damage_healed":0.0,"max_hp_gain":0.0,"max_hp_loss":0.0,"gold_gain":0.0,"event_name":"Bonfire Elementals","player_choice":"Offered Basic","floor":5.0,"gold_loss":0.0,"damage_taken":0.0},{"damage_healed":0,"gold_gain":0,"player_choice":"Got Potions","damage_taken":0,"max_hp_gain":0,"max_hp_loss":0,"event_name":"Lab","floor":20,"gold_loss":0},{"damage_healed":0,"gold_gain":0,"cards_transformed":["Strike_B"],"player_choice":"Transformed","damage_taken":0,"max_hp_gain":0,"max_hp_loss":0,"event_name":"Transmorgrifier","floor":22,"gold_loss":0,"cards_obtained":["ReplayTheSpireMod:Omega Cannon"]}],"is_beta":false,"boss_relics":[{"not_picked":["hubris:Stopwatch","Runic Dome"],"picked":"Philosopher\u0027s Stone"}],"items_purged_floors":[3,19],"is_endless":false,"potions_floor_spawned":[7,11,12,14,21,27],"killed_by":"hubris:MusketHawk","ascension_level":4}}