{"host":"sav7uxregyirlf69","time":1614071918,"event":{"mods":["AchievementEnabler","BaseMod","Colored Map","DeckTracker","Keyboard Shortcuts","Minty Spire (QoL Compilation)","READ ME - Guardian Mod","StSLib","SuperFastMode"],"gold_per_floor":[118,118,135,135,149,149,68,86,111,111,138,156,156,156,156,231,231,242,111,125,125,143,143,143,143],"floor_reached":24,"language":"KOR","playtime":402,"items_purged":["Strike_G"],"score":442,"play_id":"495a7f98-8c3b-4153-8cc8-d82c4989ae0e","local_time":"20210223181838","is_ascension_mode":true,"campfire_choices":[{"data":"Catalyst","floor":6,"key":"SMITH"},{"floor":10,"key":"REST"},{"data":"Bouncing Flask","floor":13,"key":"SMITH"},{"data":"Survivor","floor":15,"key":"SMITH"},{"floor":23,"key":"REST"}],"circlet_count":0,"master_deck":["AscendersBane","Strike_G+1","Strike_G+1","Strike_G","Defend_G","Defend_G","Defend_G","Survivor+1","Neutralize+1","Noxious Fumes+1","Catalyst+1","Die Die Die","Bouncing Flask+1","Blur"],"relics":["Ring of the Snake","PreservedInsect","Whetstone","HoveringKite"],"acts_visited":["Exordium","TheCity"],"potions_floor_usage":[8,11,11,24],"damage_taken":[{"damage":8,"enemies":"Cultist","floor":1,"turns":5},{"damage":4,"enemies":"Jaw Worm","floor":3,"turns":6},{"damage":3,"enemies":"2 Louse","floor":5,"turns":3},{"damage":34,"enemies":"Exordium Thugs","floor":8,"turns":6},{"damage":0,"enemies":"Lagavulin","floor":11,"turns":2},{"damage":4,"enemies":"Blue Slaver","floor":12,"turns":3},{"damage":13,"enemies":"The Guardian","floor":16,"turns":6},{"damage":7,"enemies":"3 Byrds","floor":18,"turns":4},{"damage":0,"enemies":"Spheric Guardian","floor":20,"turns":2},{"damage":15,"enemies":"Centurion and Healer","floor":22,"turns":9},{"damage":60,"enemies":"Gremlin Leader","floor":24,"turns":4}],"seed_played":"4389478665020180239","potions_obtained":[{"floor":1,"key":"Regen Potion"},{"floor":3,"key":"AttackPotion"},{"floor":8,"key":"AttackPotion"}],"is_trial":false,"path_per_floor":["M","?","M","?","M","R","$","M","T","R","E","M","R","?","R","B",null,"M","$","M","?","M","R","E"],"character_chosen":"THE_SILENT","items_purchased":["Die Die Die","PowerPotion"],"campfire_rested":2,"item_purchase_floors":[7,19],"current_hp_per_floor":[51,44,40,40,37,37,37,18,18,36,36,32,32,32,32,19,50,43,43,43,43,28,46,0,0],"gold":143,"neow_bonus":"REMOVE_TWO","is_daily":false,"chose_seed":false,"campfire_upgraded":3,"win_rate":0.0,"timestamp":1614071918,"path_taken":["M","?","M","?","M","R","?","?","T","R","E","M","R","?","R","BOSS","M","$","M","?","M","R","E"],"items_purchased_type":["Card","Potion"],"build_version":"2020-12-22","purchased_purges":1,"victory":false,"max_hp_per_floor":[60,60,60,60,60,60,60,60,60,60,60,60,60,60,60,60,60,60,60,60,60,60,60,60,60],"card_choices":[{"not_picked":["Infinite Blades","Flechettes"],"picked":"Noxious Fumes","floor":1},{"not_picked":["Dagger Throw","Deflect"],"picked":"Catalyst","floor":3},{"not_picked":["Calculated Gamble","Dagger Throw","Underhanded Strike"],"picked":"SKIP","floor":5},{"not_picked":["Masterful Stab","Underhanded Strike"],"picked":"Bouncing Flask","floor":8},{"not_picked":["Unload","Acrobatics","Distraction"],"picked":"SKIP","floor":11},{"not_picked":["Unload","Acrobatics","Distraction"],"picked":"SKIP","floor":11},{"not_picked":["Dagger Throw","Terror","PiercingWail"],"picked":"SKIP","floor":12},{"not_picked":["Outmaneuver","Dagger Throw"],"picked":"Blur","floor":18},{"not_picked":["Dagger Throw","Endless Agony","Bouncing Flask"],"picked":"SKIP","floor":20},{"not_picked":["Predator","Underhanded Strike","Cloak And Dagger"],"picked":"SKIP","floor":22}],"player_experience":1675268,"relics_obtained":[{"floor":9,"key":"PreservedInsect"},{"floor":11,"key":"Whetstone"}],"event_choices":[{"cards_removed":["Defend_G"],"damage_healed":0,"gold_gain":0,"player_choice":"Card Removal","damage_taken":7,"max_hp_gain":0,"max_hp_loss":0,"event_name":"Golden Wing","floor":2,"gold_loss":0},{"damage_healed":0,"gold_gain":0,"player_choice":"Grow","damage_taken":0,"max_hp_gain":0,"max_hp_loss":0,"event_name":"Living Wall","floor":4,"gold_loss":0,"cards_upgraded":["Noxious Fumes"]},{"damage_healed":0,"gold_gain":0,"player_choice":"Forge","damage_taken":0,"max_hp_gain":0,"max_hp_loss":0,"event_name":"Accursed Blacksmith","floor":14,"gold_loss":0,"cards_upgraded":["Neutralize"]},{"damage_healed":0,"gold_gain":0,"player_choice":"Ignored","damage_taken":0,"max_hp_gain":0,"max_hp_loss":0,"event_name":"The Mausoleum","floor":21,"gold_loss":0}],"is_beta":false,"boss_relics":[{"not_picked":["WristBlade","Philosopher\u0027s Stone"],"picked":"HoveringKite"}],"items_purged_floors":[19],"is_endless":false,"potions_floor_spawned":[1,3,8],"killed_by":"Gremlin Leader","ascension_level":20}}