{"host":"kw3n9x3mpxk65n60","time":1614065410,"event":{"mods":["BaseMod","Colored Map","Colored Powertips","Downfall","GifTheSpireLib","Hubris","Minty Spire (QoL Compilation)","Replay The Spire","StSLib","The Jungle"],"gold_per_floor":[99,113,113,123,123,123,123,19,30,56,56,86,86,115,130,235,235,135,151,16,108,122,104,104,124,124,124,124],"floor_reached":26,"language":"ENG","playtime":2171,"items_purged":["Regret"],"score":281,"play_id":"569bbc51-ba89-4041-8f22-75c0a35a8721","local_time":"20210222233010","is_ascension_mode":true,"campfire_choices":[{"floor":1,"key":"DIG"},{"data":"bronze:Repulsor","floor":11,"key":"SMITH"},{"data":"bronze:CleanCode","floor":18,"key":"SMITH"}],"circlet_count":0,"master_deck":["bronze:Strike","bronze:Strike","bronze:Strike","bronze:Strike","bronze:Defend","bronze:Defend","bronze:Defend","bronze:Defend","bronze:Replicate","bronze:Goto","bronze:Separator","bronze:Overheat","bronze:Repulsor+1","bronze:DigitalCarnage","bronze:Shield","bronze:Terminator","bronze:DarkDash","bronze:Repair","bronze:Boost","bronze:BuggyMess","bronze:CleanCode+1","bronze:DelayedGuard+1","bronze:GetLatest+1","bronze:ChosenStrike+1","bronze:BuggyMess+1","bronze:WhirlingStrike","bronze:BurnOut","bronze:ItsAFeature","bronze:ClassDefault"],"relics":["bronze:BronzeCore","WingedGreaves","hubris:DisguiseKit","downfall:ShatteredFragment","bronze:ProtectiveGoggles","Blue Doll","hubris:Icosahedron","Toy Ornithopter","Honey Jar","downfall:HeartBlessingBlue","Replay:Rubber Ducky","Potion Belt","Replay:Bottled Flurry"],"acts_visited":["Exordium","Exordium"],"potions_floor_usage":[10,16,16],"damage_taken":[{"damage":1,"enemies":"Cultist","floor":2,"turns":3},{"damage":3,"enemies":"2 Louse","floor":4,"turns":3},{"damage":3,"enemies":"downfall:FleeingMerchant","floor":8,"turns":4},{"damage":3,"enemies":"Jaw Worm","floor":9,"turns":3},{"damage":17,"enemies":"3 Sentries","floor":10,"turns":4},{"damage":13,"enemies":"Replay:BlueRogue","floor":12,"turns":5},{"damage":18,"enemies":"Lagavulin","floor":14,"turns":6},{"damage":10,"enemies":"3 Louse","floor":15,"turns":2},{"damage":19,"enemies":"SI_SHIV_ARCHETYPE","floor":16,"turns":10},{"damage":15,"enemies":"Shell Parasite","floor":19,"turns":5},{"damage":0,"enemies":"downfall:FleeingMerchant","floor":20,"turns":4},{"damage":24,"enemies":"theJungle:MUSHROOMGANG","floor":22,"turns":4},{"damage":13,"enemies":"theJungle:MamaSnecko","floor":23,"turns":9},{"damage":3,"enemies":"theJungle:SlimyTreeVines","floor":25,"turns":5},{"damage":43,"enemies":"theJungle:Cassacara","floor":26,"turns":5}],"seed_played":"-5589701229191165639","potions_obtained":[{"floor":9,"key":"LiquidBronze"},{"floor":10,"key":"GamblersBrew"},{"floor":12,"key":"Swift Potion"},{"floor":15,"key":"Energy Potion"},{"floor":22,"key":"Elixir"}],"is_trial":false,"path_per_floor":["R_BF","M","?","M","?","?","T","$","M","E","R","E","?","E","M","B",null,"R_BF","M","$","?","M","E","T","M","E"],"character_chosen":"THE_AUTOMATON","items_purchased":["bronze:DigitalCarnage","bronze:Shield","bronze:ChosenStrike+1"],"campfire_rested":0,"item_purchase_floors":[8,8,20],"current_hp_per_floor":[77,76,76,73,52,55,55,52,49,32,32,19,19,69,59,57,80,90,75,82,60,36,30,30,33,0,0,0],"gold":124,"neow_bonus":"TEN_PERCENT_HP_BONUS","is_daily":false,"chose_seed":false,"campfire_upgraded":2,"win_rate":0.0,"timestamp":1614065410,"path_taken":["R_BF","M","?","M","?","?","T","$","?","E","R","E","?","E","M","BOSS","R_BF","M","$","?","M","E","T","M","E"],"items_purchased_type":["Card","Card","Card"],"build_version":"2020-12-22","purchased_purges":1,"victory":false,"max_hp_per_floor":[77,77,77,77,77,80,80,80,80,80,80,80,80,80,80,80,80,90,90,90,90,90,90,90,90,90,90,90],"card_choices":[{"not_picked":["bronze:ForLoop","bronze:WildBeam"],"picked":"bronze:Separator","floor":2},{"not_picked":["bronze:Frontload","bronze:WildBeam","Slimebound:Equalize"],"picked":"bronze:Overheat","floor":4},{"not_picked":["bronze:DelayedGuard","bronze:Frontload","Slimebound:LeechEnergy"],"picked":"bronze:Repulsor","floor":8},{"not_picked":["bronze:Constructor","bronze:CutThrough","Slimebound:DivideAndConquer"],"picked":"bronze:Terminator","floor":9},{"not_picked":["bronze:Iterate","bronze:CutThrough","Slimebound:SlimeSpikes"],"picked":"bronze:DarkDash","floor":10},{"not_picked":["bronze:Backtrace","bronze:Shield","Slimebound:SplitMire"],"picked":"bronze:Repair","floor":12},{"not_picked":["bronze:Virus","bronze:Constructor","Slimebound:HauntingLick"],"picked":"bronze:Boost","floor":14},{"not_picked":["bronze:FollowUp","bronze:ChosenStrike","Slimebound:FinishingTackle"],"picked":"bronze:BuggyMess","floor":15},{"not_picked":["bronze:Mutator","bronze:ThunderWave","Slimebound:WasteNot"],"picked":"bronze:CleanCode","floor":16},{"not_picked":["bronze:CutThrough","bronze:Frontload","bronze:WildBeam+1","Slimebound:LeechLife"],"picked":"bronze:DelayedGuard+1","floor":19},{"not_picked":["bronze:DelayedSlice","bronze:Frontload+1","bronze:ChildClass","Slimebound:ItLooksTasty"],"picked":"bronze:GetLatest+1","floor":20},{"not_picked":["bronze:Shield","bronze:ForLoop","bronze:Separator","Slimebound:RollThrough"],"picked":"bronze:BuggyMess+1","floor":21},{"not_picked":["bronze:OilSpill","bronze:WildBeam","bronze:DigitalCarnage","Slimebound:LeadByExample"],"picked":"bronze:WhirlingStrike","floor":21},{"not_picked":["bronze:CutThrough","bronze:FollowUp","bronze:Terminator+1","Slimebound:Equalize"],"picked":"bronze:BurnOut","floor":22},{"not_picked":["bronze:Flail","bronze:Constructor","bronze:Repulsor","Slimebound:MegaLick"],"picked":"bronze:ItsAFeature","floor":23},{"not_picked":["bronze:Turbo","bronze:DelayedGuard","bronze:Iterate","Slimebound:LivingWall"],"picked":"bronze:ClassDefault","floor":25}],"player_experience":321699,"relics_obtained":[{"floor":1,"key":"WingedGreaves"},{"floor":10,"key":"bronze:ProtectiveGoggles"},{"floor":12,"key":"Blue Doll"},{"floor":14,"key":"Toy Ornithopter"},{"floor":21,"key":"Replay:Rubber Ducky"},{"floor":23,"key":"Potion Belt"},{"floor":24,"key":"Replay:Bottled Flurry"}],"event_choices":[{"damage_healed":0,"gold_gain":0,"player_choice":"Box","damage_taken":0,"relics_obtained":["hubris:DisguiseKit"],"max_hp_gain":0,"max_hp_loss":0,"event_name":"Big Fish","floor":3,"gold_loss":0,"cards_obtained":["Regret"]}],"is_beta":false,"boss_relics":[{"not_picked":["Replay:Grab Bag","hubris:GrandSneckoEye"],"picked":"Honey Jar"}],"items_purged_floors":[20],"is_endless":false,"potions_floor_spawned":[9,10,12,15,22],"killed_by":"theJungle:Cassacara","ascension_level":1}}