{"host":"eedodlo27pfhzv3w","time":1614087756,"event":{"mods":["BaseMod","Colored Map","Downfall","Minty Spire (QoL Compilation)","StSLib","SuperFastMode","The Death Knight","The Necromancer","Yuri Mod"],"gold_per_floor":[99,109,109,109,120,137,137,148,166,16,26,41,26,81,96,193,193,93,93,107,118,135,120,120,139,139,124,124,142,153,169,186,288,288,188,188,204,234,534,552,605,621,621,621,302,302,302,322,322,322,322],"floor_reached":49,"language":"ENG","playtime":2146,"items_purged":[],"score":537,"play_id":"6a3e0529-7ac0-4921-9ddd-26d5764a06c6","local_time":"20210223144236","is_ascension_mode":false,"campfire_choices":[{"floor":1,"key":"RECALL"},{"data":"bronze:ShipIt","floor":18,"key":"SMITH"},{"floor":26,"key":"REST"},{"data":"bronze:BugBarrage","floor":35,"key":"SMITH"},{"data":"bronze:BugBarrage","floor":47,"key":"SMITH"}],"circlet_count":0,"master_deck":["bronze:Strike","bronze:Strike","bronze:Strike","bronze:Strike+1","bronze:Defend","bronze:Defend+1","bronze:Defend","bronze:Defend","bronze:Replicate+1","bronze:Goto","bronze:Constructor+1","downfall:Malfunctioning","bronze:WildBeam","bronze:Branch","bronze:OilSpill","bronze:Backtrace","bronze:OilSpill","bronze:DelayedSlice","bronze:Iterate","bronze:Fortify","bronze:ShipIt+1","bronze:BronzeArmor+1","bronze:ChildClass","bronze:BugBarrage+1","bronze:Repair","bronze:BuggyMess","bronze:CutThrough","bronze:Separator","bronze:Break","bronze:DelayedSlice","bronze:BuggyMess","bronze:ThunderWave","bronze:WhirlingStrike+1","bronze:Boost+1","bronze:OilSpill","bronze:WildBeam+1","bronze:Branch","bronze:BugBarrage+1","bronze:GetLatest+1"],"relics":["bronze:PlatinumCore","Mercury Hourglass","Potion Belt","downfall:HeartBlessingBlue","bronze:CableSpool","downfall:KnowingSkull","Sozu","downfall:HeartBlessingRed","StoneCalendar","Strawberry","Membership Card","Incense Burner","downfall:TeleportStone"],"acts_visited":["Exordium","TheCity","TheBeyond"],"potions_floor_usage":[14,30,32,33,33,40,40,40,40],"damage_taken":[{"damage":4,"enemies":"Jaw Worm","floor":2,"turns":4},{"damage":0,"enemies":"Cultist","floor":5,"turns":4},{"damage":2,"enemies":"2 Louse","floor":6,"turns":2},{"damage":0,"enemies":"Exordium Wildlife","floor":8,"turns":3},{"damage":15,"enemies":"Lots of Slimes","floor":9,"turns":3},{"damage":6,"enemies":"Red Slaver","floor":11,"turns":2},{"damage":0,"enemies":"3 Louse","floor":12,"turns":1},{"damage":6,"enemies":"downfall:FleeingMerchant","floor":13,"turns":4},{"damage":11,"enemies":"Lagavulin Event","floor":14,"turns":3},{"damage":0,"enemies":"Exordium Thugs","floor":15,"turns":2},{"damage":5,"enemies":"SI_SHIV_ARCHETYPE","floor":16,"turns":6},{"damage":0,"enemies":"Spheric Guardian","floor":20,"turns":3},{"damage":11,"enemies":"3 Byrds","floor":21,"turns":3},{"damage":29,"enemies":"Snake Plant","floor":22,"turns":5},{"damage":0,"enemies":"downfall:FleeingMerchant","floor":23,"turns":4},{"damage":6,"enemies":"3 Cultists","floor":25,"turns":5},{"damage":15,"enemies":"downfall:FleeingMerchant","floor":27,"turns":4},{"damage":1,"enemies":"Sentry and Sphere","floor":29,"turns":3},{"damage":0,"enemies":"Snecko","floor":30,"turns":2},{"damage":13,"enemies":"Snake Plant","floor":31,"turns":4},{"damage":10,"enemies":"Shelled Parasite and Fungi","floor":32,"turns":3},{"damage":7,"enemies":"IC_MUSHROOM_ARCHETYPE","floor":33,"turns":5},{"damage":18,"enemies":"3 Darklings","floor":36,"turns":3},{"damage":58,"enemies":"3 Shapes","floor":37,"turns":4},{"damage":1,"enemies":"downfall:FleeingMerchant","floor":38,"turns":3},{"damage":0,"enemies":"Jaw Worm Horde","floor":40,"turns":2},{"damage":17,"enemies":"3 Darklings","floor":42,"turns":3},{"damage":49,"enemies":"Spire Growth","floor":48,"turns":4},{"damage":55,"enemies":"DF_ARCHETYPE_ORBS","floor":49,"turns":6}],"seed_played":"-4021755766430442060","potions_obtained":[{"floor":6,"key":"bronze:FreeFunctionsPotion"},{"floor":9,"key":"Slimebound:ThreeZeroPotion"},{"floor":12,"key":"CultistPotion"},{"floor":15,"key":"SteroidPotion"},{"floor":25,"key":"Guardian:BlockOnCardUsePotion"},{"floor":29,"key":"Energy Potion"},{"floor":30,"key":"PowerPotion"},{"floor":32,"key":"SteroidPotion"},{"floor":33,"key":"Guardian:BlockOnCardUsePotion"}],"is_trial":false,"path_per_floor":["R","M","?","T","M","M","T","M","M","?","M","M","$","?","M","B",null,"R","?","M","M","M","$","T","M","R","$","?","M","M","M","M","B",null,"R","M","M","$","?","M","T","M","?","?","$","?","R","M","B"],"character_chosen":"THE_AUTOMATON","items_purchased":["StoneCalendar","Membership Card","Incense Burner","bronze:BugBarrage"],"campfire_rested":1,"item_purchase_floors":[38,45,45,45],"current_hp_per_floor":[70,66,66,66,66,64,64,64,49,80,74,74,68,57,57,52,80,90,90,90,79,50,50,50,44,71,56,49,55,55,42,32,25,90,90,72,21,20,20,20,27,10,90,90,90,90,90,41,0,0,0],"gold":322,"neow_bonus":"UPGRADE_CARD","is_daily":false,"chose_seed":false,"campfire_upgraded":3,"win_rate":0.0,"timestamp":1614087756,"path_taken":["R","M","?","?","M","M","T","M","M","?","?","M","?","?","M","BOSS","R","?","M","M","?","?","T","M","R","$","?","M","M","?","M","BOSS","R","M","M","$","?","?","T","?","?","?","$","?","R","M","BOSS"],"items_purchased_type":["Relic","Relic","Relic","Card"],"build_version":"2020-12-22","purchased_purges":0,"victory":false,"max_hp_per_floor":[70,70,70,70,70,70,70,70,70,80,80,80,80,80,80,80,80,90,90,90,90,90,90,90,90,90,90,90,90,90,90,90,90,90,90,90,90,90,90,90,97,97,90,90,90,90,90,90,90,90,90],"card_choices":[{"not_picked":["bronze:Deprecate","bronze:GetLatest"],"picked":"bronze:Constructor","floor":2},{"not_picked":["bronze:Shield","bronze:BugBarrage"],"picked":"bronze:WildBeam","floor":5},{"not_picked":["bronze:Philosophize","bronze:Frontload"],"picked":"bronze:Branch","floor":6},{"not_picked":["bronze:Shield","bronze:DigitalCarnage"],"picked":"bronze:OilSpill","floor":8},{"not_picked":["bronze:WildBeam","bronze:ChildClass"],"picked":"bronze:Backtrace","floor":9},{"not_picked":["bronze:Allocate","bronze:Constructor"],"picked":"bronze:Deprecate","floor":11},{"not_picked":["bronze:Break","bronze:Frontload"],"picked":"bronze:OilSpill","floor":12},{"not_picked":["bronze:InfiniteBeams","bronze:BugBarrage"],"picked":"bronze:DelayedSlice","floor":13},{"not_picked":["bronze:ItsAFeature","bronze:Shield"],"picked":"bronze:Iterate","floor":14},{"not_picked":["bronze:Turbo","bronze:OilSpill"],"picked":"bronze:Fortify","floor":15},{"not_picked":["bronze:Virus","bronze:ThunderWave"],"picked":"bronze:ShipIt","floor":16},{"not_picked":["bronze:Boost","bronze:FineTuning"],"picked":"bronze:BronzeArmor+1","floor":20},{"not_picked":["bronze:CutThrough","bronze:Shield"],"picked":"bronze:ChildClass","floor":21},{"not_picked":["bronze:OilSpill+1","bronze:DarkDash"],"picked":"bronze:BugBarrage","floor":22},{"not_picked":["bronze:Frontload","bronze:DigitalCarnage"],"picked":"bronze:Repair","floor":23},{"not_picked":["bronze:Overheat","bronze:CloningBeam"],"picked":"bronze:BuggyMess","floor":25},{"not_picked":["bronze:Deprecate","bronze:DigitalCarnage"],"picked":"bronze:CutThrough","floor":27},{"not_picked":["bronze:Frontload+1","bronze:Return"],"picked":"bronze:Separator","floor":29},{"not_picked":["bronze:WildBeam","bronze:DelayedGuard"],"picked":"bronze:Break","floor":30},{"not_picked":["bronze:Safeguard+1","bronze:Repair"],"picked":"bronze:DelayedSlice","floor":31},{"not_picked":["bronze:FineTuning","bronze:ClassDefault"],"picked":"bronze:BuggyMess","floor":32},{"not_picked":["bronze:CleanCode","bronze:SpaghettiCode"],"picked":"bronze:ThunderWave","floor":33},{"not_picked":["bronze:ChildClass","bronze:Deprecate"],"picked":"bronze:WhirlingStrike+1","floor":36},{"not_picked":["bronze:Separator","bronze:Iterate"],"picked":"bronze:Boost+1","floor":37},{"not_picked":["bronze:FineTuning+1","bronze:DelayedSlice"],"picked":"bronze:OilSpill","floor":38},{"not_picked":["bronze:Safeguard","bronze:Deprecate+1"],"picked":"bronze:WildBeam+1","floor":40},{"not_picked":["bronze:Shield","bronze:Shell"],"picked":"bronze:Branch","floor":42},{"not_picked":["bronze:ShipIt","bronze:FineTuning"],"picked":"bronze:GetLatest+1","floor":48}],"player_experience":227890,"relics_obtained":[{"floor":7,"key":"Mercury Hourglass"},{"floor":14,"key":"Potion Belt"},{"floor":24,"key":"bronze:CableSpool"},{"floor":41,"key":"Strawberry"}],"event_choices":[{"damage_healed":0,"gold_gain":300,"player_choice":"Gold","damage_taken":0,"max_hp_gain":0,"max_hp_loss":0,"event_name":"Wheel of Change","floor":39,"gold_loss":0},{"cards_removed":["bronze:Deprecate"],"damage_healed":0,"gold_gain":0,"player_choice":"Removed Skill","damage_taken":0,"max_hp_gain":0,"max_hp_loss":0,"event_name":"Falling","floor":44,"gold_loss":0}],"is_beta":false,"boss_relics":[{"not_picked":["Cursed Key","Coffee Dripper"],"picked":"bronze:PlatinumCore"},{"not_picked":["Snecko Eye","Black Star"],"picked":"Sozu"}],"items_purged_floors":[],"is_endless":false,"potions_floor_spawned":[6,9,12,15,25,29,30,32,33,48],"killed_by":"DF_ARCHETYPE_ORBS","ascension_level":0}}