{"host":"4gkev1dtxxhiue3x","time":1614113391,"event":{"mods":["AchievementEnabler","BaseMod","Better Altar","Better Match","Better Note","Better Sensory Stone","Better Skull","Better Third Choice","Colored Powertips","Friendly Minions","Hermit","Minty Spire (QoL Compilation)","Relic Stats","Robot Space Explorer","Shop Mod","StSLib","The Disciple","The Hierophant"],"gold_per_floor":[359,378,356,372,110,144,164,197,223,238,238,238,238,253,253,354,354,374,374,374,385,404,404,421,447,447,480,362,362,362,362,362,463,463,476,146,0,0,0,31,51,51,51,51,69,94,94,110,110,110,110,110,31,62,62],"floor_reached":56,"language":"ENG","playtime":4708,"items_purged":["Regret","RobotSpaceExplorer:Strike"],"score":1271,"play_id":"44d7cae0-b528-4f42-b71c-1eee07425479","local_time":"20210223214951","is_ascension_mode":true,"campfire_choices":[{"floor":12.0,"key":"REST"},{"data":"RobotSpaceExplorer:Accelerator","floor":15.0,"key":"SMITH"},{"floor":23.0,"key":"REST"},{"data":"RobotSpaceExplorer:ChargingLaser","floor":30.0,"key":"SMITH"},{"data":"RobotSpaceExplorer:Scanner","floor":32.0,"key":"SMITH"},{"data":"RobotSpaceExplorer:DualCore","floor":42.0,"key":"SMITH"},{"floor":49,"key":"RECALL"},{"data":"RobotSpaceExplorer:Fix","floor":52,"key":"SMITH"}],"circlet_count":0,"master_deck":["RobotSpaceExplorer:Strike","RobotSpaceExplorer:Strike","RobotSpaceExplorer:Strike","RobotSpaceExplorer:Defend","RobotSpaceExplorer:Defend","RobotSpaceExplorer:Defend","RobotSpaceExplorer:Defend","RobotSpaceExplorer:Scan","RobotSpaceExplorer:MiniLasers","RobotSpaceExplorer:Jetpack","RobotSpaceExplorer:GearShield","RobotSpaceExplorer:DualCore+1","RobotSpaceExplorer:Accelerator+1","RobotSpaceExplorer:StunGrenade","RobotSpaceExplorer:LuckyStrike","RobotSpaceExplorer:JunkDive","RobotSpaceExplorer:ChargingLaser+1","RobotSpaceExplorer:LuckyStrike+1","J.A.X.","Madness+1","RobotSpaceExplorer:SwiftStep+1","RobotSpaceExplorer:Fix+1","RobotSpaceExplorer:Scanner+1","RobotSpaceExplorer:MiniDrones","RobotSpaceExplorer:ScrapToss","RobotSpaceExplorer:ScrapToss","Parasite","Madness"],"relics":["RobotSpaceExplorer:RoboCore","betterThird:SlimedRelic","ClockworkSouvenir","Shuriken","Bag of Marbles","Strawberry","RobotSpaceExplorer:Reprocessor","Tiny Chest","The Courier","Regal Pillow","Busted Crown","Ice Cream","Red Mask","Torii","InkBottle","RobotSpaceExplorer:FoglandsKnife","Pantograph"],"acts_visited":["Exordium","TheCity","TheBeyond","TheEnding"],"potions_floor_usage":[48,50,54,55],"damage_taken":[{"damage":20.0,"enemies":"Jaw Worm","floor":1.0,"turns":6.0},{"damage":0.0,"enemies":"2 Louse","floor":2.0,"turns":2.0},{"damage":8.0,"enemies":"Small Slimes","floor":4.0,"turns":4.0},{"damage":9.0,"enemies":"Gremlin Nob","floor":6.0,"turns":4.0},{"damage":3.0,"enemies":"Exordium Wildlife","floor":7.0,"turns":4.0},{"damage":23.0,"enemies":"3 Sentries","floor":8.0,"turns":10.0},{"damage":0.0,"enemies":"2 Fungi Beasts","floor":10.0,"turns":3.0},{"damage":0.0,"enemies":"Looter","floor":14.0,"turns":1.0},{"damage":16.0,"enemies":"The Guardian","floor":16.0,"turns":9.0},{"damage":13.0,"enemies":"Spheric Guardian","floor":18.0,"turns":4.0},{"damage":3.0,"enemies":"2 Thieves","floor":21.0,"turns":2.0},{"damage":14.0,"enemies":"Snake Plant","floor":22.0,"turns":4.0},{"damage":9.0,"enemies":"3 Cultists","floor":24.0,"turns":5.0},{"damage":5.0,"enemies":"Gremlin Leader","floor":25.0,"turns":6.0},{"damage":6.0,"enemies":"Book of Stabbing","floor":27.0,"turns":5.0},{"damage":9.0,"enemies":"Automaton","floor":33.0,"turns":5.0},{"damage":15.0,"enemies":"3 Darklings","floor":35.0,"turns":4.0},{"damage":9.0,"enemies":"Giant Head","floor":40.0,"turns":5.0},{"damage":0.0,"enemies":"Orb Walker","floor":41.0,"turns":3.0},{"damage":3.0,"enemies":"Writhing Mass","floor":45.0,"turns":4.0},{"damage":22.0,"enemies":"Reptomancer","floor":46.0,"turns":4.0},{"damage":7,"enemies":"Transient","floor":48,"turns":5},{"damage":26,"enemies":"Awakened One","floor":50,"turns":9},{"damage":16,"enemies":"Shield and Spear","floor":54,"turns":5},{"damage":32,"enemies":"The Heart","floor":55,"turns":6}],"seed_played":"-928668962925118204","potions_obtained":[{"floor":1.0,"key":"Fire Potion"},{"floor":4.0,"key":"Dexterity Potion"},{"floor":7.0,"key":"Dexterity Potion"},{"floor":8.0,"key":"Strength Potion"},{"floor":16.0,"key":"Strength Potion"},{"floor":24.0,"key":"Strength Potion"},{"floor":33.0,"key":"EssenceOfSteel"},{"floor":35.0,"key":"Swift Potion"},{"floor":48,"key":"Weak Potion"}],"is_trial":false,"path_per_floor":["M","M","?","M","$","E","M","E","T","M","?","R","?","M","R","B",null,"M","?","?","M","M","R","M","E","T","E","$","?","R","?","R","B",null,"M","$","?","T","?","E","M","R","T","?","M","E","?","M","R","B",null,"R","$","E","B",null],"character_chosen":"RobotSpaceExplorer","items_purchased":["RobotSpaceExplorer:DualCore","ClockworkSouvenir","RobotSpaceExplorer:ScrapToss","RobotSpaceExplorer:ScrapToss","Ice Cream","PowerPotion","Swift Potion"],"campfire_rested":2,"item_purchase_floors":[5,5,28,28,36,53,53],"current_hp_per_floor":[55,55,44,36,36,27,24,1,8,8,8,32,59,59,59,43,82,69,69,53,50,36,60,51,50,50,48,48,48,48,75,75,66,82,71,71,71,71,71,66,66,66,66,66,67,49,39,36,36,14,82,82,82,66,56],"gold":62,"neow_bonus":"TWO_FIFTY_GOLD","is_daily":false,"chose_seed":false,"campfire_upgraded":5,"win_rate":0.0,"timestamp":1614113391,"path_taken":["M","M","?","M","$","E","M","E","T","M","?","R","?","M","R","BOSS","M","?","?","M","M","R","M","E","T","E","$","?","R","?","R","BOSS","M","$","?","?","?","E","M","R","T","?","M","E","?","M","R","BOSS","R","$","E","BOSS"],"items_purchased_type":["Card","Relic","Card","Card","Relic","Potion","Potion"],"build_version":"2020-12-22","purchased_purges":2,"victory":true,"max_hp_per_floor":[75,75,75,75,75,75,75,75,82,82,82,82,82,82,82,82,82,82,82,82,82,82,82,82,82,82,82,82,82,82,82,82,82,82,82,82,82,82,82,82,82,82,82,82,82,82,82,82,82,82,82,82,82,82,82],"relic_stats":{"Regal Pillow":0,"Busted Crown":16,"Torii":27,"counters":[25,119],"Shuriken":[85],"Pantograph":16,"Tiny Chest":1,"obtain_stats":[{"Ice Cream":36,"Regal Pillow":27,"Torii":40,"RobotSpaceExplorer:RoboCore":0,"The Courier":26,"RobotSpaceExplorer:Reprocessor":17,"ClockworkSouvenir":5,"RobotSpaceExplorer:FoglandsKnife":46,"Busted Crown":34,"Shuriken":6,"betterThird:SlimedRelic":3,"Strawberry":9,"Pantograph":54,"Tiny Chest":25,"Bag of Marbles":8,"Red Mask":37,"InkBottle":43},{"Ice Cream":17,"Regal Pillow":15,"Torii":18,"RobotSpaceExplorer:RoboCore":0,"The Courier":14,"RobotSpaceExplorer:Reprocessor":9,"ClockworkSouvenir":3,"RobotSpaceExplorer:FoglandsKnife":21,"Busted Crown":16,"Shuriken":4,"betterThird:SlimedRelic":2,"Strawberry":6,"Pantograph":24,"Tiny Chest":14,"Bag of Marbles":6,"Red Mask":17,"InkBottle":19},{"Ice Cream":78,"Regal Pillow":69,"Torii":83,"RobotSpaceExplorer:RoboCore":0,"The Courier":64,"RobotSpaceExplorer:Reprocessor":43,"ClockworkSouvenir":12,"RobotSpaceExplorer:FoglandsKnife":94,"Busted Crown":74,"Shuriken":16,"betterThird:SlimedRelic":8,"Strawberry":30,"Pantograph":113,"Tiny Chest":64,"Bag of Marbles":30,"Red Mask":78,"InkBottle":86}],"InkBottle":[25]},"card_choices":[{"not_picked":["RobotSpaceExplorer:GlueShot","RobotSpaceExplorer:Fix"],"picked":"RobotSpaceExplorer:Jetpack","floor":1.0},{"not_picked":["RobotSpaceExplorer:GlueShot","RobotSpaceExplorer:MiniDrones"],"picked":"RobotSpaceExplorer:GearShield","floor":2.0},{"not_picked":["RobotSpaceExplorer:ImprovisedAttack","RobotSpaceExplorer:Probe"],"picked":"RobotSpaceExplorer:SurgingStrike","floor":4.0},{"not_picked":["RobotSpaceExplorer:Probe","RobotSpaceExplorer:LaserBurst"],"picked":"RobotSpaceExplorer:Accelerator","floor":6.0},{"not_picked":["RobotSpaceExplorer:MetalStrike","RobotSpaceExplorer:ImprovisedAttack"],"picked":"RobotSpaceExplorer:StunGrenade","floor":7.0},{"not_picked":["RobotSpaceExplorer:Scanner","RobotSpaceExplorer:Probe"],"picked":"RobotSpaceExplorer:LuckyStrike","floor":8.0},{"not_picked":["RobotSpaceExplorer:StunGrenade","RobotSpaceExplorer:Counterblock"],"picked":"RobotSpaceExplorer:JunkDive","floor":10.0},{"not_picked":["RobotSpaceExplorer:TurboDodge","RobotSpaceExplorer:SlimeMissile","RobotSpaceExplorer:Electropulse"],"picked":"SKIP","floor":14.0},{"not_picked":["RobotSpaceExplorer:HighVoltage","RobotSpaceExplorer:ShockMissile"],"picked":"RobotSpaceExplorer:ChargingLaser","floor":16.0},{"not_picked":["RobotSpaceExplorer:Blitz","RobotSpaceExplorer:Ammunition"],"picked":"RobotSpaceExplorer:LuckyStrike+1","floor":18.0},{"not_picked":["RobotSpaceExplorer:ShockKick","RobotSpaceExplorer:FreezingShield","RobotSpaceExplorer:DoubleFind"],"picked":"SKIP","floor":21.0},{"not_picked":["RobotSpaceExplorer:FrostMissile+1","RobotSpaceExplorer:PowerGlove"],"picked":"RobotSpaceExplorer:SwiftStep+1","floor":22.0},{"not_picked":["RobotSpaceExplorer:ShockKick","RobotSpaceExplorer:SurgingShield"],"picked":"RobotSpaceExplorer:Fix","floor":24.0},{"not_picked":["RobotSpaceExplorer:PlasmaMissile+1","RobotSpaceExplorer:ShockKick+1"],"picked":"RobotSpaceExplorer:Scanner","floor":25.0},{"not_picked":["RobotSpaceExplorer:LuckyStrike+1","RobotSpaceExplorer:ScrapMissile"],"picked":"RobotSpaceExplorer:MiniDrones","floor":27.0},{"not_picked":["RobotSpaceExplorer:SurgingShield"],"picked":"SKIP","floor":35.0},{"not_picked":["RobotSpaceExplorer:Pulsar"],"picked":"SKIP","floor":40.0},{"not_picked":["RobotSpaceExplorer:PlasmaMissile"],"picked":"SKIP","floor":41.0},{"not_picked":["RobotSpaceExplorer:PowerGlove+1"],"picked":"SKIP","floor":45.0},{"not_picked":[],"picked":"RobotSpaceExplorer:Wormhole","floor":46},{"not_picked":["RobotSpaceExplorer:SurgingShield"],"picked":"SKIP","floor":48},{"not_picked":["RobotSpaceExplorer:Counterblock+1"],"picked":"SKIP","floor":54}],"player_experience":261668,"relics_obtained":[{"floor":6.0,"key":"Shuriken"},{"floor":8.0,"key":"Bag of Marbles"},{"floor":9.0,"key":"Strawberry"},{"floor":25.0,"key":"Tiny Chest"},{"floor":26.0,"key":"The Courier"},{"floor":27.0,"key":"Regal Pillow"},{"floor":40.0,"key":"Torii"},{"floor":43.0,"key":"InkBottle"},{"floor":46,"key":"RobotSpaceExplorer:FoglandsKnife"},{"floor":54,"key":"Pantograph"}],"event_choices":[{"damage_healed":0.0,"max_hp_gain":0.0,"max_hp_loss":0.0,"gold_gain":0.0,"event_name":"betterThird:BetterGoop","player_choice":"Slimed","floor":3.0,"gold_loss":22.0,"damage_taken":11.0},{"damage_healed":8.0,"max_hp_gain":0.0,"max_hp_loss":82.0,"gold_gain":0.0,"event_name":"betterThird:BetterShining","player_choice":"Leave","floor":11.0,"gold_loss":0.0,"damage_taken":0.0},{"damage_healed":27.0,"max_hp_gain":0.0,"max_hp_loss":0.0,"gold_gain":0.0,"event_name":"Big Fish","player_choice":"Banana","floor":13.0,"gold_loss":0.0,"damage_taken":0.0},{"damage_healed":0.0,"max_hp_gain":0.0,"max_hp_loss":0.0,"gold_gain":0.0,"event_name":"Drug Dealer","player_choice":"Obtain J.A.X.","floor":19.0,"gold_loss":0.0,"damage_taken":0.0,"cards_obtained":["J.A.X."]},{"damage_healed":0.0,"max_hp_gain":0.0,"max_hp_loss":16.0,"gold_gain":2.0,"event_name":"betterStone:BetterStone","player_choice":"2","floor":20.0,"gold_loss":0.0,"damage_taken":0.0},{"damage_healed":0.0,"max_hp_gain":0.0,"max_hp_loss":0.0,"gold_gain":0.0,"event_name":"Vampires","player_choice":"Ignored","floor":29.0,"gold_loss":0.0,"damage_taken":0.0},{"damage_healed":27.0,"max_hp_gain":0.0,"max_hp_loss":0.0,"gold_gain":0.0,"event_name":"The Library","player_choice":"Heal","floor":31.0,"gold_loss":0.0,"damage_taken":0.0},{"damage_healed":0.0,"max_hp_gain":0.0,"max_hp_loss":0.0,"gold_gain":0.0,"event_name":"Tomb of Lord Red Mask","player_choice":"Paid","floor":37.0,"gold_loss":146.0,"damage_taken":0.0,"relics_obtained":["Red Mask"]},{"cards_removed":["RobotSpaceExplorer:SurgingStrike"],"damage_healed":0.0,"max_hp_gain":0.0,"max_hp_loss":0.0,"gold_gain":0.0,"event_name":"Falling","player_choice":"Removed Attack","floor":39.0,"gold_loss":0.0,"damage_taken":0.0},{"damage_healed":0.0,"max_hp_gain":0.0,"max_hp_loss":0.0,"gold_gain":0.0,"event_name":"Mysterious Sphere","player_choice":"Ignored","floor":44.0,"gold_loss":0.0,"damage_taken":0.0},{"damage_healed":0,"gold_gain":0,"player_choice":"Embrace Madness","damage_taken":10,"max_hp_gain":0,"max_hp_loss":0,"event_name":"Winding Halls","floor":47,"gold_loss":0,"cards_obtained":["Madness","Madness"]}],"is_beta":false,"boss_relics":[{"not_picked":["SacredBark","Runic Dome"],"picked":"RobotSpaceExplorer:Reprocessor"},{"not_picked":["Tiny House","Astrolabe"],"picked":"Busted Crown"}],"items_purged_floors":[5,36],"is_endless":false,"potions_floor_spawned":[1,4,7,8,16,24,33,35,48],"ascension_level":2}}