{"host":"ga4s3hj9m6nkn6gp","time":1614110069,"event":{"mods":["AchievementEnabler","BaseMod","Bestiary","Colored Powertips","Highlight Path","Minty Spire (QoL Compilation)","Relic Stats","everything is the same but u backflip on backflip"],"gold_per_floor":[119,269,285,285,299,299,327,338,338,356,356,356,356,374,374,374,374],"floor_reached":16,"language":"ENG","playtime":470,"items_purged":[],"score":203,"play_id":"de37b840-82cc-480d-98c3-3ad781c2c7cf","local_time":"20210223205429","is_ascension_mode":true,"campfire_choices":[{"data":"The Bomb","floor":6,"key":"SMITH"},{"data":"Wraith Form v2","floor":11,"key":"SMITH"},{"data":"Well Laid Plans","floor":13,"key":"SMITH"},{"floor":15,"key":"REST"}],"circlet_count":0,"master_deck":["AscendersBane","Strike_G","Strike_G","Strike_G","Strike_G","Strike_G","Defend_G","Defend_G","Defend_G","Defend_G","Defend_G","Survivor","Neutralize","The Bomb+1","Dagger Spray","Eviscerate","Wraith Form v2+1","Well Laid Plans+1"],"relics":["Ring of the Snake","Spirit Poop","MealTicket","Tiny Chest"],"acts_visited":["Exordium"],"potions_floor_usage":[7],"damage_taken":[{"damage":3,"enemies":"2 Louse","floor":1,"turns":3},{"damage":4,"enemies":"Jaw Worm","floor":3,"turns":3},{"damage":4,"enemies":"Cultist","floor":5,"turns":3},{"damage":5,"enemies":"Lagavulin","floor":7,"turns":6},{"damage":1,"enemies":"Blue Slaver","floor":8,"turns":3},{"damage":23,"enemies":"Gremlin Gang","floor":10,"turns":3},{"damage":10,"enemies":"Exordium Wildlife","floor":14,"turns":3},{"damage":31,"enemies":"The Guardian","floor":16,"turns":2}],"seed_played":"-4669308609512508636","potions_obtained":[{"floor":3,"key":"Block Potion"},{"floor":7,"key":"Strength Potion"},{"floor":8,"key":"Strength Potion"},{"floor":12,"key":"Strength Potion"},{"floor":14,"key":"SpeedPotion"}],"is_trial":false,"path_per_floor":["M","?","M","?","M","R","E","M","T","M","R","?","R","M","R","B"],"character_chosen":"THE_SILENT","items_purchased":[],"campfire_rested":1,"item_purchase_floors":[],"current_hp_per_floor":[56,56,52,52,48,48,43,42,42,19,19,19,19,9,27,0,0],"gold":374,"neow_bonus":"RANDOM_COLORLESS_2","is_daily":false,"chose_seed":false,"campfire_upgraded":3,"win_rate":0.0,"timestamp":1614110069,"path_taken":["M","?","M","?","M","R","E","?","T","M","R","?","R","M","R","BOSS"],"items_purchased_type":[],"build_version":"2020-12-22","purchased_purges":0,"victory":false,"max_hp_per_floor":[60,60,60,60,60,60,60,60,60,60,60,60,60,60,60,60,60],"relic_stats":{"counters":[8,26],"MealTicket":0,"Tiny Chest":0,"obtain_stats":[{"Spirit Poop":4,"MealTicket":7,"Tiny Chest":9,"Ring of the Snake":0},{"Spirit Poop":2,"MealTicket":4,"Tiny Chest":5,"Ring of the Snake":0},{"Spirit Poop":6,"MealTicket":15,"Tiny Chest":18,"Ring of the Snake":0}],"Ring of the Snake":[16]},"card_choices":[{"not_picked":["Mayhem","Apotheosis"],"picked":"The Bomb","floor":0},{"not_picked":["Backflip","Deflect"],"picked":"Dagger Spray","floor":1},{"not_picked":["Slice","Bouncing Flask"],"picked":"Eviscerate","floor":3},{"not_picked":["Reflex","Skewer","Underhanded Strike"],"picked":"SKIP","floor":5},{"not_picked":["Outmaneuver","Dodge and Roll","All Out Attack"],"picked":"SKIP","floor":7},{"not_picked":["Dodge and Roll","Well Laid Plans"],"picked":"Wraith Form v2","floor":8},{"not_picked":["Underhanded Strike","Prepared"],"picked":"Well Laid Plans","floor":10},{"not_picked":["Deadly Poison","Deflect","Well Laid Plans"],"picked":"SKIP","floor":14}],"player_experience":801091,"relics_obtained":[{"floor":7,"key":"MealTicket"},{"floor":9,"key":"Tiny Chest"}],"event_choices":[{"damage_healed":0,"gold_gain":150,"player_choice":"AGREE","damage_taken":0,"max_hp_gain":0,"max_hp_loss":0,"event_name":"Liars Game","floor":2,"gold_loss":0,"cards_obtained":["Doubt"]},{"cards_removed":["Doubt"],"damage_healed":0,"gold_gain":0,"player_choice":"Offered Curse","damage_taken":0,"relics_obtained":["Spirit Poop"],"max_hp_gain":0,"max_hp_loss":0,"event_name":"Bonfire Elementals","floor":4,"gold_loss":0},{"damage_healed":0,"gold_gain":0,"player_choice":"Got Potions","damage_taken":0,"max_hp_gain":0,"max_hp_loss":0,"event_name":"Lab","floor":12,"gold_loss":0}],"is_beta":false,"boss_relics":[],"items_purged_floors":[],"is_endless":false,"potions_floor_spawned":[3,7,8,14],"killed_by":"The Guardian","ascension_level":20}}