{"host":"18wi9kpcl4eah7pe","time":1614119461,"event":{"mods":["BaseMod","Colored Powertips","Downfall","Minty Spire (QoL Compilation)","StSLib"],"gold_per_floor":[111,141,164,8,8,21,21,21,6,19,19,64,79,105,117,218,218,18,33,18,32,302,333,384,402,402,402,414,414,414,431,442,546,546,546,138,154,168,182,202,202,228,242,252,252,107,107,12,12,12],"floor_reached":51,"language":"ENG","playtime":2405,"items_purged":["Pain"],"score":880,"play_id":"c2e267cc-cbf9-423b-81b1-2a2215722ac7","local_time":"20210223163101","is_ascension_mode":true,"campfire_choices":[{"floor":1.0,"key":"RECALL"},{"floor":8.0,"key":"REST"},{"data":"bronze:ChosenStrike","floor":11.0,"key":"SMITH"},{"data":"bronze:MaxOutput","floor":18.0,"key":"SMITH"},{"floor":30.0,"key":"REST"},{"data":"bronze:Library","floor":35.0,"key":"SMITH"},{"data":"bronze:BuggyMess","floor":47.0,"key":"SMITH"}],"circlet_count":0,"master_deck":["bronze:Strike","bronze:Strike","bronze:Strike","bronze:Strike","bronze:Defend","bronze:Defend","bronze:Defend","bronze:Defend","bronze:Replicate","bronze:Goto","bronze:Shell","bronze:Iterate","bronze:MaxOutput+1","bronze:Terminator","bronze:Boost","bronze:ChosenStrike+1","bronze:ItsAFeature","bronze:BuggyMess+1","bronze:FollowUp","bronze:InfiniteLoop","bronze:ChildClass","bronze:Frontload","bronze:OilSpill","bronze:DelayedSlice","bronze:Invalidate","bronze:Repair+1","bronze:Philosophize","bronze:Break","bronze:WhirlingStrike+1","bronze:Library+1","bronze:Overheat+1","bronze:ForceShield+1","bronze:ChildClass+1","bronze:ClassDefault+1","expansioncontent:PrepareCrush"],"relics":["bronze:BronzeCore","MawBank","WarpedTongs","Nunchaku","Akabeko","Gremlin Horn","bronze:MakeshiftBattery","downfall:HeartBlessingRed","downfall:HeartBlessingGreen","hexamod:CandleOfCauterizing","Omamori","downfall:RedIOU","Nilry\u0027s Codex","Runic Pyramid","HandDrill","White Beast Statue","StrikeDummy","Ancient Tea Set","Juzu Bracelet"],"acts_visited":["Exordium","TheCity","TheBeyond"],"potions_floor_usage":[49,50],"damage_taken":[{"damage":5.0,"enemies":"Small Slimes","floor":2.0,"turns":4.0},{"damage":10.0,"enemies":"Cultist","floor":3.0,"turns":5.0},{"damage":0.0,"enemies":"downfall:FleeingMerchant","floor":4.0,"turns":4.0},{"damage":10.0,"enemies":"Jaw Worm","floor":6.0,"turns":4.0},{"damage":6.0,"enemies":"downfall:FleeingMerchant","floor":9.0,"turns":4.0},{"damage":4.0,"enemies":"Exordium Wildlife","floor":10.0,"turns":5.0},{"damage":18.0,"enemies":"Large Slime","floor":13.0,"turns":3.0},{"damage":13.0,"enemies":"3 Sentries","floor":14.0,"turns":7.0},{"damage":0.0,"enemies":"2 Fungi Beasts","floor":15.0,"turns":1.0},{"damage":18.0,"enemies":"SI_SHIV_ARCHETYPE","floor":16.0,"turns":7.0},{"damage":6.0,"enemies":"3 Byrds","floor":19.0,"turns":3.0},{"damage":20.0,"enemies":"downfall:FleeingMerchant","floor":20.0,"turns":4.0},{"damage":5.0,"enemies":"Spheric Guardian","floor":21.0,"turns":3.0},{"damage":17.0,"enemies":"downfall:FleeingMerchant","floor":22.0,"turns":3.0},{"damage":0.0,"enemies":"Gremlin Leader","floor":23.0,"turns":3.0},{"damage":0.0,"enemies":"Snake Plant","floor":25.0,"turns":2.0},{"damage":0.0,"enemies":"Centurion and Healer","floor":28.0,"turns":3.0},{"damage":0.0,"enemies":"Snecko","floor":31.0,"turns":3.0},{"damage":0.0,"enemies":"Chosen and Byrds","floor":32.0,"turns":4.0},{"damage":45.0,"enemies":"DF_ARCHETYPE_CLAW","floor":33.0,"turns":7.0},{"damage":8.0,"enemies":"3 Shapes","floor":37.0,"turns":3.0},{"damage":4.0,"enemies":"Orb Walker","floor":38.0,"turns":2.0},{"damage":0.0,"enemies":"Transient","floor":39.0,"turns":5.0},{"damage":6.0,"enemies":"Writhing Mass","floor":40.0,"turns":3.0},{"damage":5.0,"enemies":"Reptomancer","floor":42.0,"turns":2.0},{"damage":8.0,"enemies":"Maw","floor":43.0,"turns":5.0},{"damage":7.0,"enemies":"Sphere and 2 Shapes","floor":44.0,"turns":3.0},{"damage":0,"enemies":"Transient","floor":49,"turns":1},{"damage":52,"enemies":"IC_BLOCK_ARCHETYPE","floor":50,"turns":5}],"seed_played":"7332102823740490908","potions_obtained":[{"floor":6.0,"key":"Dexterity Potion"},{"floor":10.0,"key":"Guardian:BlockOnCardUsePotion"},{"floor":13.0,"key":"BlessingOfTheForge"},{"floor":14.0,"key":"AttackPotion"},{"floor":16.0,"key":"FearPotion"},{"floor":19.0,"key":"BlessingOfTheForge"},{"floor":21.0,"key":"Energy Potion"},{"floor":28.0,"key":"Block Potion"},{"floor":31.0,"key":"FearPotion"},{"floor":33.0,"key":"sneckomod:MuddlingPotion"},{"floor":37.0,"key":"CultistPotion"},{"floor":38.0,"key":"Fire Potion"},{"floor":39.0,"key":"hexamod:SoulburnPotion"},{"floor":40.0,"key":"FearPotion"},{"floor":42.0,"key":"champ:CounterPotion"},{"floor":43.0,"key":"SpeedPotion"},{"floor":44.0,"key":"Slimebound:ThreeZeroPotion"}],"is_trial":false,"path_per_floor":["R","M","M","$","?","M","T","R","$","M","R","T","M","E","M","B",null,"R","M","$","M","$","E","T","M","?","?","M","?","R","M","M","B",null,"R","$","M","M","M","M","T","E","M","M","?","$","R","$","M","B",null],"character_chosen":"THE_AUTOMATON","items_purchased":["MealTicket","HandDrill","White Beast Statue","Juzu Bracelet","SmokeBomb"],"campfire_rested":2,"item_purchase_floors":[4,36,36,46,48],"current_hp_per_floor":[70,65,55,55,55,45,45,66,64,60,60,60,42,29,29,11,70,70,64,50,45,43,43,43,43,43,43,43,27,48,48,58,23,70,70,70,62,68,70,64,64,59,51,66,66,66,66,66,66,24],"gold":12,"neow_bonus":"RANDOM_COMMON_RELIC","is_daily":false,"chose_seed":false,"campfire_upgraded":4,"win_rate":0.0,"timestamp":1614119461,"path_taken":["R","M","M","$","?","?","T","R","?","M","R","?","M","E","M","BOSS","R","M","$","M","$","E","T","M","?","?","M","?","R","?","M","BOSS","R","$","M","M","M","?","T","E","M","M","?","$","R","?","M","BOSS"],"items_purchased_type":["Relic","Relic","Relic","Relic","Potion"],"build_version":"2020-12-22","purchased_purges":1,"victory":true,"max_hp_per_floor":[70,70,70,70,70,70,70,70,70,70,70,70,70,70,70,70,70,70,70,70,70,70,70,70,70,70,70,70,70,70,70,70,70,70,70,70,70,70,70,70,70,70,70,70,70,70,70,70,70,70],"card_choices":[{"not_picked":["bronze:Frontload","bronze:Branch"],"picked":"bronze:Shell","floor":2.0},{"not_picked":["bronze:ForLoop","bronze:WildBeam"],"picked":"bronze:Iterate","floor":3.0},{"not_picked":["bronze:DelayedSlice","bronze:FindAndReplace"],"picked":"bronze:MaxOutput","floor":4.0},{"not_picked":["bronze:Overload","bronze:BitShift"],"picked":"bronze:Terminator","floor":6.0},{"not_picked":["bronze:Backtrace","bronze:DelayedGuard"],"picked":"bronze:Boost","floor":9.0},{"not_picked":["bronze:Invalidate","bronze:Iterate"],"picked":"bronze:ChosenStrike","floor":10.0},{"not_picked":["bronze:BugBarrage","bronze:Branch"],"picked":"bronze:ItsAFeature","floor":13.0},{"not_picked":["bronze:Flail","bronze:Frontload"],"picked":"bronze:BuggyMess","floor":14.0},{"not_picked":["bronze:DigitalCarnage","bronze:Break"],"picked":"bronze:FollowUp","floor":15.0},{"not_picked":["bronze:RecursiveStrike","bronze:Format"],"picked":"bronze:InfiniteLoop","floor":16.0},{"not_picked":["bronze:Frontload","bronze:Repair"],"picked":"bronze:ChildClass","floor":19.0},{"not_picked":["bronze:CutThrough+1","bronze:Separator"],"picked":"bronze:Frontload","floor":20.0},{"not_picked":["bronze:BuggyMess","bronze:Frontload"],"picked":"bronze:OilSpill","floor":21.0},{"not_picked":["bronze:Terminator","bronze:OilSpill+1"],"picked":"bronze:DelayedSlice","floor":22.0},{"not_picked":["bronze:Iterate","bronze:Frontload"],"picked":"bronze:Invalidate","floor":23.0},{"not_picked":["bronze:ForLoop+1","bronze:BugBarrage"],"picked":"bronze:Repair+1","floor":25.0},{"not_picked":["bronze:Deprecate","bronze:BugBarrage+1"],"picked":"bronze:Philosophize","floor":28.0},{"not_picked":["bronze:OilSpill+1","bronze:Invalidate"],"picked":"bronze:Break","floor":31.0},{"not_picked":["bronze:CutThrough+1","bronze:ForceShield"],"picked":"bronze:WhirlingStrike+1","floor":32.0},{"not_picked":["bronze:FindAndReplace","bronze:Virus"],"picked":"bronze:Library","floor":33.0},{"not_picked":["bronze:Separator+1","bronze:ClassDefault+1"],"picked":"bronze:Overheat+1","floor":37.0},{"not_picked":["bronze:CutThrough","bronze:CloningBeam"],"picked":"bronze:ForceShield+1","floor":38.0},{"not_picked":["bronze:Shell","bronze:ItsAFeature+1"],"picked":"bronze:ChildClass+1","floor":39.0},{"not_picked":["bronze:WhirlingStrike+1","bronze:Overheat","bronze:Terminator+1"],"picked":"SKIP","floor":40.0},{"not_picked":["bronze:CutThrough+1","bronze:ItsAFeature+1"],"picked":"bronze:ClassDefault+1","floor":42.0},{"not_picked":["bronze:Separator","bronze:CloningBeam+1","bronze:Virus"],"picked":"SKIP","floor":43.0},{"not_picked":["bronze:DelayedSlice","bronze:Overheat","bronze:Shield"],"picked":"SKIP","floor":44.0},{"not_picked":["expansioncontent:LastStand","expansioncontent:InvincibleStrength"],"picked":"expansioncontent:PrepareCrush","floor":45.0}],"player_experience":1051199,"relics_obtained":[{"floor":7.0,"key":"Nunchaku"},{"floor":12.0,"key":"Akabeko"},{"floor":14.0,"key":"Gremlin Horn"},{"floor":23.0,"key":"hexamod:CandleOfCauterizing"},{"floor":24.0,"key":"Omamori"},{"floor":29.0,"key":"Nilry\u0027s Codex"},{"floor":41.0,"key":"StrikeDummy"},{"floor":42.0,"key":"Ancient Tea Set"}],"event_choices":[{"damage_healed":0.0,"max_hp_gain":0.0,"max_hp_loss":0.0,"gold_gain":0.0,"event_name":"Vampires","player_choice":"Ignored","floor":27.0,"gold_loss":0.0,"damage_taken":0.0}],"is_beta":false,"boss_relics":[{"not_picked":["Calling Bell","Snecko Eye"],"picked":"bronze:MakeshiftBattery"},{"not_picked":["Cursed Key","Astrolabe"],"picked":"Runic Pyramid"}],"items_purged_floors":[22],"is_endless":false,"potions_floor_spawned":[6,10,13,14,15,16,19,21,28,31,33,37,38,39,40,42,43,44,49],"ascension_level":3}}