{"host":"rfvxwqmjnimh09wr","time":1614107810,"event":{"mods":["BaseMod","Colored Map","Minty Spire (QoL Compilation)","StSLib"],"gold_per_floor":[109,122,122,142,156,189,50,67,67,67,98,98,112,128,128,128,128],"floor_reached":16,"language":"ENG","playtime":762,"items_purged":[],"score":114,"play_id":"3067cccd-d356-4a36-9bf1-903b1c0b06d8","local_time":"20210223141650","is_ascension_mode":false,"campfire_choices":[{"data":"Immolate","floor":10,"key":"SMITH"},{"data":"Limit Break","floor":12,"key":"SMITH"},{"data":"Carnage","floor":15,"key":"SMITH"}],"circlet_count":0,"master_deck":["Strike_R","Strike_R","Strike_R","Strike_R","Strike_R","Defend_R","Defend_R","Defend_R","Defend_R","Bash","Panache","Ghostly Armor","Cleave","Carnage+1","Warcry","Immolate+1","Limit Break+1","Ghostly Armor","Heavy Blade"],"relics":["Burning Blood","Art of War","Shuriken","Blue Candle"],"acts_visited":["Exordium"],"potions_floor_usage":[2,6,11,16,16],"damage_taken":[{"damage":1,"enemies":"Cultist","floor":1,"turns":4},{"damage":7,"enemies":"2 Louse","floor":2,"turns":4},{"damage":0,"enemies":"Small Slimes","floor":4,"turns":4},{"damage":0,"enemies":"Looter","floor":5,"turns":2},{"damage":26,"enemies":"Lagavulin","floor":6,"turns":6},{"damage":1,"enemies":"Exordium Thugs","floor":8,"turns":4},{"damage":8,"enemies":"Gremlin Nob","floor":11,"turns":3},{"damage":11,"enemies":"Exordium Wildlife","floor":13,"turns":2},{"damage":6,"enemies":"Red Slaver","floor":14,"turns":3},{"damage":61,"enemies":"Hexaghost","floor":16,"turns":11}],"seed_played":"-5310960295212799410","potions_obtained":[{"floor":1,"key":"Regen Potion"},{"floor":2,"key":"Ancient Potion"},{"floor":3,"key":"AttackPotion"},{"floor":6,"key":"Explosive Potion"},{"floor":11,"key":"LiquidMemories"},{"floor":13,"key":"BlessingOfTheForge"}],"is_trial":false,"path_per_floor":["M","M","?","M","M","E","$","M","T","R","E","R","M","M","R","B"],"character_chosen":"IRONCLAD","items_purchased":["Immolate"],"campfire_rested":0,"item_purchase_floors":[7],"current_hp_per_floor":[61,72,72,78,80,60,60,65,65,65,63,63,58,58,58,0,0],"gold":128,"neow_bonus":"RANDOM_COLORLESS_2","is_daily":false,"chose_seed":false,"campfire_upgraded":3,"win_rate":0.0,"timestamp":1614107810,"path_taken":["M","M","?","?","M","E","?","M","T","R","E","R","M","M","R","BOSS"],"items_purchased_type":["Card"],"build_version":"2020-12-22","purchased_purges":0,"victory":false,"max_hp_per_floor":[80,80,80,80,80,80,80,80,80,80,80,80,80,80,80,80,80],"card_choices":[{"not_picked":["Master of Strategy","Violence"],"picked":"Panache","floor":0},{"not_picked":["Twin Strike","Warcry"],"picked":"Ghostly Armor","floor":1},{"not_picked":["Dropkick","Headbutt"],"picked":"Cleave","floor":2},{"not_picked":["Clothesline","Havoc"],"picked":"Carnage","floor":4},{"not_picked":["True Grit","Ghostly Armor","Intimidate"],"picked":"SKIP","floor":5},{"not_picked":["Bloodletting","Power Through"],"picked":"Warcry","floor":6},{"not_picked":["Thunderclap","Warcry","Clash"],"picked":"SKIP","floor":8},{"not_picked":["Metallicize","Clash"],"picked":"Limit Break","floor":11},{"not_picked":["Iron Wave","Warcry"],"picked":"Ghostly Armor","floor":13},{"not_picked":["Clothesline","Cleave"],"picked":"Heavy Blade","floor":14}],"player_experience":208538,"relics_obtained":[{"floor":6,"key":"Art of War"},{"floor":9,"key":"Shuriken"},{"floor":11,"key":"Blue Candle"}],"event_choices":[{"damage_healed":0,"gold_gain":0,"player_choice":"Got Potions","damage_taken":0,"max_hp_gain":0,"max_hp_loss":0,"event_name":"Lab","floor":3,"gold_loss":0}],"is_beta":false,"boss_relics":[],"items_purged_floors":[],"is_endless":false,"potions_floor_spawned":[1,2,6,11,13],"killed_by":"Hexaghost","ascension_level":0}}