{"host":"f2zkc2gsfwbibc34","time":1614090074,"event":{"mods":["AchievementEnabler","BaseMod","Better Note","Colored Map","Colored Powertips","Defuse TimeMaze Blight","Minty Spire (QoL Compilation)","Permanent Neow","StSLib","SuperFastMode","The Servant 0.9.4"],"gold_per_floor":[109,109,184,182,196,196,216,48,102,102,137,152,168,179,179,282,282,300,260,260,272,99,125,125,143,143,13,113,113,129,140,140,241,241,251,251,11,24,24,24,59,78,78,78,78,94,16,26,26,26,26],"floor_reached":50,"language":"ENG","playtime":2014,"items_purged":["Defend_S","Strike_S","Shame"],"score":724,"play_id":"9ce02c12-0c92-4ebe-b188-e598ef24372c","local_time":"20210223152114","is_ascension_mode":true,"campfire_choices":[{"data":"MoonPhase","floor":6.0,"key":"SMITH"},{"floor":10.0,"key":"REST"},{"floor":15.0,"key":"REST"},{"floor":24.0,"key":"REST"},{"floor":32.0,"key":"REST"},{"floor":40.0,"key":"REST"},{"floor":44.0,"key":"REST"},{"floor":49,"key":"REST"}],"circlet_count":0,"master_deck":["Strike_S","Strike_S","Strike_S","Defend_S","Defend_S","Defend_S","KidneyShot","Exchange","Dilation","Ricochet","MoonPhase+1","Spin","BottledTime","Spin","MoonPhase+1","Initiator","DoubleEdge","Rewind+1","KillingDoll","SilverBlades","Defy","Revamp+1","Contraction","Spin","ShiftingGears","DoubleEdge","Master of Strategy","SilverBlades","Luminosity+1","Madness","Madness","GearUp"],"relics":["Uniform","ClockworkSouvenir","Ancient Tea Set","Torii","Busted Crown","Sundial","HornCleat","MysterySword","Lantern","Pocketwatch"],"acts_visited":["Exordium","TheCity","TheBeyond"],"potions_floor_usage":[50,50],"damage_taken":[{"damage":15.0,"enemies":"2 Louse","floor":1.0,"turns":4.0},{"damage":0.0,"enemies":"Small Slimes","floor":5.0,"turns":3.0},{"damage":5.0,"enemies":"Jaw Worm","floor":7.0,"turns":4.0},{"damage":32.0,"enemies":"Gremlin Nob","floor":11.0,"turns":6.0},{"damage":0.0,"enemies":"Exordium Wildlife","floor":12.0,"turns":3.0},{"damage":13.0,"enemies":"Blue Slaver","floor":13.0,"turns":2.0},{"damage":0.0,"enemies":"2 Fungi Beasts","floor":14.0,"turns":1.0},{"damage":13.0,"enemies":"The Guardian","floor":16.0,"turns":12.0},{"damage":0.0,"enemies":"3 Byrds","floor":18.0,"turns":5.0},{"damage":0.0,"enemies":"Chosen","floor":21.0,"turns":3.0},{"damage":49.0,"enemies":"Slavers","floor":23.0,"turns":5.0},{"damage":3.0,"enemies":"3 Cultists","floor":25.0,"turns":4.0},{"damage":2.0,"enemies":"Snecko","floor":30.0,"turns":6.0},{"damage":3.0,"enemies":"Centurion and Healer","floor":31.0,"turns":7.0},{"damage":12.0,"enemies":"Automaton","floor":33.0,"turns":11.0},{"damage":38.0,"enemies":"3 Darklings","floor":35.0,"turns":4.0},{"damage":8.0,"enemies":"Orb Walker","floor":38.0,"turns":4.0},{"damage":0.0,"enemies":"Reptomancer","floor":41.0,"turns":10.0},{"damage":0.0,"enemies":"Sphere and 2 Shapes","floor":42.0,"turns":6.0},{"damage":33.0,"enemies":"Jaw Worm Horde","floor":46.0,"turns":4.0},{"damage":0,"enemies":"3 Darklings","floor":48,"turns":6},{"damage":37,"enemies":"Time Eater","floor":50,"turns":2}],"seed_played":"1891365043681108581","potions_obtained":[{"floor":1.0,"key":"SpeedPotion"},{"floor":11.0,"key":"Fire Potion"},{"floor":16.0,"key":"SkillPotion"},{"floor":21.0,"key":"DistilledChaos"},{"floor":30.0,"key":"AttackPotion"},{"floor":35.0,"key":"LiquidMemories"},{"floor":42.0,"key":"Strength Potion"}],"is_trial":false,"path_per_floor":["M","?","?","$","M","R","M","$","T","R","E","M","M","M","R","B",null,"M","?","?","M","$","E","R","M","T","$","?","$","M","M","R","B",null,"M","?","$","M","?","R","E","M","T","R","?","M","$","M","R","B"],"character_chosen":"THE_SERVANT","items_purchased":["MoonPhase","Spin","Revamp","ClockworkSouvenir","MoonPhase","Defy","Contraction","Spin","Master of Strategy","SilverBlades","GearUp"],"campfire_rested":7,"item_purchase_floors":[4,4,4,4,8,22,27,27,37,37,47],"current_hp_per_floor":[44,44,33,33,33,33,28,28,28,47,15,15,2,2,21,8,51,51,51,51,51,51,2,21,18,18,18,18,18,16,13,32,20,54,16,16,16,8,8,27,27,27,27,46,38,5,5,5,24,0,0],"gold":26,"neow_bonus":"THREE_RARE_CARDS","is_daily":false,"chose_seed":false,"campfire_upgraded":1,"win_rate":0.0,"timestamp":1614090074,"path_taken":["M","?","?","?","M","R","M","$","T","R","E","?","M","M","R","BOSS","M","?","?","M","$","E","R","M","T","$","?","$","?","M","R","BOSS","M","?","$","?","?","R","E","M","T","R","?","?","$","M","R","BOSS"],"items_purchased_type":["Card","Card","Card","Relic","Card","Card","Card","Card","Card","Card","Card"],"build_version":"2020-12-22","purchased_purges":3,"victory":false,"max_hp_per_floor":[65,65,65,65,65,65,65,65,65,65,65,65,65,65,65,65,65,65,65,65,65,65,65,65,65,65,65,65,65,65,65,65,65,65,65,65,65,65,65,65,65,65,65,65,65,65,65,65,65,65,65],"card_choices":[{"not_picked":["TrueSight","FloweringNight"],"picked":"Dilation","floor":0.0},{"not_picked":["DualDimension","Rearm"],"picked":"Ricochet","floor":1.0},{"not_picked":["Revamp","Deny"],"picked":"BottledTime","floor":5.0},{"not_picked":["Revamp","InstantArmor"],"picked":"Spin","floor":7.0},{"not_picked":["Shuttle","Moondial"],"picked":"Initiator","floor":11.0},{"not_picked":["ShiftingGears","BottledTime"],"picked":"DoubleEdge","floor":12.0},{"not_picked":["Desolation","Unruled","Orbit"],"picked":"SKIP","floor":13.0},{"not_picked":["Rearm","Manipulate"],"picked":"Rewind","floor":14.0},{"not_picked":["Deny","SoulSculpture"],"picked":"KillingDoll","floor":16.0},{"not_picked":[],"picked":"SilverBlades","floor":18.0},{"not_picked":["Unruled"],"picked":"SKIP","floor":21.0},{"not_picked":["Collapse"],"picked":"SKIP","floor":23.0},{"not_picked":[],"picked":"Revamp+1","floor":25.0},{"not_picked":[],"picked":"ShiftingGears","floor":30.0},{"not_picked":[],"picked":"DoubleEdge","floor":31.0},{"not_picked":["TimeWarp"],"picked":"SKIP","floor":35.0},{"not_picked":[],"picked":"Luminosity+1","floor":38.0},{"not_picked":["TimeWarp+1"],"picked":"SKIP","floor":41.0},{"not_picked":["Manipulate"],"picked":"SKIP","floor":42.0},{"not_picked":["Reset+1"],"picked":"SKIP","floor":46.0},{"not_picked":["Unruled+1"],"picked":"SKIP","floor":48}],"player_experience":127986,"relics_obtained":[{"floor":9.0,"key":"Ancient Tea Set"},{"floor":11.0,"key":"Torii"},{"floor":23.0,"key":"Sundial"},{"floor":26.0,"key":"HornCleat"},{"floor":41.0,"key":"Lantern"},{"floor":43.0,"key":"Pocketwatch"}],"event_choices":[{"damage_healed":0.0,"max_hp_gain":0.0,"max_hp_loss":0.0,"gold_gain":0.0,"event_name":"Liars Game","player_choice":"Ignored","floor":2.0,"gold_loss":0.0,"damage_taken":0.0},{"damage_healed":0.0,"max_hp_gain":0.0,"max_hp_loss":0.0,"gold_gain":75.0,"event_name":"World of Goop","player_choice":"Gather Gold","floor":3.0,"gold_loss":0.0,"damage_taken":11.0},{"damage_healed":0.0,"max_hp_gain":0.0,"max_hp_loss":0.0,"gold_gain":0.0,"event_name":"Designer","player_choice":"Upgrade","floor":19.0,"gold_loss":40.0,"damage_taken":0.0,"cards_upgraded":["MoonPhase"]},{"damage_healed":0.0,"max_hp_gain":0.0,"max_hp_loss":0.0,"gold_gain":0.0,"event_name":"Upgrade Shrine","player_choice":"Upgraded","floor":20.0,"gold_loss":0.0,"damage_taken":0.0,"cards_upgraded":["Rewind"]},{"damage_healed":0.0,"max_hp_gain":0.0,"max_hp_loss":0.0,"gold_gain":100.0,"event_name":"Golden Shrine","player_choice":"Pray","floor":28.0,"gold_loss":0.0,"damage_taken":0.0},{"cards_removed":["Revamp"],"damage_healed":0.0,"max_hp_gain":0.0,"max_hp_loss":0.0,"gold_gain":0.0,"event_name":"Purifier","player_choice":"Purged","floor":36.0,"gold_loss":0.0,"damage_taken":0.0},{"damage_healed":0.0,"max_hp_gain":0.0,"max_hp_loss":0.0,"gold_gain":0.0,"event_name":"Mysterious Sphere","player_choice":"Ignored","floor":39.0,"gold_loss":0.0,"damage_taken":0.0},{"damage_healed":0.0,"max_hp_gain":0.0,"max_hp_loss":0.0,"gold_gain":0.0,"event_name":"Winding Halls","player_choice":"Embrace Madness","floor":45.0,"gold_loss":0.0,"damage_taken":8.0,"cards_obtained":["Madness","Madness"]}],"is_beta":false,"boss_relics":[{"not_picked":["Empty Cage","Philosopher\u0027s Stone"],"picked":"Busted Crown"},{"not_picked":["Black Star","Astrolabe"],"picked":"MysterySword"}],"items_purged_floors":[4,8,22],"is_endless":false,"potions_floor_spawned":[1,11,16,21,30,35,42],"killed_by":"Time Eater","ascension_level":8}}