{"host":"f7jml7vkwn3tj7tu","time":1614071236,"event":{"mods":["BaseMod","Block Reminder","Minty Spire (QoL Compilation)","Relic Stats","Slay-I"],"gold_per_floor":[115,190,465,481,493,528,528,563,563,582,601,629,81,95,95,190,190,200,214,214,214,214,241,241,271,271,303,303,316,326,346,346,448,448,461,511,556,71,71,71,19,38,38,64,82,0,25,43,43,43,43,43,20,49,49],"floor_reached":56,"language":"ENG","playtime":3761,"items_purged":["Regret","Writhe"],"score":1507,"play_id":"63905481-b135-4514-9f33-d4d171d12004","local_time":"20210223040716","is_ascension_mode":true,"campfire_choices":[{"floor":7.0,"key":"REST"},{"data":"Blade Dance","floor":15.0,"key":"SMITH"},{"data":"Wraith Form v2","floor":24.0,"key":"SMITH"},{"data":"Wraith Form v2","floor":28.0,"key":"SMITH"},{"data":"Blade Dance","floor":32.0,"key":"SMITH"},{"data":"Terror","floor":40.0,"key":"SMITH"},{"floor":49.0,"key":"RECALL"},{"data":"Poisoned Stab","floor":52.0,"key":"SMITH"}],"circlet_count":0,"master_deck":["Strike_G","Strike_G","Strike_G","Strike_G","Defend_G","Defend_G","Defend_G","Defend_G","Defend_G","Survivor","Neutralize","Setup","All Out Attack","Poisoned Stab+1","Quick Slash","Wraith Form v2+1","Quick Slash","Terror+1","Well Laid Plans","Blade Dance+1","Wraith Form v2+1","PiercingWail+1","Backflip","All Out Attack+1","Burst","Blade Dance+1","Writhe","Unload+1","Backstab+1","Cloak And Dagger+1","Unload+1","Bane+1","Accuracy+1","Bane+1","Wraith Form v2+1","Clumsy","Tactician","Parasite","Caltrops+1","Poisoned Stab+1"],"relics":["Ring of the Snake","Letter Opener","Strawberry","Meat on the Bone","Molten Egg 2","PreservedInsect","Mango","Cursed Key","Art of War","Eternal Feather","CaptainsWheel","Frozen Egg 2","StrikeDummy","Runic Pyramid","Ice Cream","Tingsha","Mummified Hand","DollysMirror","Bag of Preparation","Red Mask","Question Card","Bottled Tornado"],"acts_visited":["Exordium","TheCity","TheBeyond","TheEnding"],"potions_floor_usage":[55],"damage_taken":[{"damage":16.0,"enemies":"Small Slimes","floor":1.0,"turns":5.0},{"damage":10.0,"enemies":"2 Louse","floor":4.0,"turns":2.0},{"damage":0.0,"enemies":"Cultist","floor":5.0,"turns":3.0},{"damage":15.0,"enemies":"3 Sentries","floor":6.0,"turns":8.0},{"damage":33.0,"enemies":"Gremlin Nob","floor":8.0,"turns":5.0},{"damage":2.0,"enemies":"Red Slaver","floor":10.0,"turns":3.0},{"damage":6.0,"enemies":"2 Fungi Beasts","floor":11.0,"turns":3.0},{"damage":4.0,"enemies":"Lagavulin","floor":12.0,"turns":7.0},{"damage":5.0,"enemies":"Blue Slaver","floor":14.0,"turns":4.0},{"damage":11.0,"enemies":"Slime Boss","floor":16.0,"turns":12.0},{"damage":10.0,"enemies":"Shell Parasite","floor":18.0,"turns":5.0},{"damage":22.0,"enemies":"Spheric Guardian","floor":19.0,"turns":4.0},{"damage":16.0,"enemies":"Book of Stabbing","floor":23.0,"turns":5.0},{"damage":6.0,"enemies":"Gremlin Leader","floor":25.0,"turns":6.0},{"damage":27.0,"enemies":"Slavers","floor":27.0,"turns":4.0},{"damage":0.0,"enemies":"Snecko","floor":29.0,"turns":3.0},{"damage":6.0,"enemies":"Centurion and Healer","floor":30.0,"turns":8.0},{"damage":3.0,"enemies":"Sentry and Sphere","floor":31.0,"turns":6.0},{"damage":53.0,"enemies":"Collector","floor":33.0,"turns":10.0},{"damage":32.0,"enemies":"3 Darklings","floor":35.0,"turns":5.0},{"damage":12.0,"enemies":"Mind Bloom Boss Battle","floor":36.0,"turns":6.0},{"damage":5.0,"enemies":"2 Orb Walkers","floor":37.0,"turns":2.0},{"damage":12.0,"enemies":"Orb Walker","floor":42.0,"turns":3.0},{"damage":46.0,"enemies":"Nemesis","floor":44.0,"turns":5.0},{"damage":0.0,"enemies":"Jaw Worm Horde","floor":45.0,"turns":4.0},{"damage":8.0,"enemies":"Giant Head","floor":47.0,"turns":6.0},{"damage":28.0,"enemies":"Writhing Mass","floor":48.0,"turns":4.0},{"damage":13.0,"enemies":"Time Eater","floor":50.0,"turns":13.0},{"damage":12.0,"enemies":"Shield and Spear","floor":54.0,"turns":4.0},{"damage":69,"enemies":"The Heart","floor":55,"turns":9}],"seed_played":"315849692160161258","potions_obtained":[{"floor":1.0,"key":"SkillPotion"},{"floor":4.0,"key":"PowerPotion"},{"floor":8.0,"key":"DistilledChaos"},{"floor":12.0,"key":"Energy Potion"},{"floor":18.0,"key":"Fire Potion"},{"floor":19.0,"key":"LiquidBronze"},{"floor":27.0,"key":"DistilledChaos"},{"floor":31.0,"key":"SteroidPotion"},{"floor":33.0,"key":"LiquidMemories"},{"floor":35.0,"key":"FearPotion"},{"floor":36.0,"key":"SteroidPotion"},{"floor":44.0,"key":"PowerPotion"}],"is_trial":false,"path_per_floor":["M","?","?","M","M","E","R","E","T","M","M","E","$","M","R","B",null,"M","M","?","?","?","E","R","E","T","E","R","M","M","M","R","B",null,"M","?","?","$","?","R","$","M","T","E","M","?","E","M","R","B",null,"R","$","E","B",null],"character_chosen":"THE_SILENT","items_purchased":["PreservedInsect","Mango","Blade Dance","Mummified Hand","DollysMirror","SteroidPotion","Poisoned Stab+1"],"campfire_rested":1,"item_purchase_floors":[13,13,13,38,38,41,53],"current_hp_per_floor":[54,43,43,33,33,18,39,13,13,23,29,37,51,46,46,47,91,81,59,59,59,41,37,52,58,58,43,58,58,52,49,67,26,96,64,52,59,59,59,80,80,68,68,34,46,46,50,34,55,54,91,91,91,79,22],"gold":49,"neow_bonus":"TRANSFORM_CARD","is_daily":false,"chose_seed":false,"campfire_upgraded":6,"win_rate":0.0,"timestamp":1614071236,"path_taken":["M","?","?","?","M","E","R","E","T","M","M","E","?","M","R","BOSS","M","M","?","?","?","E","R","E","T","E","R","M","?","M","R","BOSS","M","?","?","$","?","R","$","?","T","E","M","?","E","M","R","BOSS","R","$","E","BOSS"],"items_purchased_type":["Relic","Relic","Card","Relic","Relic","Potion","Card"],"build_version":"2020-12-22","purchased_purges":2,"victory":true,"max_hp_per_floor":[70,70,70,70,70,70,70,77,77,77,77,77,91,91,91,91,91,91,91,91,91,96,96,96,96,96,96,96,96,96,96,96,96,96,96,96,96,96,91,91,91,91,91,91,91,91,91,91,91,91,91,91,91,91,91],"relic_stats":{"counters":[30,164],"Eternal Feather":90,"Tingsha":[132],"PreservedInsect":366,"Bag of Preparation":[12],"Letter Opener":[139],"Cursed Key":2,"Question Card":2,"Mummified Hand":[37],"Art of War":[5],"obtain_stats":[{"Ice Cream":36,"Mango":13,"Eternal Feather":23,"Tingsha":37,"PreservedInsect":13,"Bag of Preparation":44,"Letter Opener":6,"Frozen Egg 2":26,"Bottled Tornado":54,"Cursed Key":17,"Question Card":47,"CaptainsWheel":25,"Mummified Hand":38,"DollysMirror":38,"Strawberry":8,"Molten Egg 2":12,"Art of War":21,"Red Mask":46,"StrikeDummy":27,"Ring of the Snake":0,"Meat on the Bone":9,"Runic Pyramid":34},{"Ice Cream":21,"Mango":8,"Eternal Feather":13,"Tingsha":22,"PreservedInsect":8,"Bag of Preparation":24,"Letter Opener":4,"Frozen Egg 2":14,"Bottled Tornado":29,"Cursed Key":10,"Question Card":26,"CaptainsWheel":14,"Mummified Hand":22,"DollysMirror":22,"Strawberry":5,"Molten Egg 2":8,"Art of War":12,"Red Mask":25,"StrikeDummy":15,"Ring of the Snake":0,"Meat on the Bone":5,"Runic Pyramid":19},{"Ice Cream":114,"Mango":36,"Eternal Feather":66,"Tingsha":116,"PreservedInsect":36,"Bag of Preparation":124,"Letter Opener":18,"Frozen Egg 2":72,"Bottled Tornado":155,"Cursed Key":52,"Question Card":134,"CaptainsWheel":72,"Mummified Hand":116,"DollysMirror":116,"Strawberry":23,"Molten Egg 2":36,"Art of War":61,"Red Mask":128,"StrikeDummy":76,"Ring of the Snake":0,"Meat on the Bone":23,"Runic Pyramid":103}],"Ring of the Snake":[60],"Meat on the Bone":180},"card_choices":[{"not_picked":["Caltrops","Dagger Spray"],"picked":"All Out Attack","floor":1.0},{"not_picked":["Bane","Outmaneuver"],"picked":"Poisoned Stab","floor":4.0},{"not_picked":["Crippling Poison","Deadly Poison","Concentrate"],"picked":"SKIP","floor":5.0},{"not_picked":["Setup","Sucker Punch"],"picked":"Quick Slash","floor":6.0},{"not_picked":["Concentrate","Blade Dance"],"picked":"Wraith Form v2","floor":8.0},{"not_picked":["Deadly Poison","Expertise"],"picked":"Quick Slash","floor":10.0},{"not_picked":["Concentrate","Bane"],"picked":"Terror","floor":11.0},{"not_picked":["Backflip","Acrobatics"],"picked":"Well Laid Plans","floor":12.0},{"not_picked":["Riddle With Holes+1","Accuracy","Terror"],"picked":"SKIP","floor":14.0},{"not_picked":["Burst","Tools of the Trade"],"picked":"Wraith Form v2","floor":16.0},{"not_picked":["Prepared+1","Deflect"],"picked":"PiercingWail+1","floor":18.0},{"not_picked":["Reflex","Poisoned Stab+1"],"picked":"Backflip","floor":19.0},{"not_picked":["Heel Hook+1","Well Laid Plans"],"picked":"Burst","floor":23.0},{"not_picked":["Deflect","Setup+1"],"picked":"Blade Dance","floor":25.0},{"not_picked":["Underhanded Strike+1","Dodge and Roll+1"],"picked":"Unload+1","floor":27.0},{"not_picked":["Acrobatics","Outmaneuver","Underhanded Strike+1"],"picked":"SKIP","floor":29.0},{"not_picked":["Deadly Poison","PiercingWail+1"],"picked":"Backstab+1","floor":30.0},{"not_picked":["Dagger Spray+1","Flechettes+1"],"picked":"Cloak And Dagger+1","floor":31.0},{"not_picked":["Corpse Explosion","Night Terror"],"picked":"Unload+1","floor":33.0},{"not_picked":["Underhanded Strike+1","Poisoned Stab+1"],"picked":"Bane+1","floor":35.0},{"not_picked":["Well Laid Plans+1","Leg Sweep"],"picked":"Accuracy+1","floor":36.0},{"not_picked":["Blur+1","Acrobatics+1"],"picked":"Bane+1","floor":37.0},{"not_picked":["Quick Slash+1","Distraction","Crippling Poison"],"picked":"SKIP","floor":42.0},{"not_picked":["Dagger Throw+1","Backflip"],"picked":"Tactician","floor":44.0},{"not_picked":["Flechettes+1","All Out Attack+1","Reflex+1"],"picked":"SKIP","floor":45.0},{"not_picked":["Outmaneuver+1","PiercingWail+1","Well Laid Plans+1"],"picked":"SKIP","floor":47.0},{"not_picked":["Dagger Spray+1","Deadly Poison+1","Adrenaline"],"picked":"Caltrops+1","floor":48.0},{"not_picked":["Blade Dance+1","Deadly Poison","Masterful Stab+1","Dodge and Roll+1"],"picked":"SKIP","floor":54.0}],"player_experience":617730,"relics_obtained":[{"floor":6.0,"key":"Letter Opener"},{"floor":8.0,"key":"Strawberry"},{"floor":9.0,"key":"Meat on the Bone"},{"floor":12.0,"key":"Molten Egg 2"},{"floor":23.0,"key":"Eternal Feather"},{"floor":25.0,"key":"CaptainsWheel"},{"floor":26.0,"key":"Frozen Egg 2"},{"floor":27.0,"key":"StrikeDummy"},{"floor":36.0,"key":"Ice Cream"},{"floor":37.0,"key":"Tingsha"},{"floor":44.0,"key":"Bag of Preparation"},{"floor":47.0,"key":"Question Card"},{"floor":54.0,"key":"Bottled Tornado"}],"event_choices":[{"damage_healed":0.0,"max_hp_gain":0.0,"max_hp_loss":0.0,"gold_gain":75.0,"event_name":"World of Goop","player_choice":"Gather Gold","floor":2.0,"gold_loss":0.0,"damage_taken":11.0},{"damage_healed":0.0,"max_hp_gain":0.0,"max_hp_loss":0.0,"gold_gain":275.0,"event_name":"Golden Shrine","player_choice":"Desecrate","floor":3.0,"gold_loss":0.0,"damage_taken":0.0,"cards_obtained":["Regret"]},{"damage_healed":0.0,"max_hp_gain":0.0,"max_hp_loss":0.0,"gold_gain":0.0,"event_name":"The Library","player_choice":"Read","floor":20.0,"gold_loss":0.0,"damage_taken":0.0,"cards_obtained":["All Out Attack"]},{"damage_healed":0.0,"max_hp_gain":0.0,"max_hp_loss":0.0,"gold_gain":0.0,"event_name":"The Mausoleum","player_choice":"Opened","floor":21.0,"gold_loss":0.0,"damage_taken":0.0,"relics_obtained":["Art of War"],"cards_obtained":["Writhe"]},{"damage_healed":0.0,"max_hp_gain":5.0,"max_hp_loss":0.0,"gold_gain":0.0,"event_name":"Forgotten Altar","player_choice":"Shed Blood","floor":22.0,"gold_loss":0.0,"damage_taken":23.0},{"damage_healed":0.0,"max_hp_gain":0.0,"max_hp_loss":0.0,"gold_gain":0.0,"event_name":"MindBloom","player_choice":"Fight","floor":36.0,"gold_loss":0.0,"damage_taken":0.0},{"damage_healed":0.0,"max_hp_gain":0.0,"max_hp_loss":0.0,"gold_gain":0.0,"event_name":"Mysterious Sphere","player_choice":"Fight","floor":37.0,"gold_loss":0.0,"damage_taken":0.0},{"damage_healed":0.0,"max_hp_gain":0.0,"max_hp_loss":5.0,"gold_gain":0.0,"event_name":"Winding Halls","player_choice":"Max HP","floor":39.0,"gold_loss":0.0,"damage_taken":0.0},{"damage_healed":0.0,"max_hp_gain":0.0,"max_hp_loss":0.0,"gold_gain":0.0,"event_name":"Tomb of Lord Red Mask","player_choice":"Paid","floor":46.0,"gold_loss":82.0,"damage_taken":0.0,"relics_obtained":["Red Mask"]}],"is_beta":false,"boss_relics":[{"not_picked":["Snecko Eye","Calling Bell"],"picked":"Cursed Key"},{"not_picked":["SacredBark","Runic Dome"],"picked":"Runic Pyramid"}],"items_purged_floors":[13,38],"is_endless":false,"potions_floor_spawned":[1,4,8,12,18,19,27,31,33,35,36,44],"ascension_level":4}}