{"host":"8vqkh0x3c7vpgzzm","time":1614076638,"event":{"mods":["AchievementEnabler","BaseMod","Colored Map","Colored Powertips","Curses Come First","DeckTracker","Highlight Path","Minty Spire (QoL Compilation)","Permanent Neow","Quick Restart","Random Character Mod","Rare Cards Sparkle","Relic Sorter","Relic Stats","StSLib","SuperFastMode","Unceasing Turn Reminder","egg","everything is the same but u backflip on backflip"],"gold_per_floor":[115,115,85,101,120,145,145,145,170,197,216,291,291,311,311,412,412,424,43,58,74,74,74,74,102,102,135,165,165,199,211,223,330,342,367,396,630,659,671,713,347,347,393,411,443,470,470,480,480,480],"floor_reached":51,"language":"ENG","playtime":4015,"items_purged":["Strike_B"],"score":1420,"play_id":"87d5a858-1dd3-46e2-b40d-2aa64c8984db","local_time":"20210223113718","is_ascension_mode":true,"campfire_choices":[{"data":"Beam Cell","floor":7,"key":"SMITH"},{"data":"Defragment","floor":13,"key":"SMITH"},{"floor":15,"key":"REST"},{"data":"Buffer","floor":23,"key":"SMITH"},{"data":"Hologram","floor":29,"key":"SMITH"},{"data":"Consume","floor":32,"key":"SMITH"},{"data":"Fission","floor":42,"key":"SMITH"},{"data":"Fission","floor":47,"key":"SMITH"},{"data":"Blizzard","floor":49,"key":"SMITH"}],"circlet_count":0,"master_deck":["Strike_B","Strike_B","Strike_B","Defend_B","Defend_B","Defend_B","Defend_B","Zap+1","Dualcast","Defragment","Rip and Tear","Beam Cell+1","Defragment+1","Capacitor","Glacier","Conserve Battery","Buffer+1","White Noise+1","Hologram","Capacitor","Undo+1","Hologram+1","Ghostly","Ghostly","Ghostly+1","Ghostly","Ghostly","Fission+1","Chaos+1","Consume+1","Fission+1","Master of Strategy+1","Compile Driver","Heatsinks","Blizzard+1","Chill+1","Chaos+1"],"relics":["FrozenCore","Tiny Chest","Bird Faced Urn","CaptainsWheel","PreservedInsect","Oddly Smooth Stone","Coffee Dripper","Cables","Meat on the Bone","Bag of Marbles","Ice Cream","Vajra","Red Mask","MawBank","Eternal Feather","War Paint","Blood Vial","White Beast Statue","Potion Belt"],"acts_visited":["Exordium","TheCity","TheBeyond"],"potions_floor_usage":[6,16,50,50,50],"damage_taken":[{"damage":1,"enemies":"Cultist","floor":1,"turns":3},{"damage":9,"enemies":"2 Louse","floor":4,"turns":2},{"damage":0,"enemies":"Small Slimes","floor":5,"turns":2},{"damage":20,"enemies":"Lagavulin","floor":6,"turns":6},{"damage":15,"enemies":"3 Sentries","floor":10,"turns":5},{"damage":8,"enemies":"3 Louse","floor":11,"turns":4},{"damage":8,"enemies":"Lots of Slimes","floor":14,"turns":5},{"damage":0,"enemies":"The Guardian","floor":16,"turns":9},{"damage":0,"enemies":"Spheric Guardian","floor":18,"turns":5},{"damage":18,"enemies":"2 Thieves","floor":20,"turns":5},{"damage":0,"enemies":"Sentry and Sphere","floor":21,"turns":7},{"damage":1,"enemies":"Gremlin Leader","floor":25,"turns":7},{"damage":3,"enemies":"Book of Stabbing","floor":27,"turns":7},{"damage":2,"enemies":"Masked Bandits","floor":28,"turns":5},{"damage":18,"enemies":"Gremlin Leader","floor":30,"turns":11},{"damage":0,"enemies":"Champ","floor":33,"turns":11},{"damage":0,"enemies":"3 Shapes","floor":35,"turns":4},{"damage":0,"enemies":"Orb Walker","floor":36,"turns":8},{"damage":0,"enemies":"Writhing Mass","floor":38,"turns":15},{"damage":0,"enemies":"Nemesis","floor":40,"turns":9},{"damage":0,"enemies":"Spire Growth","floor":44,"turns":7},{"damage":0,"enemies":"Giant Head","floor":45,"turns":7},{"damage":2,"enemies":"Transient","floor":48,"turns":5},{"damage":0,"enemies":"Donu and Deca","floor":50,"turns":7}],"seed_played":"9209121699265559030","potions_obtained":[{"floor":1,"key":"LiquidBronze"},{"floor":3,"key":"Strength Potion"},{"floor":3,"key":"FearPotion"},{"floor":4,"key":"Weak Potion"},{"floor":6,"key":"Strength Potion"},{"floor":21,"key":"SpeedPotion"},{"floor":27,"key":"FocusPotion"},{"floor":48,"key":"ColorlessPotion"}],"is_trial":false,"path_per_floor":["M","?","?","M","M","E","R","T","T","E","M","?","R","M","R","B",null,"M","$","M","M","?","R","T","E","T","E","?","R","E","$","R","B",null,"M","M","?","M","?","E","$","R","T","M","E","T","R","M","R","B",null],"character_chosen":"DEFECT","items_purchased":["Cables","Hologram","Capacitor","Heatsinks","War Paint","Blizzard"],"campfire_rested":1,"item_purchase_floors":[19,19,19,41,41,41],"current_hp_per_floor":[67,67,67,58,58,38,38,38,38,27,23,16,16,12,34,40,66,74,74,65,75,37,37,37,37,37,37,37,37,22,22,22,37,37,37,37,37,37,27,37,37,37,37,37,37,37,37,37,37,37],"gold":480,"neow_bonus":"RANDOM_COMMON_RELIC","is_daily":false,"chose_seed":false,"campfire_upgraded":8,"win_rate":0.0,"timestamp":1614076638,"path_taken":["M","?","?","M","?","E","R","?","T","E","M","?","R","M","R","BOSS","M","$","M","?","?","R","?","E","T","E","?","R","E","$","R","BOSS","M","M","?","M","?","E","$","R","T","M","E","?","R","M","R","BOSS"],"items_purchased_type":["Relic","Card","Card","Card","Relic","Card"],"build_version":"2020-12-22","purchased_purges":1,"victory":true,"max_hp_per_floor":[75,75,75,75,75,75,75,75,75,75,75,75,75,75,75,75,75,75,75,75,75,37,37,37,37,37,37,37,37,37,37,37,37,37,37,37,37,37,37,37,37,37,37,37,37,37,37,37,37,37],"relic_stats":{"Blood Vial":0,"counters":[24,156],"Bird Faced Urn":[81],"Tiny Chest":3,"Eternal Feather":0,"PreservedInsect":335,"War Paint":["Ghostly","Master of Strategy"],"MawBank":132,"obtain_stats":[{"Ice Cream":26,"Potion Belt":46,"Oddly Smooth Stone":10,"Vajra":27,"Eternal Feather":40,"PreservedInsect":9,"War Paint":41,"MawBank":30,"White Beast Statue":45,"Cables":19,"FrozenCore":34,"Blood Vial":43,"CaptainsWheel":8,"Bird Faced Urn":6,"Tiny Chest":0,"Coffee Dripper":17,"Bag of Marbles":25,"Red Mask":28,"Cracked Core":0,"Meat on the Bone":24},{"Ice Cream":12,"Potion Belt":22,"Oddly Smooth Stone":5,"Vajra":13,"Eternal Feather":20,"PreservedInsect":4,"War Paint":20,"MawBank":15,"White Beast Statue":22,"Cables":9,"FrozenCore":16,"Blood Vial":20,"CaptainsWheel":4,"Bird Faced Urn":4,"Tiny Chest":0,"Coffee Dripper":8,"Bag of Marbles":12,"Red Mask":14,"Cracked Core":0,"Meat on the Bone":11},{"Ice Cream":60,"Potion Belt":144,"Oddly Smooth Stone":18,"Vajra":67,"Eternal Feather":130,"PreservedInsect":13,"War Paint":130,"MawBank":83,"White Beast Statue":144,"Cables":41,"FrozenCore":94,"Blood Vial":130,"CaptainsWheel":13,"Bird Faced Urn":13,"Tiny Chest":0,"Coffee Dripper":36,"Bag of Marbles":60,"Red Mask":72,"Cracked Core":0,"Meat on the Bone":53}],"FrozenCore":[26],"Cables":[98,38,42,10,8],"Meat on the Bone":0},"card_choices":[{"not_picked":["Doom and Gloom","Conserve Battery"],"picked":"Defragment","floor":1},{"not_picked":["Rebound","Coolheaded"],"picked":"Rip and Tear","floor":4},{"not_picked":["Sweeping Beam","Gash"],"picked":"Beam Cell","floor":5},{"not_picked":["Undo","Capacitor"],"picked":"Defragment","floor":6},{"not_picked":["Steam Power","Force Field"],"picked":"Capacitor","floor":10},{"not_picked":["Scrape","Genetic Algorithm"],"picked":"Glacier","floor":11},{"not_picked":["Gash","Auto Shields"],"picked":"Conserve Battery","floor":14},{"not_picked":["Core Surge","Thunder Strike"],"picked":"Buffer","floor":16},{"not_picked":["Hello World","Gash"],"picked":"White Noise+1","floor":18},{"not_picked":["Reprogram","Turbo"],"picked":"Undo+1","floor":20},{"not_picked":["Rip and Tear","Rebound"],"picked":"Hologram","floor":21},{"not_picked":["Fusion","Gash+1"],"picked":"Fission","floor":25},{"not_picked":["Fusion","Recycle"],"picked":"Chaos+1","floor":27},{"not_picked":["Hello World","Force Field+1"],"picked":"Consume","floor":30},{"not_picked":["Thunder Strike","Rainbow"],"picked":"Fission","floor":33},{"not_picked":["Rebound","Sweeping Beam","Conserve Battery+1"],"picked":"SKIP","floor":35},{"not_picked":["Compile Driver","Go for the Eyes+1","Cold Snap"],"picked":"SKIP","floor":36},{"not_picked":["Force Field+1","Sweeping Beam","Stack+1"],"picked":"SKIP","floor":38},{"not_picked":["Blind","Flash of Steel"],"picked":"Master of Strategy","floor":39},{"not_picked":["Steam+1","Redo+1"],"picked":"Compile Driver","floor":40},{"not_picked":["Redo+1","Conserve Battery+1","Cold Snap+1"],"picked":"SKIP","floor":44},{"not_picked":["Steam+1","Ball Lightning"],"picked":"Chill+1","floor":45},{"not_picked":["Meteor Strike","Heatsinks"],"picked":"Chaos+1","floor":48}],"player_experience":612047,"relics_obtained":[{"floor":6,"key":"Bird Faced Urn"},{"floor":8,"key":"CaptainsWheel"},{"floor":9,"key":"PreservedInsect"},{"floor":10,"key":"Oddly Smooth Stone"},{"floor":24,"key":"Meat on the Bone"},{"floor":25,"key":"Bag of Marbles"},{"floor":26,"key":"Ice Cream"},{"floor":27,"key":"Vajra"},{"floor":28,"key":"Red Mask"},{"floor":30,"key":"MawBank"},{"floor":40,"key":"Eternal Feather"},{"floor":43,"key":"Blood Vial"},{"floor":45,"key":"White Beast Statue"},{"floor":46,"key":"Potion Belt"}],"event_choices":[{"damage_healed":0,"gold_gain":0,"player_choice":"Grow","damage_taken":0,"max_hp_gain":0,"max_hp_loss":0,"event_name":"Living Wall","floor":2,"gold_loss":0,"cards_upgraded":["Zap"]},{"damage_healed":0,"gold_gain":0,"player_choice":"Bought 2 Potions","damage_taken":0,"max_hp_gain":0,"max_hp_loss":0,"event_name":"The Woman in Blue","floor":3,"gold_loss":0},{"damage_healed":0,"gold_gain":75,"player_choice":"Touch","damage_taken":7,"max_hp_gain":0,"max_hp_loss":0,"event_name":"FaceTrader","floor":12,"gold_loss":0},{"damage_healed":0,"gold_gain":0,"player_choice":"Became a Ghost","damage_taken":0,"max_hp_gain":0,"max_hp_loss":38,"event_name":"Ghosts","floor":22,"gold_loss":0,"cards_obtained":["Ghostly","Ghostly","Ghostly","Ghostly","Ghostly"]},{"damage_healed":0,"gold_gain":0,"player_choice":"Fought Bandits","damage_taken":0,"max_hp_gain":0,"max_hp_loss":0,"event_name":"Masked Bandits","floor":28,"gold_loss":0},{"damage_healed":0,"gold_gain":222,"player_choice":"Wore Mask","damage_taken":0,"max_hp_gain":0,"max_hp_loss":0,"event_name":"Tomb of Lord Red Mask","floor":37,"gold_loss":0},{"damage_healed":0,"gold_gain":0,"player_choice":"Memory 3","damage_taken":10,"max_hp_gain":0,"max_hp_loss":0,"event_name":"SensoryStone","floor":39,"gold_loss":0}],"is_beta":false,"boss_relics":[{"not_picked":["SacredBark","Cursed Key"],"picked":"Coffee Dripper"},{"not_picked":["Snecko Eye","Velvet Choker"],"picked":"FrozenCore"}],"items_purged_floors":[41],"is_endless":false,"potions_floor_spawned":[1,4,6,11,21,27,35,38,48],"ascension_level":7}}