{"host":"o5jvvi5yapo90aia","time":1614093833,"event":{"mods":["BaseMod","CapriCore","Minty Spire (QoL Compilation)","MostiFishMod","Prisma Mod","Spicy Shops","StSLib","TestMod","The Immortal","Yakumo Yukari mod","【人物mod】游戏王New YuGiOh mod","【功能Mod】Neow奖励"],"gold_per_floor":[116,166,186,186,205,230,240,252,252,264,591,604,630,650,650,725,725,735,735,785,796,290,325,344,376,399,399,399,418,418,451,451,525,525,539,539,556,556,-1365,-1338,-1322,-1289,-1266,-1239,-1212,-1212,-1182,-1164,-1164,-1159,-1154,-1154,-1154,-1154,-1115,-1110],"floor_reached":57,"language":"ZHS","playtime":1489,"items_purged":["Writhe","Defend_P"],"score":4089,"play_id":"1e75c4f7-1ec5-423f-9bd0-f015ffb6f486","local_time":"20210223232353","is_ascension_mode":true,"campfire_choices":[{"data":"Regret","floor":15.0,"key":"PURGE"},{"data":"MostiFishMod:SephirahHod","floor":27,"key":"SMITH"},{"data":"Defend_P","floor":30,"key":"PURGE"},{"data":"Defend_P","floor":32,"key":"PURGE"},{"data":"Defend_P","floor":46,"key":"PURGE"},{"floor":49,"key":"RECALL"},{"data":"Strike_P","floor":53,"key":"PURGE"}],"circlet_count":0,"master_deck":["AscendersBane","Strike_P","Strike_P","Strike_P","Eruption","Vigilance","MostiFishMod:SephirahHod+1","InnerPeace","BattleHymn","MentalFortress","TalkToTheHand","Tantrum","Adaptation","Fasting2"],"relics":["DaveBox","testmod-TestBox","VioletLotus","MostiFishMod:Hod","testmod-AssaultLearning","SynthV:TestCard","Lantern","WingedGreaves","BionicSphere","Old Coin","Centennial Puzzle","Black Star","BirthdayGift-Icosahedron","testmod-CrystalShield","Mummified Hand","Juzu Bracelet","Gremlin Horn","Letter Opener","Yang","Prayer Wheel","CombinedTypeHook","ChiXiaoBlade","SynthV","Akabeko","testmod-Antiphasic","SynthV:MejaisSoulstealer","InkBottle","Shuriken","Bottled Tornado","MealTicket","Strawberry","testmod-OneHitWonder","Pen Nib","testmod-Justice","Pantograph","Happy Flower","testmod-Hope","ImprovedEquipment","Boot"],"acts_visited":["Exordium","TheCity","TheBeyond","TheEnding"],"potions_floor_usage":[16,56],"damage_taken":[{"damage":0.0,"enemies":"Jaw Worm","floor":1.0,"turns":4.0},{"damage":0.0,"enemies":"Cultist","floor":3.0,"turns":2.0},{"damage":0.0,"enemies":"Small Slimes","floor":5.0,"turns":2.0},{"damage":3.0,"enemies":"Gremlin Nob","floor":6.0,"turns":3.0},{"damage":23.0,"enemies":"Exordium Thugs","floor":7.0,"turns":4.0},{"damage":1.0,"enemies":"Blue Slaver","floor":8.0,"turns":2.0},{"damage":2.0,"enemies":"Exordium Wildlife","floor":10.0,"turns":3.0},{"damage":11.0,"enemies":"Lagavulin","floor":11.0,"turns":5.0},{"damage":2.0,"enemies":"Gremlin Gang","floor":12.0,"turns":4.0},{"damage":21.0,"enemies":"3 Sentries","floor":13.0,"turns":4.0},{"damage":0.0,"enemies":"Looter","floor":14.0,"turns":1.0},{"damage":0,"enemies":"Slime Boss","floor":16,"turns":4},{"damage":8,"enemies":"Spheric Guardian","floor":18,"turns":3},{"damage":4,"enemies":"Shell Parasite","floor":21,"turns":3},{"damage":0,"enemies":"Book of Stabbing","floor":23,"turns":3},{"damage":0,"enemies":"Cultist and Chosen","floor":24,"turns":2},{"damage":0,"enemies":"Slavers","floor":25,"turns":2},{"damage":0,"enemies":"Chosen and Byrds","floor":29,"turns":2},{"damage":0,"enemies":"Gremlin Leader","floor":31,"turns":1},{"damage":0,"enemies":"Automaton","floor":33,"turns":3},{"damage":0,"enemies":"3 Shapes","floor":35,"turns":1},{"damage":0,"enemies":"3 Darklings","floor":37,"turns":1},{"damage":0,"enemies":"Reptomancer","floor":40,"turns":1},{"damage":0,"enemies":"Sphere and 2 Shapes","floor":41,"turns":1},{"damage":0,"enemies":"Giant Head","floor":42,"turns":1},{"damage":0,"enemies":"Nemesis","floor":44,"turns":1},{"damage":0,"enemies":"Reptomancer","floor":45,"turns":1},{"damage":0,"enemies":"Nemesis","floor":47,"turns":1},{"damage":0,"enemies":"4 Shapes","floor":48,"turns":1},{"damage":0,"enemies":"Donu and Deca","floor":50,"turns":1},{"damage":0,"enemies":"Time Eater","floor":51,"turns":1},{"damage":0,"enemies":"Shield and Spear","floor":55,"turns":1},{"damage":0,"enemies":"The Heart","floor":56,"turns":4}],"seed_played":"-7718164789578051445","potions_obtained":[{"floor":7.0,"key":"Dexterity Potion"},{"floor":8.0,"key":"SteroidPotion"},{"floor":16,"key":"Explosive Potion"},{"floor":24,"key":"DuplicationPotion"}],"is_trial":false,"path_per_floor":["M","?","M","?","M","E","M","M","T","M","E","M","E","M","R","B",null,"M","?","?","M","$","E","M","E","T","R","T","M","R","E","R","B",null,"M","?","M","?","$","E","M","E","T","E","E","R","E","M","R","B","B",null,"R","$","E","B",null],"character_chosen":"WATCHER","items_purchased":["BirthdayGift-Icosahedron","testmod-CrystalShield","SynthV","Akabeko","testmod-Antiphasic","SynthV:MejaisSoulstealer"],"campfire_rested":0,"item_purchase_floors":[22,22,39,39,39,39],"current_hp_per_floor":[62,56,57,57,58,56,34,34,34,33,23,22,2,3,3,3,52,45,45,45,42,42,44,46,48,48,48,48,50,50,53,53,56,65,68,68,68,65,65,65,65,65,72,72,72,72,72,72,72,72,72,72,72,72,72,72],"gold":-1110,"neow_bonus":"BOSS_RELIC","is_daily":false,"chose_seed":false,"campfire_upgraded":1,"win_rate":0.0,"timestamp":1614093833,"path_taken":["M","?","?","?","M","E","M","M","T","M","E","M","E","M","R","BOSS","M","?","?","M","?","E","M","E","T","R","?","M","R","E","R","BOSS","M","?","M","?","$","E","M","E","T","E","E","R","E","M","R","BOSS","BOSS","R","$","E","BOSS"],"items_purchased_type":["Relic","Relic","Relic","Relic","Relic","Relic"],"build_version":"2020-12-22","purchased_purges":2,"victory":true,"max_hp_per_floor":[68,68,68,68,68,68,68,68,68,68,68,68,68,68,68,68,68,68,68,68,68,68,68,68,68,68,68,68,68,68,68,68,68,68,68,68,68,65,65,65,65,65,72,72,72,72,72,72,72,72,72,72,72,72,72,72],"card_choices":[{"not_picked":["Consecrate","CrushJoints","PathToVictory"],"picked":"SKIP","floor":1.0},{"not_picked":["SashWhip","EmptyBody","ThirdEye","JustLucky","FollowUp"],"picked":"SKIP","floor":3.0},{"not_picked":["Prostrate","CutThroughFate","Study","Evaluate"],"picked":"InnerPeace","floor":5.0},{"not_picked":["MostiFishMod:Nomercy","EmptyBody","MostiFishMod:StarHerder","SandsOfTime","Indignation"],"picked":"SKIP","floor":6.0},{"not_picked":["ClearTheMind","MostiFishMod:Nomercy","InnerPeace","Consecrate","Crescendo"],"picked":"SKIP","floor":7.0},{"not_picked":["EmptyFist","BowlingBash","Weave","Evaluate"],"picked":"BattleHymn","floor":8.0},{"not_picked":["MostiFishMod:PathToVictory","Halt","FlurryOfBlows","Consecrate","SandsOfTime"],"picked":"SKIP","floor":10.0},{"not_picked":["MentalFortress","CutThroughFate","MostiFishMod:FlowState","Study","EmptyBody"],"picked":"SKIP","floor":11.0},{"not_picked":["CutThroughFate","MostiFishMod:FlowState","Study","EmptyBody"],"picked":"MentalFortress","floor":11.0},{"not_picked":["CutThroughFate","Omniscience","Study","Collect"],"picked":"TalkToTheHand","floor":12.0},{"not_picked":["FollowUp","WindmillStrike","DeceiveReality","Nirvana"],"picked":"Tantrum","floor":13.0},{"not_picked":["JustLucky","FlyingSleeves","Consecrate","Wireheading","FlurryOfBlows"],"picked":"SKIP","floor":14.0},{"not_picked":["SashWhip","CarveReality+1","EmptyBody","SignatureMove","JustLucky"],"picked":"SKIP","floor":18},{"not_picked":["CrushJoints","JustLucky+1","EmptyFist","PathToVictory"],"picked":"Adaptation","floor":19},{"not_picked":["TalkToTheHand","Adaptation","FollowUp","EmptyBody","Protect"],"picked":"SKIP","floor":21},{"not_picked":["CrushJoints","MostiFishMod:StarHerder","Crescendo","PathToVictory","FollowUp"],"picked":"SKIP","floor":23},{"not_picked":["EmptyFist","Prostrate","FlyingSleeves","BowlingBash+1","MostiFishMod:DustFall"],"picked":"SKIP","floor":24},{"not_picked":["FollowUp+1","Prostrate+1","CrushJoints","EmptyFist+1","MostiFishMod:Clarity"],"picked":"SKIP","floor":25},{"not_picked":["Wallop","Consecrate","Sanctity","ClearTheMind","EmptyFist"],"picked":"SKIP","floor":29},{"not_picked":["Consecrate","ClearTheMind","CrushJoints","Crescendo","SandsOfTime"],"picked":"SKIP","floor":31},{"not_picked":["FlurryOfBlows","Conclude","WindmillStrike","ForeignInfluence"],"picked":"Fasting2","floor":35},{"not_picked":["CutThroughFate","Evaluate","MostiFishMod:LegendTransform","Meditate","Conclude"],"picked":"SKIP","floor":35},{"not_picked":["Crescendo+1","MostiFishMod:Nomercy","Consecrate","Prostrate","CrushJoints+1"],"picked":"SKIP","floor":37},{"not_picked":["ClearTheMind","FlyingSleeves","BowlingBash","MostiFishMod:Nomercy","FlurryOfBlows"],"picked":"SKIP","floor":37},{"not_picked":["LessonLearned","DeusExMachina","Fasting2","FlurryOfBlows","ReachHeaven"],"picked":"SKIP","floor":40},{"not_picked":["BattleHymn","MostiFishMod:PathToVictory","FlyingSleeves","Evaluate","FollowUp"],"picked":"SKIP","floor":41},{"not_picked":["Evaluate","Crescendo","Adaptation+1","Prostrate","BowlingBash"],"picked":"SKIP","floor":41},{"not_picked":["WindmillStrike+1","EmptyMind","Vengeance","Worship","CrushJoints"],"picked":"SKIP","floor":42},{"not_picked":["Halt","MostiFishMod:DustFall","MostiFishMod:Clarity","FollowUp","ReachHeaven"],"picked":"SKIP","floor":44},{"not_picked":["FlurryOfBlows+1","Evaluate","BowlingBash","Scrawl","Protect"],"picked":"SKIP","floor":45},{"not_picked":["Scrawl","MostiFishMod:LegendTransform","Meditate","CrushJoints","ThirdEye"],"picked":"SKIP","floor":47},{"not_picked":["FlyingSleeves","Consecrate","Wireheading","FlurryOfBlows","ClearTheMind+1"],"picked":"SKIP","floor":48},{"not_picked":["Wallop","Consecrate","SignatureMove+1","Adaptation","FlyingSleeves"],"picked":"SKIP","floor":48},{"not_picked":["Swivel","EmptyBody+1","Perseverance","EmptyFist","Protect"],"picked":"SKIP","floor":55}],"player_experience":1591714,"relics_obtained":[{"floor":1.0,"key":"SynthV:TestCard"},{"floor":6.0,"key":"WingedGreaves"},{"floor":9.0,"key":"BionicSphere"},{"floor":11.0,"key":"Old Coin"},{"floor":13.0,"key":"Centennial Puzzle"},{"floor":23,"key":"Mummified Hand"},{"floor":23,"key":"Juzu Bracelet"},{"floor":25,"key":"Gremlin Horn"},{"floor":25,"key":"Letter Opener"},{"floor":28,"key":"Yang"},{"floor":31,"key":"Prayer Wheel"},{"floor":31,"key":"CombinedTypeHook"},{"floor":40,"key":"InkBottle"},{"floor":40,"key":"Shuriken"},{"floor":42,"key":"Bottled Tornado"},{"floor":42,"key":"MealTicket"},{"floor":43,"key":"Strawberry"},{"floor":44,"key":"testmod-OneHitWonder"},{"floor":44,"key":"Pen Nib"},{"floor":45,"key":"testmod-Justice"},{"floor":45,"key":"Pantograph"},{"floor":47,"key":"Happy Flower"},{"floor":47,"key":"testmod-Hope"},{"floor":55,"key":"ImprovedEquipment"},{"floor":55,"key":"Boot"}],"event_choices":[{"damage_healed":0.0,"max_hp_gain":0.0,"max_hp_loss":0.0,"gold_gain":50.0,"event_name":"FaceTrader","player_choice":"Touch","floor":2.0,"gold_loss":0.0,"damage_taken":6.0},{"damage_healed":0.0,"max_hp_gain":0.0,"max_hp_loss":0.0,"gold_gain":0.0,"event_name":"Big Fish","player_choice":"Box","floor":4.0,"gold_loss":0.0,"damage_taken":0.0,"relics_obtained":["Lantern"],"cards_obtained":["Regret"]},{"damage_healed":0,"gold_gain":0,"player_choice":"Swap Relic","damage_taken":0,"relics_obtained":["Orrery"],"max_hp_gain":0,"max_hp_loss":0,"event_name":"给自己的盒子","floor":19,"relics_lost":["Orrery"],"gold_loss":0},{"damage_healed":0,"gold_gain":50,"player_choice":"Stole From Cult","damage_taken":0,"max_hp_gain":0,"max_hp_loss":0,"event_name":"Nest","floor":20,"gold_loss":0},{"damage_healed":0,"gold_gain":0,"player_choice":"Ignored","damage_taken":0,"max_hp_gain":0,"max_hp_loss":0,"event_name":"Tomb of Lord Red Mask","floor":36,"gold_loss":0},{"damage_healed":0,"gold_gain":0,"player_choice":"Max HP","damage_taken":0,"max_hp_gain":0,"max_hp_loss":3,"event_name":"Winding Halls","floor":38,"gold_loss":0}],"is_beta":false,"boss_relics":[{"not_picked":["testmod-TimeTraveler","testmod-DeterminationOfClimber"],"picked":"Black Star"},{"not_picked":["testmod-CardMagician","testmod-EnergyCheck"],"picked":"ChiXiaoBlade"}],"items_purged_floors":[22,39],"is_endless":false,"potions_floor_spawned":[7,8,12,13,14,16,24,25,33,40,42,44,55],"ascension_level":20}}