{"host":"5z8akj3r2akmlwyw","time":1614073264,"event":{"mods":["AchievementEnabler","BaseMod","Colored Powertips","Conspire","Downfall","KinomotoSakuraMod(ƒæ÷Æ±æ”£)","Marisa£®ÏF”Í°°ƒß¿Ì…≥£©","Minty Spire (QoL Compilation)","Quick Restart","Reimu£®≤©¿ˆ¡È√Œ£©","Remilia£®¿Ÿ√◊¿Ú—«£©","Replay The Spire","StSLib","The Construct","The Cursed","The Hierophant","The Servant 0.9.4","Youmu£®ªÍ∆«—˝√Œ£©"],"gold_per_floor":[367,380,393,2,2,2,21,50,50,0,19,19],"floor_reached":11,"language":"ZHS","playtime":621,"items_purged":["Strike_R"],"score":80,"play_id":"3abd0f8b-53bc-4ed1-bac7-4857036d949e","local_time":"20210223174103","is_ascension_mode":true,"campfire_choices":[{"data":"Feel No Pain","floor":6,"key":"SMITH"}],"circlet_count":0,"master_deck":["Strike_R","Strike_R","Strike_R","Defend_R","Defend_R","Defend_R","Defend_R","Bash","Second Wind","Feel No Pain+1","Flex","Power Through+1","Shrug It Off","conspire:SpireCoStock"],"relics":["Burning Blood","Bronze Scales","Bottled Tornado","Prayer Wheel"],"acts_visited":["Exordium"],"potions_floor_usage":[4,11,11],"damage_taken":[{"damage":1,"enemies":"Cultist","floor":1,"turns":3},{"damage":4,"enemies":"Small Slimes","floor":2,"turns":4},{"damage":9,"enemies":"Jaw Worm","floor":3,"turns":4},{"damage":1,"enemies":"2 Fungi Beasts","floor":7,"turns":5},{"damage":15,"enemies":"3 Sentries","floor":8,"turns":14},{"damage":86,"enemies":"Gremlin Nob","floor":11,"turns":7}],"seed_played":"2862711985083706128","potions_obtained":[{"floor":2,"key":"PowerPotion"},{"floor":7,"key":"GamblersBrew"},{"floor":8,"key":"EssenceOfSteel"}],"is_trial":false,"path_per_floor":["M","M","M","$","?","R","M","E","T","?","E"],"character_chosen":"IRONCLAD","items_purchased":["Power Through+1","Bronze Scales","Fruit Juice"],"campfire_rested":0,"item_purchase_floors":[4,4,4],"current_hp_per_floor":[61,63,60,65,65,65,70,61,61,61,0,0],"gold":19,"neow_bonus":"TWO_FIFTY_GOLD","is_daily":false,"chose_seed":false,"campfire_upgraded":1,"win_rate":0.0,"timestamp":1614073263,"path_taken":["M","M","M","$","?","R","?","E","T","?","E"],"items_purchased_type":["Card","Relic","Potion"],"build_version":"2020-12-22","purchased_purges":1,"victory":false,"max_hp_per_floor":[80,80,80,85,85,85,85,85,85,85,85,85],"card_choices":[{"not_picked":["Clash","Bloodletting"],"picked":"Second Wind","floor":1},{"not_picked":["Warcry","Pommel Strike"],"picked":"Feel No Pain","floor":2},{"not_picked":["Thunderclap","Dropkick"],"picked":"Flex","floor":3},{"not_picked":["Anger","Armaments"],"picked":"Shrug It Off","floor":7},{"not_picked":["Havoc","Demon Form","Flex"],"picked":"SKIP","floor":8}],"player_experience":113129,"relics_obtained":[{"floor":8,"key":"Bottled Tornado"},{"floor":9,"key":"Prayer Wheel"}],"event_choices":[{"cards_removed":["Strike_R"],"damage_healed":0,"gold_gain":0,"player_choice":"Purged","damage_taken":0,"max_hp_gain":0,"max_hp_loss":0,"event_name":"Purifier","floor":5,"gold_loss":0},{"damage_healed":0,"gold_gain":0,"player_choice":"Invest 1","damage_taken":0,"max_hp_gain":0,"max_hp_loss":0,"event_name":"conspire:Investor","floor":10,"gold_loss":0}],"is_beta":false,"boss_relics":[],"items_purged_floors":[4],"is_endless":false,"potions_floor_spawned":[2,7,8],"killed_by":"Gremlin Nob","ascension_level":2}}