{"host":"0qlrtuw7bw78ucw4","time":1614087257,"event":{"mods":["BaseMod","Downfall","Minty Spire (QoL Compilation)","StSLib"],"gold_per_floor":[99,110,35,50,150,169,192,206,156,190,140,50,85,109,122,196,196,46,57,69,69,83,102,102,117,117,135,85,102,102,119,133,210,210,60,78,78,132,149,99,99,49,75,75,75,93,43,60,77,77],"floor_reached":51,"language":"ENG","playtime":3037,"items_purged":["Slimebound:Defend_Slimebound","Slimebound:Strike_Slimebound"],"score":1240,"play_id":"e4650a9d-a397-44a3-8a33-cdb4faa5ef57","local_time":"20210224003417","is_ascension_mode":true,"campfire_choices":[{"data":"Slimebound:Split","floor":1.0,"key":"SMITH"},{"data":"Slimebound:SamplingLick","floor":9.0,"key":"SMITH"},{"data":"Slimebound:GrowthPunch","floor":11.0,"key":"SMITH"},{"data":"Slimebound:SelfFormingGoo","floor":18.0,"key":"SMITH"},{"data":"Slimebound:MegaLick","floor":28,"key":"SMITH"},{"floor":35,"key":"REST"},{"floor":40,"key":"RECALL"},{"floor":42,"key":"REST"},{"data":"downfall:Haunted","floor":47,"key":"PURGE"}],"circlet_count":0,"master_deck":["AscendersBane","Slimebound:Defend_Slimebound","Slimebound:Split+1","Slimebound:Equalize","Slimebound:RainOfGoop","Slimebound:Repurpose","Slimebound:SamplingLick+1","Slimebound:GrowthPunch+1","Slimebound:SpikyOuterGoop","Slimebound:SlimeBarrage","Slimebound:SelfFormingGoo+1","Slimebound:SlimeTap","Slimebound:MegaLick+1","Slimebound:Equalize","Necronomicurse","Slimebound:SlimeTap","Slimebound:Recollect","Slimebound:RallyTheTroops","Slimebound:FormOfPuddle+1","Slimebound:SelfFormingGoo","Slimebound:Recollect+1","Slimebound:SamplingLick+1"],"relics":["Slimebound:AbsorbEndCombat","Slimebound:GreedOozeRelic","Oddly Smooth Stone","Slimebound:SlimedSkullRelic","Akabeko","Philosopher\u0027s Stone","downfall:HeartBlessingGreen","InkBottle","Necronomicon","Fusion Hammer","downfall:HeartBlessingBlue","Blue Candle","bronze:BronzeIdol","Sundial","Peace Pipe"],"acts_visited":["Exordium","TheCity","TheBeyond"],"potions_floor_usage":[32,33,33,43,50,50],"damage_taken":[{"damage":1.0,"enemies":"Cultist","floor":2.0,"turns":3.0},{"damage":1.0,"enemies":"Small Slimes","floor":4.0,"turns":3.0},{"damage":37.0,"enemies":"downfall:Heads","floor":5.0,"turns":6.0},{"damage":1.0,"enemies":"Jaw Worm","floor":6.0,"turns":3.0},{"damage":9.0,"enemies":"Blue Slaver","floor":8.0,"turns":3.0},{"damage":20.0,"enemies":"3 Sentries","floor":10.0,"turns":5.0},{"damage":0.0,"enemies":"downfall:FleeingMerchant","floor":12.0,"turns":4.0},{"damage":3.0,"enemies":"Gremlin Nob","floor":13.0,"turns":3.0},{"damage":12.0,"enemies":"Large Slime","floor":15.0,"turns":5.0},{"damage":25.0,"enemies":"WA_ARCHETYPE_RETAIN","floor":16.0,"turns":6.0},{"damage":8.0,"enemies":"3 Byrds","floor":19.0,"turns":3.0},{"damage":20.0,"enemies":"downfall:LooterAlt2","floor":20.0,"turns":3.0},{"damage":20.0,"enemies":"Snake Plant","floor":22.0,"turns":2.0},{"damage":11.0,"enemies":"3 Cultists","floor":23.0,"turns":4.0},{"damage":5.0,"enemies":"Centurion and Healer","floor":25.0,"turns":4.0},{"damage":47,"enemies":"Shelled Parasite and Fungi","floor":27,"turns":4},{"damage":0,"enemies":"Sentry and Sphere","floor":29,"turns":3},{"damage":29,"enemies":"Snake Plant","floor":31,"turns":3},{"damage":23,"enemies":"Shelled Parasite and Fungi","floor":32,"turns":3},{"damage":15,"enemies":"SI_MIRROR_ARCHETYPE","floor":33,"turns":8},{"damage":15,"enemies":"3 Darklings","floor":36,"turns":3},{"damage":13,"enemies":"downfall:FleeingMerchant","floor":38,"turns":4},{"damage":0,"enemies":"Orb Walker","floor":39,"turns":2},{"damage":9,"enemies":"Nemesis","floor":43,"turns":3},{"damage":48,"enemies":"Writhing Mass","floor":46,"turns":4},{"damage":10,"enemies":"4 Shapes","floor":48,"turns":4},{"damage":23,"enemies":"Maw","floor":49,"turns":5},{"damage":65,"enemies":"DF_ARCHETYPE_ORBS","floor":50,"turns":8}],"seed_played":"8527283955150884553","potions_obtained":[{"floor":4.0,"key":"CultistPotion"},{"floor":5.0,"key":"FairyPotion"},{"floor":6.0,"key":"Fire Potion"},{"floor":15.0,"key":"Slimebound:SlimyTonguePotion"},{"floor":16.0,"key":"Explosive Potion"},{"floor":20.0,"key":"Explosive Potion"},{"floor":22.0,"key":"Dexterity Potion"},{"floor":31,"key":"ColorlessPotion"},{"floor":32,"key":"ColorlessPotion"},{"floor":33,"key":"DuplicationPotion"},{"floor":36,"key":"Weak Potion"},{"floor":46,"key":"hexamod:SoulburnPotion"}],"is_trial":false,"path_per_floor":["R","M","?","M","?","M","T","M","R","E","R","$","E","T","M","B",null,"R","M","M","?","M","M","T","M","?","M","R","M","?","M","M","B",null,"R","M","?","$","M","R","T","R","E","?","?","M","R","M","M","B",null],"character_chosen":"SLIMEBOUND","items_purchased":["bronze:BronzeIdol"],"campfire_rested":2,"item_purchase_floors":[38],"current_hp_per_floor":[58,59,59,60,39,46,46,49,49,45,45,59,63,63,54,37,57,57,51,39,39,29,34,34,43,22,21,21,49,32,17,12,25,58,79,77,72,78,79,79,79,79,72,72,72,48,48,54,63,26],"gold":77,"neow_bonus":"TEN_PERCENT_HP_BONUS","is_daily":false,"chose_seed":false,"campfire_upgraded":5,"win_rate":0.0,"timestamp":1614087257,"path_taken":["R","M","?","M","?","M","T","M","R","E","R","?","E","?","M","BOSS","R","M","M","?","?","M","T","M","?","M","R","M","?","M","M","BOSS","R","M","?","$","M","R","T","R","E","?","?","M","R","?","M","BOSS"],"items_purchased_type":["Relic"],"build_version":"2020-12-22","purchased_purges":2,"victory":true,"max_hp_per_floor":[64,64,64,64,64,64,64,64,64,64,64,64,64,64,64,64,64,64,64,64,64,64,64,64,64,64,64,64,64,69,69,69,69,69,79,79,79,79,79,79,79,79,79,79,79,79,79,79,79,79],"card_choices":[{"not_picked":["Slimebound:SplitAcid","Slimebound:PressTheAttack"],"picked":"Slimebound:Equalize","floor":2.0},{"not_picked":["Slimebound:HauntingLick","Slimebound:DivideAndConquer"],"picked":"Slimebound:RainOfGoop","floor":4.0},{"not_picked":["Slimebound:MegaLick","Slimebound:SlimeSpikes"],"picked":"Slimebound:Repurpose","floor":5.0},{"not_picked":["Slimebound:HungryTackle","Slimebound:CheckThePlaybook"],"picked":"Slimebound:GrowthPunch","floor":6.0},{"not_picked":["Slimebound:Repurpose","Slimebound:SplitAcid","Slimebound:SlimeBrawl"],"picked":"SKIP","floor":8.0},{"not_picked":["Slimebound:ItLooksTasty","Slimebound:HungryTackle","Slimebound:SplitLeeching"],"picked":"SKIP","floor":10.0},{"not_picked":["Slimebound:GoopTackle","Slimebound:MassFeed"],"picked":"Slimebound:SpikyOuterGoop","floor":12.0},{"not_picked":["Slimebound:SlimeSpikes","Slimebound:SplitSpecialist"],"picked":"Slimebound:SlimeBarrage","floor":13.0},{"not_picked":["Slimebound:ProtectTheBoss","Slimebound:LivingWall","Slimebound:FinishingTackle"],"picked":"SKIP","floor":15.0},{"not_picked":["Slimebound:SlimeSlap","Slimebound:Teamwork"],"picked":"Slimebound:SelfFormingGoo","floor":16.0},{"not_picked":["Slimebound:SplitLeeching","Slimebound:HauntingLick"],"picked":"Slimebound:SlimeTap","floor":19.0},{"not_picked":["Slimebound:AcidTongue","Slimebound:ItLooksTasty","Slimebound:OozeBath"],"picked":"SKIP","floor":20.0},{"not_picked":["Slimebound:GoopTackle","Slimebound:Schlurp","Slimebound:LeechEnergy"],"picked":"SKIP","floor":22.0},{"not_picked":["Slimebound:FinishingTackle","Slimebound:HauntingLick"],"picked":"Slimebound:MegaLick","floor":23.0},{"not_picked":["Slimebound:FormOfPuddle","Slimebound:SplitAcid"],"picked":"Slimebound:Equalize","floor":25.0},{"not_picked":["Slimebound:HauntingLick","Slimebound:ViciousTackle"],"picked":"Slimebound:SlimeTap","floor":27},{"not_picked":["Slimebound:SamplingLick","Slimebound:Schlurp","Slimebound:TongueLash"],"picked":"SKIP","floor":29},{"not_picked":["Slimebound:LeechEnergy","Slimebound:SplitBruiser","Slimebound:GrowthPunch+1"],"picked":"SKIP","floor":31},{"not_picked":["Slimebound:HauntingLick","Slimebound:Overexert"],"picked":"Slimebound:Recollect","floor":32},{"not_picked":["Slimebound:MassFeed","Slimebound:Darklings"],"picked":"Slimebound:RallyTheTroops","floor":33},{"not_picked":["Slimebound:SplitAcid","Slimebound:ItLooksTasty","Slimebound:AcidTongue"],"picked":"SKIP","floor":36},{"not_picked":["Slimebound:DivideAndConquer+1","Slimebound:SplitLeeching","Slimebound:Gluttony"],"picked":"SKIP","floor":38},{"not_picked":["Slimebound:MegaLick","Slimebound:Schlurp"],"picked":"Slimebound:FormOfPuddle+1","floor":39},{"not_picked":["Slimebound:LeechingTouch+1","Slimebound:PressTheAttack"],"picked":"Slimebound:SelfFormingGoo","floor":43},{"not_picked":["Slimebound:GoopTackle","Slimebound:ViciousTackle+1"],"picked":"Slimebound:Recollect+1","floor":46},{"not_picked":["Slimebound:BestDefense","Slimebound:FinishingTackle","Slimebound:SplitBruiser"],"picked":"SKIP","floor":48},{"not_picked":["Slimebound:SpikyOuterGoop","Slimebound:SplitMire"],"picked":"Slimebound:SamplingLick+1","floor":49}],"player_experience":1047347,"relics_obtained":[{"floor":7.0,"key":"Oddly Smooth Stone"},{"floor":10.0,"key":"Slimebound:SlimedSkullRelic"},{"floor":13.0,"key":"Akabeko"},{"floor":24.0,"key":"InkBottle"},{"floor":26,"key":"Necronomicon"},{"floor":41,"key":"Sundial"},{"floor":43,"key":"Peace Pipe"}],"event_choices":[{"cards_removed":["Slimebound:Tackle"],"damage_healed":0,"gold_gain":0,"player_choice":"Removed Attack","damage_taken":0,"max_hp_gain":0,"max_hp_loss":0,"event_name":"Falling","floor":44,"gold_loss":0}],"is_beta":false,"boss_relics":[{"not_picked":["Sozu","SlaversCollar"],"picked":"Philosopher\u0027s Stone"},{"not_picked":["Pandora\u0027s Box","SacredBark"],"picked":"Fusion Hammer"}],"items_purged_floors":[12,38],"is_endless":false,"potions_floor_spawned":[4,5,6,15,16,20,22,31,32,33,36,46],"ascension_level":17}}