{"host":"lwys0gbp6t40j7jh","time":1614106770,"event":{"mods":["Act Like it!","BaseMod","CapriCore","Friendly Minions","GifTheSpireLib","Hermit","Minty Spire (QoL Compilation)","StSLib","SuperFastMode"],"gold_per_floor":[112,125,10,21,38,71,21,21,21,21,46,66,66,85,85,188,188,199,199,4,18,18,18,31,31,31,41,51,51,51,51,51,152,152,163,208,208,225,78,78,94,94,94,94,114,143,143,163,163,163],"floor_reached":51,"language":"ENG","playtime":1058,"items_purged":["hermit:Strike_Hermit","hermit:Defend_Hermit"],"score":727,"play_id":"5ad59b96-fd60-445a-8f85-d21bce7ffa73","local_time":"20210223195930","is_ascension_mode":false,"campfire_choices":[{"data":"hermit:GoldenBullet","floor":8,"key":"SMITH"},{"data":"hermit:Strike_Hermit","floor":10,"key":"SMITH"},{"floor":15,"key":"REST"},{"floor":23,"key":"REST"},{"data":"hermit:GoldenBullet","floor":25,"key":"SMITH"},{"floor":29,"key":"REST"},{"data":"hermit:Headshot","floor":32,"key":"SMITH"},{"data":"hermit:Dive","floor":40,"key":"SMITH"},{"floor":44,"key":"REST"},{"floor":47,"key":"REST"},{"floor":49,"key":"REST"}],"circlet_count":0,"master_deck":["hermit:Strike_Hermit","hermit:Strike_Hermit+1","hermit:Defend_Hermit","hermit:Defend_Hermit","hermit:Defend_Hermit","hermit:Snapshot","hermit:Covet","hermit:GoldenBullet+1","hermit:Headshot+1","hermit:WideOpen","hermit:GoldenBullet+1","hermit:GoldenBullet+1","hermit:Dive+1","hermit:HighCaliber+1"],"relics":["Busted Crown","Meat on the Bone","White Beast Statue","Odd Mushroom","hermit:BartenderGlass","Oddly Smooth Stone","Shuriken","Runic Pyramid","Shovel","Pantograph","Kunai"],"acts_visited":["Exordium","TheCity","TheBeyond"],"potions_floor_usage":[5,16,16,16,21,21,33,33,33,33,33,33,36,36,36,36,46,50,50,50,50],"damage_taken":[{"damage":0,"enemies":"2 Louse","floor":1,"turns":2},{"damage":5,"enemies":"Small Slimes","floor":2,"turns":4},{"damage":5,"enemies":"Jaw Worm","floor":4,"turns":4},{"damage":6,"enemies":"Lots of Slimes","floor":5,"turns":4},{"damage":13,"enemies":"3 Sentries","floor":6,"turns":10},{"damage":0,"enemies":"The Mushroom Lair","floor":11,"turns":3},{"damage":0,"enemies":"2 Fungi Beasts","floor":12,"turns":2},{"damage":0,"enemies":"3 Louse","floor":14,"turns":2},{"damage":4,"enemies":"Slime Boss","floor":16,"turns":10},{"damage":21,"enemies":"2 Thieves","floor":18,"turns":4},{"damage":9,"enemies":"3 Byrds","floor":21,"turns":6},{"damage":8,"enemies":"Snecko","floor":24,"turns":5},{"damage":15,"enemies":"Snake Plant","floor":27,"turns":2},{"damage":20,"enemies":"Centurion and Healer","floor":28,"turns":5},{"damage":54,"enemies":"Automaton","floor":33,"turns":9},{"damage":15,"enemies":"3 Shapes","floor":35,"turns":5},{"damage":25,"enemies":"2 Orb Walkers","floor":36,"turns":5},{"damage":3,"enemies":"Orb Walker","floor":38,"turns":2},{"damage":23,"enemies":"Writhing Mass","floor":41,"turns":6},{"damage":19,"enemies":"Jaw Worm Horde","floor":45,"turns":3},{"damage":34,"enemies":"Nemesis","floor":46,"turns":7},{"damage":15,"enemies":"Maw","floor":48,"turns":7},{"damage":63,"enemies":"Awakened One","floor":50,"turns":15}],"seed_played":"-772732179578962850","potions_obtained":[{"floor":1,"key":"Dexterity Potion"},{"floor":4,"key":"SkillPotion"},{"floor":5,"key":"hermit:Tonic"},{"floor":11,"key":"Ancient Potion"},{"floor":16,"key":"BlessingOfTheForge"},{"floor":18,"key":"DuplicationPotion"},{"floor":21,"key":"SpeedPotion"},{"floor":28,"key":"Block Potion"},{"floor":33,"key":"AttackPotion"},{"floor":36,"key":"Energy Potion"},{"floor":38,"key":"LiquidBronze"},{"floor":45,"key":"SteroidPotion"}],"is_trial":false,"path_per_floor":["M","M","$","M","M","E","?","R","T","R","?","M","?","M","R","B",null,"M","?","$","M","?","R","M","R","T","M","M","R","?","$","R","B",null,"M","?","?","M","$","R","M","?","T","R","M","E","R","M","R","B",null],"character_chosen":"HERMIT","items_purchased":["hermit:GoldenBullet","Oddly Smooth Stone","hermit:WideOpen","hermit:Dive"],"campfire_rested":6,"item_purchase_floors":[3,20,20,39],"current_hp_per_floor":[75,70,70,65,59,46,46,46,46,46,46,46,46,46,68,64,75,54,54,54,45,45,67,59,59,59,44,36,58,75,75,75,33,75,60,47,47,44,44,44,33,33,33,55,48,26,48,45,67,24],"gold":163,"neow_bonus":"BOSS_RELIC","is_daily":false,"chose_seed":false,"campfire_upgraded":5,"win_rate":0.0,"timestamp":1614106770,"path_taken":["M","M","$","M","M","E","?","R","T","R","?","M","?","M","R","BOSS","M","?","$","?","?","R","M","R","T","M","M","R","?","$","R","BOSS","M","?","?","M","$","R","?","?","T","R","M","E","R","M","R","BOSS"],"items_purchased_type":["Card","Relic","Card","Card"],"build_version":"2020-12-22","purchased_purges":2,"victory":true,"max_hp_per_floor":[75,75,75,75,75,75,75,75,75,75,75,75,75,75,75,75,75,75,75,75,75,75,75,75,75,75,75,75,75,75,75,75,75,75,75,75,75,75,75,75,75,75,75,75,75,75,75,75,75,75],"card_choices":[{"not_picked":["hermit:LuckOfTheDraw"],"picked":"SKIP","floor":1},{"not_picked":["hermit:SprayPray"],"picked":"SKIP","floor":2},{"not_picked":["hermit:TrackingShot"],"picked":"SKIP","floor":4},{"not_picked":["hermit:TakeCover"],"picked":"SKIP","floor":5},{"not_picked":["hermit:Horror"],"picked":"SKIP","floor":6},{"not_picked":[],"picked":"hermit:Headshot","floor":11},{"not_picked":["hermit:BodyArmor"],"picked":"SKIP","floor":12},{"not_picked":["hermit:ItchyTrigger"],"picked":"SKIP","floor":14},{"not_picked":["hermit:SprayPray"],"picked":"SKIP","floor":18},{"not_picked":["hermit:Misfire"],"picked":"SKIP","floor":21},{"not_picked":[],"picked":"hermit:GoldenBullet","floor":24},{"not_picked":["hermit:Brawl"],"picked":"SKIP","floor":27},{"not_picked":["hermit:TakeCover"],"picked":"SKIP","floor":28},{"not_picked":["hermit:Ricochet"],"picked":"SKIP","floor":35},{"not_picked":["hermit:SprayPray+1"],"picked":"SKIP","floor":38},{"not_picked":["hermit:Manifest+1"],"picked":"SKIP","floor":41},{"not_picked":["hermit:Cheat+1"],"picked":"SKIP","floor":45},{"not_picked":["hermit:HighCaliber+1"],"picked":"SKIP","floor":46},{"not_picked":[],"picked":"hermit:HighCaliber+1","floor":48}],"player_experience":1258580,"relics_obtained":[{"floor":6,"key":"Meat on the Bone"},{"floor":9,"key":"White Beast Statue"},{"floor":11,"key":"Odd Mushroom"},{"floor":26,"key":"Shuriken"},{"floor":36,"key":"Shovel"},{"floor":43,"key":"Pantograph"},{"floor":46,"key":"Kunai"}],"event_choices":[{"cards_removed":["hermit:Strike_Hermit"],"damage_healed":0,"gold_gain":0,"player_choice":"Card Removal","damage_taken":0,"max_hp_gain":0,"max_hp_loss":0,"event_name":"The Cleric","floor":7,"gold_loss":50},{"damage_healed":0,"gold_gain":0,"player_choice":"Fought Mushrooms","damage_taken":0,"max_hp_gain":0,"max_hp_loss":0,"event_name":"Mushrooms","floor":11,"gold_loss":0},{"damage_healed":0,"gold_gain":0,"player_choice":"Ignored","damage_taken":0,"max_hp_gain":0,"max_hp_loss":0,"event_name":"Shining Light","floor":13,"gold_loss":0},{"damage_healed":0,"gold_gain":0,"player_choice":"Ignored","damage_taken":0,"max_hp_gain":0,"max_hp_loss":0,"event_name":"Transmorgrifier","floor":19,"gold_loss":0},{"damage_healed":0,"gold_gain":0,"player_choice":"Ignored","damage_taken":0,"max_hp_gain":0,"max_hp_loss":0,"event_name":"Vampires","floor":22,"gold_loss":0},{"damage_healed":25,"gold_gain":0,"player_choice":"Heal","damage_taken":0,"max_hp_gain":0,"max_hp_loss":0,"event_name":"The Library","floor":30,"gold_loss":0},{"damage_healed":0,"gold_gain":0,"player_choice":"Fight","damage_taken":0,"max_hp_gain":0,"max_hp_loss":0,"event_name":"Mysterious Sphere","floor":36,"gold_loss":0},{"damage_healed":0,"gold_gain":0,"player_choice":"Copied","damage_taken":0,"max_hp_gain":0,"max_hp_loss":0,"event_name":"Duplicator","floor":37,"gold_loss":0,"cards_obtained":["hermit:GoldenBullet"]},{"damage_healed":0,"gold_gain":0,"player_choice":"Ignored","damage_taken":0,"max_hp_gain":0,"max_hp_loss":0,"event_name":"Transmorgrifier","floor":42,"gold_loss":0}],"is_beta":false,"boss_relics":[{"not_picked":["hermit:DentedPlate","Velvet Choker"],"picked":"hermit:BartenderGlass"},{"not_picked":["Astrolabe","Cursed Key"],"picked":"Runic Pyramid"}],"items_purged_floors":[3,39],"is_endless":false,"potions_floor_spawned":[1,4,5,11,12,14,16,18,21,24,27,28,33,35,36,38,41,45,46,48],"ascension_level":0}}