{"host":"z9rwthyxsf7d04ix","time":1614096122,"event":{"mods":["AchievementEnabler","BaseMod","Colored Map","Colored Powertips","Minty Spire (QoL Compilation)","Quick Restart"],"gold_per_floor":[115,115,130,146,169,195,211,240,240,303,403,416,416,444,444,544,544,560,560,485,485,485,512,18,38,38,38,38],"floor_reached":27,"language":"ENG","playtime":2121,"items_purged":[],"score":287,"play_id":"1eb2ca7c-73dc-4c8a-968b-e68e2dce2f62","local_time":"20210223180202","is_ascension_mode":true,"campfire_choices":[{"data":"Inflame","floor":13,"key":"SMITH"},{"data":"Metallicize","floor":15,"key":"SMITH"}],"circlet_count":0,"master_deck":["Strike_R","Strike_R","Strike_R","Strike_R","Strike_R","Defend_R","Defend_R","Bash","Dramatic Entrance","Shrug It Off","Warcry","Iron Wave","Metallicize+1","Inflame+1","Bludgeon","Ghostly Armor","Warcry","Juggernaut","Ghostly Armor","Metallicize+1","Flame Barrier","Armaments+1","Pummel+1"],"relics":["Burning Blood","Omamori","Juzu Bracelet","Boot","Happy Flower","Odd Mushroom","Black Star","Charon\u0027s Ashes","Mercury Hourglass","Eternal Feather","Gremlin Horn","Bottled Tornado"],"acts_visited":["Exordium","TheCity"],"potions_floor_usage":[6,8,12,12,16,23,27],"damage_taken":[{"damage":3,"enemies":"2 Louse","floor":1,"turns":2},{"damage":3,"enemies":"Cultist","floor":3,"turns":4},{"damage":5,"enemies":"Jaw Worm","floor":4,"turns":4},{"damage":15,"enemies":"3 Sentries","floor":6,"turns":10},{"damage":0,"enemies":"3 Louse","floor":7,"turns":2},{"damage":16,"enemies":"Lagavulin","floor":8,"turns":6},{"damage":0,"enemies":"Lots of Slimes","floor":12,"turns":1},{"damage":14,"enemies":"The Mushroom Lair","floor":14,"turns":6},{"damage":90,"enemies":"Hexaghost","floor":16,"turns":16},{"damage":30,"enemies":"3 Byrds","floor":18,"turns":6},{"damage":45,"enemies":"Slavers","floor":23,"turns":6},{"damage":11,"enemies":"2 Thieves","floor":25,"turns":4},{"damage":17,"enemies":"Book of Stabbing","floor":27,"turns":3}],"seed_played":"888476571991651119","potions_obtained":[{"floor":1,"key":"Explosive Potion"},{"floor":2,"key":"SkillPotion"},{"floor":2,"key":"Energy Potion"},{"floor":2,"key":"ColorlessPotion"},{"floor":7,"key":"DistilledChaos"},{"floor":8,"key":"DistilledChaos"},{"floor":12,"key":"Fruit Juice"},{"floor":14,"key":"FairyPotion"},{"floor":23,"key":"EssenceOfSteel"}],"is_trial":false,"path_per_floor":["M","?","M","M","T","E","M","E","T","?","?","M","R","?","R","B",null,"M","?","?","?","?","E","$","M","T","E"],"character_chosen":"IRONCLAD","items_purchased":["Eternal Feather","Gremlin Horn"],"campfire_rested":0,"item_purchase_floors":[24,24],"current_hp_per_floor":[80,80,80,80,80,71,77,67,67,67,67,78,78,70,70,12,85,61,61,61,61,61,22,22,17,17,0,0],"gold":38,"neow_bonus":"RANDOM_COLORLESS","is_daily":false,"chose_seed":false,"campfire_upgraded":2,"win_rate":0.0,"timestamp":1614096122,"path_taken":["M","?","?","M","?","E","M","E","T","?","?","M","R","?","R","BOSS","M","?","?","?","?","E","?","M","T","E"],"items_purchased_type":["Relic","Relic"],"build_version":"2020-12-22","purchased_purges":0,"victory":false,"max_hp_per_floor":[80,80,80,80,80,80,80,80,80,80,80,85,85,85,85,85,85,85,85,85,85,85,85,85,85,85,85,85],"card_choices":[{"not_picked":["Blind","Good Instincts"],"picked":"Dramatic Entrance","floor":0},{"not_picked":["Feel No Pain","True Grit"],"picked":"Shrug It Off","floor":1},{"not_picked":["Shrug It Off","Sword Boomerang"],"picked":"Warcry","floor":3},{"not_picked":["Entrench","Carnage"],"picked":"Iron Wave","floor":4},{"not_picked":["Armaments","Seeing Red"],"picked":"Metallicize","floor":6},{"not_picked":["Pommel Strike","Hemokinesis"],"picked":"Inflame","floor":7},{"not_picked":["Heavy Blade","Thunderclap"],"picked":"Bludgeon","floor":8},{"not_picked":["Body Slam","Clothesline"],"picked":"Ghostly Armor","floor":12},{"not_picked":["Body Slam","Sword Boomerang"],"picked":"Warcry","floor":14},{"not_picked":["Offering","Corruption"],"picked":"Juggernaut","floor":16},{"not_picked":["Anger","Sever Soul"],"picked":"Ghostly Armor","floor":18},{"not_picked":["Sever Soul+1","Shrug It Off"],"picked":"Armaments+1","floor":23},{"not_picked":["Sword Boomerang","Twin Strike"],"picked":"Pummel+1","floor":25}],"player_experience":779231,"relics_obtained":[{"floor":5,"key":"Omamori"},{"floor":6,"key":"Juzu Bracelet"},{"floor":8,"key":"Boot"},{"floor":9,"key":"Happy Flower"},{"floor":14,"key":"Odd Mushroom"},{"floor":23,"key":"Charon\u0027s Ashes"},{"floor":23,"key":"Mercury Hourglass"},{"floor":26,"key":"Bottled Tornado"}],"event_choices":[{"damage_healed":0,"gold_gain":0,"player_choice":"Got Potions","damage_taken":0,"max_hp_gain":0,"max_hp_loss":0,"event_name":"Lab","floor":2,"gold_loss":0},{"damage_healed":0,"gold_gain":63,"player_choice":"Gained Gold","damage_taken":0,"max_hp_gain":0,"max_hp_loss":0,"event_name":"Golden Wing","floor":10,"gold_loss":0},{"damage_healed":0,"gold_gain":100,"player_choice":"Pray","damage_taken":0,"max_hp_gain":0,"max_hp_loss":0,"event_name":"Golden Shrine","floor":11,"gold_loss":0},{"damage_healed":0,"gold_gain":0,"player_choice":"Fought Mushrooms","damage_taken":0,"max_hp_gain":0,"max_hp_loss":0,"event_name":"Mushrooms","floor":14,"gold_loss":0},{"damage_healed":0,"gold_gain":0,"player_choice":"Copied","damage_taken":0,"max_hp_gain":0,"max_hp_loss":0,"event_name":"Duplicator","floor":19,"gold_loss":0,"cards_obtained":["Metallicize"]},{"cards_removed":["Defend_R"],"damage_healed":0,"gold_gain":0,"player_choice":"Gave Gold","damage_taken":0,"max_hp_gain":0,"max_hp_loss":0,"event_name":"Beggar","floor":20,"gold_loss":75},{"damage_healed":0,"gold_gain":0,"player_choice":"Read","damage_taken":0,"max_hp_gain":0,"max_hp_loss":0,"event_name":"The Library","floor":21,"gold_loss":0,"cards_obtained":["Flame Barrier"]},{"cards_removed":["Defend_R"],"damage_healed":0,"gold_gain":0,"player_choice":"Elegance","damage_taken":0,"max_hp_gain":0,"max_hp_loss":0,"event_name":"Back to Basics","floor":22,"gold_loss":0}],"is_beta":false,"boss_relics":[{"not_picked":["Astrolabe","Coffee Dripper"],"picked":"Black Star"}],"items_purged_floors":[],"is_endless":false,"potions_floor_spawned":[1,7,8,12,14,18,23],"killed_by":"Book of Stabbing","ascension_level":4}}