{"host":"c6u7e77myxvw4d0m","time":1614107593,"event":{"mods":["AchievementEnabler","BaseMod","Bestiary","Colored Map","Colored Powertips","Minty Spire (QoL Compilation)","Rare Cards Sparkle","Relic Stats","everything is the same but u backflip on backflip"],"gold_per_floor":[111,129,129,140,150,177,177,193,193,61,77,87,101,173,173,173,173],"floor_reached":16,"language":"ENG","playtime":961,"items_purged":["Strike_G"],"score":212,"play_id":"546774e9-f8ba-4cbd-beee-5a8589c51615","local_time":"20210223211313","is_ascension_mode":true,"campfire_choices":[{"data":"Predator","floor":7,"key":"SMITH"},{"data":"Skewer","floor":15,"key":"SMITH"}],"circlet_count":0,"master_deck":["AscendersBane","Strike_G","Strike_G","Strike_G","Strike_G","Defend_G","Defend_G","Defend_G","Defend_G","Defend_G","Survivor","Neutralize","Quick Slash","Predator+1","Dagger Throw","Endless Agony","Acrobatics","Poisoned Stab","Eviscerate","Blade Dance","Skewer+1"],"relics":["Ring of the Snake","Meat on the Bone","Peace Pipe"],"acts_visited":["Exordium"],"potions_floor_usage":[6,6,11,16,16],"damage_taken":[{"damage":9,"enemies":"Small Slimes","floor":1,"turns":4},{"damage":2,"enemies":"2 Louse","floor":2,"turns":3},{"damage":2,"enemies":"Jaw Worm","floor":4,"turns":5},{"damage":3,"enemies":"2 Fungi Beasts","floor":5,"turns":4},{"damage":27,"enemies":"Lagavulin","floor":6,"turns":6},{"damage":11,"enemies":"Blue Slaver","floor":8,"turns":5},{"damage":11,"enemies":"Exordium Wildlife","floor":11,"turns":4},{"damage":21,"enemies":"Large Slime","floor":12,"turns":7},{"damage":9,"enemies":"Red Slaver","floor":13,"turns":3},{"damage":24,"enemies":"Slime Boss","floor":16,"turns":6}],"seed_played":"-6221454622044047101","potions_obtained":[{"floor":1,"key":"AttackPotion"},{"floor":4,"key":"Block Potion"},{"floor":6,"key":"SteroidPotion"},{"floor":11,"key":"SpeedPotion"},{"floor":13,"key":"AttackPotion"}],"is_trial":false,"path_per_floor":["M","M","?","M","M","E","R","M","T","$","M","M","M","?","R","B"],"character_chosen":"THE_SILENT","items_purchased":["Poisoned Stab"],"campfire_rested":0,"item_purchase_floors":[10],"current_hp_per_floor":[56,54,59,57,54,27,27,28,28,28,29,20,23,23,23,0,0],"gold":173,"neow_bonus":"TEN_PERCENT_HP_BONUS","is_daily":false,"chose_seed":false,"campfire_upgraded":2,"win_rate":0.0,"timestamp":1614107593,"path_taken":["M","M","?","M","M","E","R","M","T","$","M","M","M","?","R","BOSS"],"items_purchased_type":["Card"],"build_version":"2020-12-22","purchased_purges":1,"victory":false,"max_hp_per_floor":[72,72,77,77,77,77,77,77,77,77,77,77,77,77,77,77,77],"relic_stats":{"Peace Pipe":0,"counters":[10,47],"obtain_stats":[{"Peace Pipe":9,"Ring of the Snake":0,"Meat on the Bone":6},{"Peace Pipe":6,"Ring of the Snake":0,"Meat on the Bone":5},{"Peace Pipe":27,"Ring of the Snake":0,"Meat on the Bone":22}],"Ring of the Snake":[21],"Meat on the Bone":48},"card_choices":[{"not_picked":["Distraction","Heel Hook"],"picked":"Quick Slash","floor":1},{"not_picked":["Expertise","All Out Attack","Backflip"],"picked":"SKIP","floor":2},{"not_picked":["Dodge and Roll","Terror"],"picked":"Predator","floor":4},{"not_picked":["Night Terror","Dodge and Roll"],"picked":"Dagger Throw","floor":5},{"not_picked":["Flying Knee","Heel Hook"],"picked":"Endless Agony","floor":6},{"not_picked":["Backflip","Bane"],"picked":"Acrobatics","floor":8},{"not_picked":["Dodge and Roll","Quick Slash"],"picked":"Eviscerate","floor":11},{"not_picked":["Backflip","Deadly Poison"],"picked":"Blade Dance","floor":12},{"not_picked":["Blur","Acrobatics"],"picked":"Skewer","floor":13}],"player_experience":882021,"relics_obtained":[{"floor":6,"key":"Meat on the Bone"},{"floor":9,"key":"Peace Pipe"}],"event_choices":[{"damage_healed":0,"gold_gain":0,"player_choice":"Donut","damage_taken":0,"max_hp_gain":5,"max_hp_loss":0,"event_name":"Big Fish","floor":3,"gold_loss":0},{"damage_healed":0,"gold_gain":72,"player_choice":"Gained Gold","damage_taken":0,"max_hp_gain":0,"max_hp_loss":0,"event_name":"Golden Wing","floor":14,"gold_loss":0}],"is_beta":false,"boss_relics":[],"items_purged_floors":[10],"is_endless":false,"potions_floor_spawned":[1,4,6,11,13],"killed_by":"Slime Boss","ascension_level":20}}