{"host":"2xnjhc1nuqzfyzm4","time":1614049899,"event":{"mods":["100% Spire Juice","Act Like it!","Arknights","BaseMod","Beaked The Cultist","Bestiary","Better Match","Better Note","Better Sensory Stone","Better Third Choice","Block Reminder","CapriCore","CatGirl Mod","ChefMod","Colored Powertips","Displayed Cursed Tome","Dota2Spire","Downfall","Ekko","Elementarium","GungeonMod","Hallownest","Hermit","Hubris","Infinite Spire","Jedi Mod","Jorbs\u0027s Wanderer Trilogy","Luminous","Mad Scientist","Marisa????????","Menagerie","Minty Spire (QoL Compilation)","Poor People Problems","Potionbrewer","Prisma Mod","QueenMod","Relic Stats","Reliquary","Replay The Spire","Robot Space Explorer","Ruina","SIMod","Shade Mod","Shapeshifter Mod","Spikes Relics","StSLib","The Alterego","The Animator","The Blackbeard","The Bug Knight","The Cursed","The Death Knight","The Disciple","The Dragon Tamer","The Dragonkin","The Druid","The Elementalist","The Exalted","The Fake Hero","The Florist","The Gatherer","The Hayseed","The Hierophant","The Immortal","The Jungle","The Mystic","The Necromancer","The Poker Player","The Runesmith","The Sage","The Senshi","The Servant 0.9.4","The Showman","The Valiant","The Wild Card","TheBandit","TheSwordswoman","TheVacant","TheVelvet","TheWitcher","Trackpad","Waifu the Spire","WarShipGirlsR/????R mod","Yakumo Yukari mod"],"gold_per_floor":[114,134,134,134,150,150,168,19,19,19,19,37,68,85,85,188,188,198,198,210,229,229,229,229,255,282,282,311,311,166,177,177,275,275,293,293,312,237,162,162,197,197,220,230,242,242,353,363,363,363,363,363,187,215,215,215],"floor_reached":55,"language":"ENG","playtime":5736,"items_purged":[],"score":837,"play_id":"f40056e2-f097-41b9-8bb0-231648f4bf49","local_time":"20210222191139","is_ascension_mode":false,"campfire_choices":[{"floor":6,"key":"RECALL"},{"data":"rmod:lonelyqueen","floor":10,"key":"SMITH"},{"data":"rmod:openingtorpedo","floor":15,"key":"SMITH"},{"data":"rmod:highspeedmaneuver","floor":23,"key":"SMITH"},{"data":"rmod:defend","floor":29,"key":"SMITH"},{"data":"rmod:steelsupply","floor":32,"key":"SMITH"},{"data":"rmod:maintain","floor":40,"key":"SMITH"},{"data":"rmod:abidefaith","floor":42,"key":"SMITH"},{"data":"rmod:unsinkable","floor":49,"key":"SMITH"},{"data":"rmod:diaomin","floor":52,"key":"SMITH"}],"circlet_count":0,"master_deck":["rmod:strick","rmod:strick","rmod:strick","rmod:strick","rmod:defend","rmod:defend","rmod:defend","rmod:defend+1","rmod:basicallowance","rmod:maingunfire+1","rmod:intelligenceanalysis+1","rmod:luckystar","rmod:lonelyqueen+1","rmod:steelsupply+1","rmod:openingtorpedo+1","rmod:ammunitionsupply","rmod:highspeedmaneuver+1","rmod:intelligenceanalysis","rmod:victimresponsibility+1","rmod:rockthrower","rmod:maintain+1","rmod:aggressivemary","rmod:garrisonisland","rmod:expedition+1","rmod:abidefaith+1","rmod:diaomin+1","rmod:aviationdawn+1","infinitespire:FinalStrike","rmod:unsinkable+1","Parasite","rmod:aviationdawn+1","rmod:fuelsupply","rmod:expedition"],"relics":["rmod:firstchargereward","potionbrewer:Keyblade","Mercury Hourglass","InkBottle","rmod:monthlycard","Bronze Scales","jedi:arcanewood","Kunai","Dota2Spire:DrumOfEndurance","Dota2Spire:Bloodstone","hubris:Icosahedron","trackpad:CultistFigurine","Dream Catcher","trackpad:SappingStone"],"acts_visited":["Exordium","TheCity","TheBeyond","TheEnding"],"potions_floor_usage":[13,13,16,25,28,33,44,45,48,54,55,55,55],"damage_taken":[{"damage":0,"enemies":"Cultist","floor":1,"turns":4},{"damage":0,"enemies":"Small Slimes","floor":2,"turns":3},{"damage":0,"enemies":"2 Louse","floor":5,"turns":1},{"damage":0,"enemies":"Looter","floor":7,"turns":3},{"damage":0,"enemies":"Lots of Slimes","floor":12,"turns":2},{"damage":0,"enemies":"3 Sentries","floor":13,"turns":3},{"damage":0,"enemies":"Large Slime","floor":14,"turns":1},{"damage":7,"enemies":"Fading Forest","floor":16,"turns":11},{"damage":0,"enemies":"2 Thieves","floor":18,"turns":3},{"damage":0,"enemies":"3 Byrds","floor":20,"turns":2},{"damage":0,"enemies":"3 Cultists","floor":21,"turns":3},{"damage":0,"enemies":"Slavers","floor":25,"turns":3},{"damage":0,"enemies":"Gremlin Leader","floor":28,"turns":3},{"damage":0,"enemies":"Snake Plant","floor":31,"turns":2},{"damage":3,"enemies":"Champ","floor":33,"turns":8},{"damage":1,"enemies":"3 Shapes","floor":35,"turns":1},{"damage":12,"enemies":"3 Darklings","floor":37,"turns":4},{"damage":0,"enemies":"Reptomancer","floor":41,"turns":2},{"damage":8,"enemies":"Spire Growth","floor":44,"turns":6},{"damage":20,"enemies":"4 Shapes","floor":45,"turns":2},{"damage":0,"enemies":"3 Darklings","floor":47,"turns":1},{"damage":0,"enemies":"Writhing Mass","floor":48,"turns":2},{"damage":50,"enemies":"Donu and Deca","floor":50,"turns":7},{"damage":53,"enemies":"Shield and Spear","floor":54,"turns":7},{"damage":39,"enemies":"The Heart","floor":55,"turns":11}],"seed_played":"4530843809651485678","potions_obtained":[{"floor":5,"key":"jedi:StrikingPotion"},{"floor":7,"key":"Strength Potion"},{"floor":14,"key":"potionbrewer:NoxiousPotion"},{"floor":16,"key":"Flashbang"},{"floor":20,"key":"Block Potion"},{"floor":21,"key":"Energy Potion"},{"floor":25,"key":"potionbrewer:AcidPotion"},{"floor":33,"key":"potionbrewer:InfectionPotion"},{"floor":37,"key":"Cursed Concoction"},{"floor":41,"key":"AttackPotion"},{"floor":44,"key":"potionbrewer:AcidPotion"},{"floor":47,"key":"Swift Potion"}],"is_trial":false,"path_per_floor":["M","M","?","?","M","R","M","$","T","R","T","M","E","M","R","B",null,"M","?","M","M","AVR","R","$","E","T","$","E","R","$","M","R","B",null,"M","?","M","$","?","R","E","R","T","M","M","AVR","M","M","R","B",null,"R","$","E","B"],"character_chosen":"PRAEFECT","items_purchased":["potionbrewer:Keyblade","Dota2Spire:DrumOfEndurance","rmod:garrisonisland","rmod:fuelsupply","rmod:expedition","jedi:StrikingPotion"],"campfire_rested":0,"item_purchase_floors":[8,30,38,53,53,53],"current_hp_per_floor":[75,75,75,75,75,75,75,75,75,75,75,75,75,75,75,68,75,75,75,75,75,75,75,75,75,75,75,75,75,75,75,75,72,75,74,74,62,62,62,62,75,75,75,67,53,53,53,71,71,30,75,75,75,22,0,0],"gold":215,"neow_bonus":"RANDOM_EVENT","is_daily":false,"chose_seed":false,"campfire_upgraded":9,"win_rate":0.0,"timestamp":1614049899,"path_taken":["M","?","?","?","M","R","M","?","T","R","?","M","E","M","R","BOSS","M","?","M","M","AVR","R","$","E","T","$","E","R","?","M","R","BOSS","M","?","M","$","?","R","E","R","T","M","M","AVR","?","M","R","BOSS","R","$","E","BOSS"],"items_purchased_type":["Relic","Relic","Card","Card","Card","Potion"],"build_version":"2020-12-22","purchased_purges":0,"victory":false,"max_hp_per_floor":[75,75,75,75,75,75,75,75,75,75,75,75,75,75,75,75,75,75,75,75,75,75,75,75,75,75,75,75,75,75,75,75,75,75,75,75,75,75,75,75,75,75,75,75,75,75,75,75,75,75,75,75,75,75,75,75],"relic_stats":{"Dream Catcher":0,"counters":[25,95],"Bronze Scales":[159],"Kunai":[16],"obtain_stats":[{"trackpad:SappingStone":54,"Dota2Spire:DrumOfEndurance":30,"DemoMod:GlassGuonStoneRelic":2,"Dota2Spire:Bloodstone":34,"Mercury Hourglass":11,"Dream Catcher":43,"hubris:Icosahedron":36,"Bronze Scales":25,"rmod:firstchargereward":0,"Kunai":28,"potionbrewer:Keyblade":8,"trackpad:CultistFigurine":41,"jedi:arcanewood":26,"InkBottle":13,"rmod:monthlycard":17},{"trackpad:SappingStone":24,"Dota2Spire:DrumOfEndurance":13,"DemoMod:GlassGuonStoneRelic":2,"Dota2Spire:Bloodstone":15,"Mercury Hourglass":4,"Dream Catcher":18,"hubris:Icosahedron":16,"Bronze Scales":12,"rmod:firstchargereward":0,"Kunai":13,"potionbrewer:Keyblade":4,"trackpad:CultistFigurine":18,"jedi:arcanewood":12,"InkBottle":6,"rmod:monthlycard":8},{"trackpad:SappingStone":84,"Dota2Spire:DrumOfEndurance":42,"DemoMod:GlassGuonStoneRelic":7,"Dota2Spire:Bloodstone":52,"Mercury Hourglass":11,"Dream Catcher":59,"hubris:Icosahedron":53,"Bronze Scales":39,"rmod:firstchargereward":0,"Kunai":42,"potionbrewer:Keyblade":11,"trackpad:CultistFigurine":59,"jedi:arcanewood":39,"InkBottle":16,"rmod:monthlycard":28}],"InkBottle":[26],"Mercury Hourglass":[403]},"card_choices":[{"not_picked":["rmod:supportaircraftcarrier","rmod:circuitoustactics"],"picked":"rmod:intelligenceanalysis","floor":1},{"not_picked":["rmod:tearstotiara","rmod:supportescort"],"picked":"rmod:luckystar","floor":2},{"not_picked":["rmod:intelligenceanalysis","rmod:tearstotiara"],"picked":"rmod:lonelyqueen","floor":5},{"not_picked":["rmod:fuelsupply","rmod:u235"],"picked":"rmod:steelsupply","floor":7},{"not_picked":["rmod:firesupport","rmod:fletcherpendant"],"picked":"rmod:openingtorpedo","floor":12},{"not_picked":["rmod:garrisonisland","rmod:fletcherpendant","rmod:saltedfish"],"picked":"SKIP","floor":13},{"not_picked":["rmod:diamondstrike","rmod:supportescort"],"picked":"rmod:ammunitionsupply","floor":14},{"not_picked":["rmod:abidefaith","rmod:supriseattacks"],"picked":"rmod:highspeedmaneuver","floor":16},{"not_picked":["rmod:luckystar","rmod:launchingtorpedo"],"picked":"rmod:intelligenceanalysis","floor":18},{"not_picked":["rmod:spoils","rmod:aluminumsupply+1","rmod:slowdown+1"],"picked":"SKIP","floor":20},{"not_picked":["rmod:fletcherpendant+1","rmod:expedition+1"],"picked":"rmod:victimresponsibility+1","floor":21},{"not_picked":["rmod:salvage","rmod:ammunitionsupply"],"picked":"rmod:rockthrower","floor":25},{"not_picked":["rmod:lonelyqueen+1","rmod:expedition+1","rmod:aviationdawn"],"picked":"SKIP","floor":28},{"not_picked":["rmod:fletcher","rmod:firesupport","rmod:victimresponsibility"],"picked":"SKIP","floor":31},{"not_picked":["rmod:openingtorpedo+1","rmod:bulid"],"picked":"rmod:maintain","floor":35},{"not_picked":["rmod:tearstotiara","rmod:firesupport"],"picked":"rmod:aggressivemary","floor":37},{"not_picked":["rmod:guardianhero+1","rmod:bulid+1"],"picked":"rmod:expedition+1","floor":39},{"not_picked":["rmod:sl","rmod:tearstotiara+1"],"picked":"rmod:abidefaith","floor":41},{"not_picked":["rmod:diamondstrike","rmod:luckystar+1"],"picked":"rmod:diaomin","floor":44},{"not_picked":["rmod:punchline+1","rmod:firesupport+1"],"picked":"rmod:aviationdawn+1","floor":45},{"not_picked":["rmod:steelsupply","rmod:aggressivemary+1"],"picked":"rmod:unsinkable","floor":47},{"not_picked":["rmod:victimresponsibility","rmod:firesupport+1"],"picked":"rmod:aviationdawn+1","floor":48},{"not_picked":["rmod:diamondstrike+1","rmod:supportescort+1","rmod:aviationdawn"],"picked":"SKIP","floor":54}],"player_experience":249208,"relics_obtained":[{"floor":11,"key":"Mercury Hourglass"},{"floor":13,"key":"InkBottle"},{"floor":25,"key":"Bronze Scales"},{"floor":26,"key":"jedi:arcanewood"},{"floor":28,"key":"Kunai"},{"floor":41,"key":"trackpad:CultistFigurine"},{"floor":43,"key":"Dream Catcher"},{"floor":54,"key":"trackpad:SappingStone"}],"event_choices":[{"damage_healed":0,"gold_gain":0,"player_choice":"Grow","damage_taken":0,"max_hp_gain":0,"max_hp_loss":0,"event_name":"Living Wall","floor":0,"gold_loss":0,"cards_upgraded":["rmod:maingunfire"]},{"damage_healed":0,"gold_gain":0,"player_choice":"Leave","damage_taken":0,"max_hp_gain":0,"max_hp_loss":0,"event_name":"The Cleric","floor":4,"gold_loss":0},{"cards_removed":["rmod:openingtorpedo"],"damage_healed":0,"gold_gain":0,"player_choice":"Give","damage_taken":0,"max_hp_gain":0,"max_hp_loss":0,"event_name":"betterNote:BetterNote","floor":19,"gold_loss":0,"cards_obtained":["StSShapeShifter:Spring"]},{"damage_healed":0,"gold_gain":0,"player_choice":"2","damage_taken":0,"max_hp_gain":0,"max_hp_loss":0,"event_name":"betterMatch:BetterMatch","floor":39,"gold_loss":0,"cards_obtained":["betterMatch:UncommonCard"]}],"is_beta":false,"boss_relics":[{"not_picked":["trackpad:Coffee","Sandwich"],"picked":"rmod:monthlycard"},{"not_picked":["bronze:MakeshiftBattery","hubris:GrandSneckoEye"],"picked":"Dota2Spire:Bloodstone"}],"items_purged_floors":[],"is_endless":false,"potions_floor_spawned":[5,7,14,16,20,21,25,33,37,41,44,47],"killed_by":"The Heart","ascension_level":0}}