{"host":"4wbfffuiqd9v0v1t","time":1614114748,"event":{"mods":["BaseMod","Bestiary","Highlight Path","Minty Spire (QoL Compilation)","Relic Stats","StSLib","ojb\u0027s Info Mod"],"gold_per_floor":[117,117,130,130,149,179,17,17,17,17,47,61,94,123,123,209,209,237,258,267,293,190,224,67,96,121,121,150,75,86,111,111,191,191,220,247,274,137,152,179,179,218,218,250,250,130,130,172,172,172,172,172,172,34,59,59],"floor_reached":57,"language":"ENG","playtime":5656,"items_purged":["Pain","Writhe","Defend_R","Strike_R","Strike_R"],"score":3013,"play_id":"55f540b5-dc00-4b24-b268-9c751176385d","local_time":"20210223161228","is_ascension_mode":true,"campfire_choices":[{"data":"Carnage","floor":8.0,"key":"SMITH"},{"data":"Bash","floor":10.0,"key":"SMITH"},{"data":"Feel No Pain","floor":15.0,"key":"SMITH"},{"data":"Immolate","floor":27.0,"key":"SMITH"},{"data":"Juggernaut","floor":32.0,"key":"SMITH"},{"data":"True Grit","floor":41.0,"key":"SMITH"},{"data":"Panacea","floor":45.0,"key":"SMITH"},{"floor":47.0,"key":"RECALL"},{"data":"Spot Weakness","floor":49.0,"key":"SMITH"},{"data":"Dark Shackles","floor":53.0,"key":"SMITH"}],"circlet_count":0,"master_deck":["AscendersBane","Strike_R","Strike_R","Defend_R","Defend_R","Defend_R","Bash+1","Pummel","Shockwave","Sword Boomerang","Feel No Pain+1","Shrug It Off","Carnage+1","Impervious+1","Ghostly Armor","Immolate+1","Sentinel+1","Power Through+1","Juggernaut+1","Fire Breathing","Corruption","Dropkick","Purity","Purity","Panacea+1","True Grit+1","Feed","Dropkick","Dark Shackles+1","Body Slam+1","Dark Embrace","Spot Weakness+1","Dark Embrace","Sentinel"],"relics":["Burning Blood","Magic Flower","WarpedTongs","Smiling Mask","Bottled Tornado","Eternal Feather","CeramicFish","Mark of Pain","Potion Belt","Happy Flower","Prayer Wheel","Lantern","Runic Pyramid","War Paint","Gremlin Horn","Torii","Bag of Preparation","Red Skull","Self Forming Clay"],"acts_visited":["Exordium","TheCity","TheBeyond","TheEnding"],"potions_floor_usage":[56],"damage_taken":[{"damage":13.0,"enemies":"Small Slimes","floor":1.0,"turns":5.0},{"damage":2.0,"enemies":"Cultist","floor":3.0,"turns":4.0},{"damage":1.0,"enemies":"2 Louse","floor":5.0,"turns":3.0},{"damage":41.0,"enemies":"3 Sentries","floor":6.0,"turns":10.0},{"damage":12.0,"enemies":"Lagavulin","floor":11.0,"turns":7.0},{"damage":2.0,"enemies":"2 Fungi Beasts","floor":12.0,"turns":4.0},{"damage":5.0,"enemies":"Gremlin Nob","floor":13.0,"turns":4.0},{"damage":22.0,"enemies":"Lots of Slimes","floor":14.0,"turns":7.0},{"damage":4.0,"enemies":"The Guardian","floor":16.0,"turns":13.0},{"damage":0.0,"enemies":"Spheric Guardian","floor":18.0,"turns":4.0},{"damage":12.0,"enemies":"2 Thieves","floor":19.0,"turns":3.0},{"damage":19.0,"enemies":"Sentry and Sphere","floor":21.0,"turns":9.0},{"damage":19.0,"enemies":"Gremlin Leader","floor":23.0,"turns":9.0},{"damage":11.0,"enemies":"Book of Stabbing","floor":25.0,"turns":4.0},{"damage":15.0,"enemies":"Shelled Parasite and Fungi","floor":28.0,"turns":5.0},{"damage":1.0,"enemies":"Snecko","floor":30.0,"turns":3.0},{"damage":0.0,"enemies":"Gremlin Leader","floor":31.0,"turns":5.0},{"damage":73.0,"enemies":"Champ","floor":33.0,"turns":16.0},{"damage":0.0,"enemies":"Orb Walker","floor":35.0,"turns":4.0},{"damage":0.0,"enemies":"3 Shapes","floor":39.0,"turns":7.0},{"damage":6.0,"enemies":"Giant Head","floor":40.0,"turns":8.0},{"damage":9.0,"enemies":"Reptomancer","floor":42.0,"turns":7.0},{"damage":0.0,"enemies":"Giant Head","floor":44.0,"turns":7.0},{"damage":0.0,"enemies":"Reptomancer","floor":48.0,"turns":4.0},{"damage":27.0,"enemies":"Donu and Deca","floor":50.0,"turns":7.0},{"damage":17.0,"enemies":"Awakened One","floor":51.0,"turns":5.0},{"damage":68,"enemies":"Shield and Spear","floor":55,"turns":8},{"damage":30,"enemies":"The Heart","floor":56,"turns":8}],"seed_played":"-3088170246218925294","potions_obtained":[{"floor":1.0,"key":"Energy Potion"},{"floor":5.0,"key":"BlessingOfTheForge"},{"floor":6.0,"key":"DistilledChaos"},{"floor":14.0,"key":"SteroidPotion"},{"floor":16.0,"key":"LiquidMemories"},{"floor":23.0,"key":"PowerPotion"},{"floor":28.0,"key":"Dexterity Potion"},{"floor":30.0,"key":"Regen Potion"},{"floor":31.0,"key":"DistilledChaos"},{"floor":39.0,"key":"Fire Potion"},{"floor":42.0,"key":"Swift Potion"},{"floor":48.0,"key":"SteroidPotion"}],"is_trial":false,"path_per_floor":["M","?","M","?","M","E","$","R","T","R","E","M","E","M","R","B",null,"M","M","?","M","$","E","$","E","T","R","M","?","M","E","R","B",null,"M","?","?","$","M","E","R","E","T","E","R","$","R","E","R","B","B",null,"R","$","E","B",null],"character_chosen":"IRONCLAD","items_purchased":["Shrug It Off","Carnage","PowerPotion","EntropicBrew","Dark Shackles","Dark Embrace","Dark Embrace","Sentinel"],"campfire_rested":0,"item_purchase_floors":[7,7,22,24,38,46,54,54],"current_hp_per_floor":[68,63,70,70,78,46,46,46,46,46,43,50,54,41,50,55,75,82,79,79,69,69,59,59,57,57,69,63,63,71,80,82,42,72,81,71,71,71,85,89,89,93,93,97,97,97,97,100,100,87,79,97,103,103,49,28],"gold":59,"neow_bonus":"TEN_PERCENT_HP_BONUS","is_daily":false,"chose_seed":false,"campfire_upgraded":9,"win_rate":0.0,"timestamp":1614114748,"path_taken":["M","?","M","?","M","E","$","R","T","R","E","M","E","M","R","BOSS","BOSS","M","?","?","M","$","E","$","E","T","R","M","?","M","E","R","BOSS","M","?","?","$","?","E","R","E","T","E","R","$","R","E","R","BOSS","BOSS","R","$","E","BOSS"],"items_purchased_type":["Card","Card","Potion","Potion","Card","Card","Card","Card"],"build_version":"2020-12-22","purchased_purges":5,"victory":true,"max_hp_per_floor":[82,82,82,82,82,82,82,82,82,82,82,82,82,82,82,82,82,82,82,82,82,82,82,82,82,82,82,82,82,82,82,82,82,82,82,82,82,82,85,89,89,93,93,97,97,97,97,100,100,103,103,103,103,103,106,106],"relic_stats":{"Happy Flower":[32],"Gremlin Horn":[4,9],"Torii":8,"counters":[28,180],"Self Forming Clay":[21],"CeramicFish":189,"Magic Flower":[87],"Eternal Feather":29,"Bag of Preparation":[10],"War Paint":["Impervious","Power Through"],"Smiling Mask":375,"Burning Blood":222,"WarpedTongs":[161],"Prayer Wheel":4,"obtain_stats":[{"Potion Belt":20,"Lantern":31,"Happy Flower":23,"Gremlin Horn":42,"Torii":43,"Self Forming Clay":55,"CeramicFish":13,"Magic Flower":2,"Eternal Feather":11,"Bag of Preparation":44,"Bottled Tornado":9,"War Paint":40,"Smiling Mask":6,"Burning Blood":0,"WarpedTongs":4,"Prayer Wheel":25,"Mark of Pain":17,"Red Skull":48,"Runic Pyramid":34},{"Potion Belt":11,"Lantern":17,"Happy Flower":13,"Gremlin Horn":22,"Torii":22,"Self Forming Clay":27,"CeramicFish":7,"Magic Flower":1,"Eternal Feather":5,"Bag of Preparation":23,"Bottled Tornado":4,"War Paint":21,"Smiling Mask":4,"Burning Blood":0,"WarpedTongs":2,"Prayer Wheel":14,"Mark of Pain":9,"Red Skull":24,"Runic Pyramid":18},{"Potion Belt":64,"Lantern":99,"Happy Flower":82,"Gremlin Horn":141,"Torii":141,"Self Forming Clay":172,"CeramicFish":37,"Magic Flower":5,"Eternal Feather":29,"Bag of Preparation":148,"Bottled Tornado":22,"War Paint":134,"Smiling Mask":22,"Burning Blood":0,"WarpedTongs":9,"Prayer Wheel":86,"Mark of Pain":57,"Red Skull":152,"Runic Pyramid":115}]},"card_choices":[{"not_picked":["Warcry","Rage"],"picked":"Pummel","floor":1.0},{"not_picked":["Thunderclap","Ghostly Armor"],"picked":"Shockwave","floor":3.0},{"not_picked":["Perfected Strike","Iron Wave"],"picked":"Sword Boomerang","floor":5.0},{"not_picked":["Perfected Strike","Entrench"],"picked":"Feel No Pain","floor":6.0},{"not_picked":["Iron Wave","Intimidate","Clothesline"],"picked":"SKIP","floor":11.0},{"not_picked":["Heavy Blade","Armaments"],"picked":"Impervious","floor":12.0},{"not_picked":["Thunderclap","Clothesline","Sever Soul"],"picked":"SKIP","floor":13.0},{"not_picked":["Entrench","Headbutt"],"picked":"Ghostly Armor","floor":14.0},{"not_picked":["Feed","Brutality"],"picked":"Immolate","floor":16.0},{"not_picked":["Metallicize","Thunderclap"],"picked":"Sentinel+1","floor":18.0},{"not_picked":["Body Slam","Infernal Blade"],"picked":"Power Through","floor":19.0},{"not_picked":["Armaments","Uppercut"],"picked":"Juggernaut","floor":21.0},{"not_picked":["Twin Strike+1","Clash","Infernal Blade"],"picked":"SKIP","floor":23.0},{"not_picked":["Heavy Blade","Clash","Clothesline"],"picked":"SKIP","floor":25.0},{"not_picked":["Warcry","Power Through"],"picked":"Fire Breathing","floor":28.0},{"not_picked":["Intimidate","Iron Wave+1","Headbutt"],"picked":"SKIP","floor":28.0},{"not_picked":["Warcry","Dropkick","Shockwave"],"picked":"SKIP","floor":30.0},{"not_picked":["Cleave","Headbutt","Berserk"],"picked":"SKIP","floor":30.0},{"not_picked":["Pommel Strike","Thunderclap","Dual Wield"],"picked":"SKIP","floor":31.0},{"not_picked":["Berserk","Bludgeon"],"picked":"Corruption","floor":33.0},{"not_picked":["Inflame","Heavy Blade"],"picked":"Dropkick","floor":35.0},{"not_picked":["Bloodletting+1","Iron Wave+1","Armaments"],"picked":"SKIP","floor":35.0},{"not_picked":["Madness","Violence"],"picked":"Purity","floor":36.0},{"not_picked":["Impatience","HandOfGreed"],"picked":"Purity","floor":36.0},{"not_picked":["Good Instincts","Jack Of All Trades"],"picked":"Panacea","floor":36.0},{"not_picked":["Pummel","Anger","Ghostly Armor+1"],"picked":"SKIP","floor":39.0},{"not_picked":["Wild Strike+1","Perfected Strike","Dropkick"],"picked":"SKIP","floor":39.0},{"not_picked":["Combust","Heavy Blade","Evolve"],"picked":"SKIP","floor":40.0},{"not_picked":["Perfected Strike","Brutality"],"picked":"Body Slam+1","floor":42.0},{"not_picked":["Inflame+1","Pommel Strike","Perfected Strike"],"picked":"SKIP","floor":44.0},{"not_picked":["Dropkick+1","Infernal Blade"],"picked":"Spot Weakness","floor":48.0},{"not_picked":["Fire Breathing","Thunderclap+1","Uppercut"],"picked":"SKIP","floor":55}],"player_experience":168614,"relics_obtained":[{"floor":6.0,"key":"Smiling Mask"},{"floor":9.0,"key":"Bottled Tornado"},{"floor":11.0,"key":"Eternal Feather"},{"floor":13.0,"key":"CeramicFish"},{"floor":23.0,"key":"Happy Flower"},{"floor":25.0,"key":"Prayer Wheel"},{"floor":31.0,"key":"Lantern"},{"floor":40.0,"key":"War Paint"},{"floor":42.0,"key":"Gremlin Horn"},{"floor":43.0,"key":"Torii"},{"floor":44.0,"key":"Bag of Preparation"},{"floor":48.0,"key":"Red Skull"},{"floor":55,"key":"Self Forming Clay"}],"event_choices":[{"damage_healed":0.0,"max_hp_gain":0.0,"max_hp_loss":0.0,"gold_gain":0.0,"event_name":"Scrap Ooze","player_choice":"Success","floor":2.0,"gold_loss":0.0,"damage_taken":5.0,"relics_obtained":["Magic Flower"]},{"damage_healed":0.0,"max_hp_gain":0.0,"max_hp_loss":0.0,"gold_gain":0.0,"event_name":"Accursed Blacksmith","player_choice":"Rummage","floor":4.0,"gold_loss":0.0,"damage_taken":0.0,"relics_obtained":["WarpedTongs"],"cards_obtained":["Pain"]},{"damage_healed":0.0,"max_hp_gain":0.0,"max_hp_loss":0.0,"gold_gain":0.0,"event_name":"The Mausoleum","player_choice":"Opened","floor":20.0,"gold_loss":0.0,"damage_taken":0.0,"relics_obtained":["Potion Belt"],"cards_obtained":["Writhe"]},{"cards_removed":["Strike_R"],"damage_healed":0.0,"max_hp_gain":0.0,"max_hp_loss":0.0,"gold_gain":0.0,"event_name":"Beggar","player_choice":"Gave Gold","floor":29.0,"gold_loss":75.0,"damage_taken":0.0},{"damage_healed":0.0,"max_hp_gain":0.0,"max_hp_loss":0.0,"gold_gain":0.0,"event_name":"SensoryStone","player_choice":"Memory 3","floor":36.0,"gold_loss":0.0,"damage_taken":10.0},{"damage_healed":0.0,"max_hp_gain":0.0,"max_hp_loss":0.0,"gold_gain":0.0,"event_name":"Match and Keep!","player_choice":"3 cards matched","floor":37.0,"gold_loss":0.0,"damage_taken":0.0,"cards_obtained":["True Grit","Feed","Dropkick"]}],"is_beta":false,"boss_relics":[{"not_picked":["Ectoplasm","Black Star"],"picked":"Mark of Pain"},{"not_picked":["Philosopher\u0027s Stone","Runic Dome"],"picked":"Runic Pyramid"}],"items_purged_floors":[7,22,24,38,46],"is_endless":false,"potions_floor_spawned":[1,5,6,14,16,23,28,30,31,39,42,48],"ascension_level":20}}