{"host":"znuunkttinnn1f17","time":1614069265,"event":{"mods":["BaseMod","Colored Map","Downfall","Minty Spire (QoL Compilation)","Replay The Spire","StSLib"],"gold_per_floor":[118,132,57,57,70,104,104,133,185,185,185],"floor_reached":10,"language":"ENG","playtime":438,"items_purged":["Strike_B"],"score":95,"play_id":"258383e0-b419-45d9-a32e-9158995493ea","local_time":"20210223093425","is_ascension_mode":true,"campfire_choices":[{"data":"Streamline","floor":7,"key":"SMITH"}],"circlet_count":0,"master_deck":["Strike_B","Strike_B","Strike_B","Defend_B","Defend_B","Defend_B","Zap","Dualcast","Purity","Streamline+1","BootSequence","Leap","Self Repair"],"relics":["Cracked Core","Mirror","ReplayFunnel","PreservedInsect"],"acts_visited":["Exordium"],"potions_floor_usage":[10,10],"damage_taken":[{"damage":2,"enemies":"Jaw Worm","floor":1,"turns":3},{"damage":2,"enemies":"2 Louse","floor":2,"turns":3},{"damage":1,"enemies":"Cultist","floor":5,"turns":3},{"damage":36,"enemies":"Gremlin Nob","floor":6,"turns":4},{"damage":21,"enemies":"Lagavulin","floor":8,"turns":6},{"damage":15,"enemies":"3 Sentries","floor":10,"turns":3}],"seed_played":"-7224241562475609647","potions_obtained":[{"floor":1,"key":"champ:CounterPotion"},{"floor":6,"key":"sneckomod:MuddlingPotion"}],"is_trial":false,"path_per_floor":["M","M","$","?","M","E","R","E","T","E"],"character_chosen":"DEFECT","items_purchased":[],"campfire_rested":0,"item_purchase_floors":[],"current_hp_per_floor":[73,71,71,71,70,34,34,13,13,0,0],"gold":185,"neow_bonus":"RANDOM_COLORLESS","is_daily":false,"chose_seed":false,"campfire_upgraded":1,"win_rate":0.0,"timestamp":1614069265,"path_taken":["M","M","$","?","M","E","R","E","T","E"],"items_purchased_type":[],"build_version":"2020-12-22","purchased_purges":1,"victory":false,"max_hp_per_floor":[75,75,75,75,75,75,75,75,75,75,75],"card_choices":[{"not_picked":["Good Instincts","Specialist"],"picked":"Purity","floor":0},{"not_picked":["Barrage","ReplayTheSpireMod:System Scan"],"picked":"Streamline","floor":1},{"not_picked":["Gash","Chaos"],"picked":"BootSequence","floor":2},{"not_picked":["Sunder","Streamline"],"picked":"Leap","floor":5},{"not_picked":["Crystallizer","Static Discharge","Rainbow"],"picked":"SKIP","floor":6},{"not_picked":["ReplayTheSpireMod:System Scan","Turbo"],"picked":"Self Repair","floor":8}],"player_experience":238489,"relics_obtained":[{"floor":6,"key":"Mirror"},{"floor":8,"key":"ReplayFunnel"},{"floor":9,"key":"PreservedInsect"}],"event_choices":[],"is_beta":false,"boss_relics":[],"items_purged_floors":[3],"is_endless":false,"potions_floor_spawned":[1,6],"killed_by":"3 Sentries","ascension_level":5}}