{"host":"fnlf8nl5agtxb8g8","time":1614102989,"event":{"mods":["Act Like it!","BaseMod","Better Altar","Better Match","Better Note","Better Sensory Stone","Better Skull","Better Third Choice","Better Vampires","Downfall","Minty Spire (QoL Compilation)","Quick Restart","Rare Cards Sparkle","StSLib"],"gold_per_floor":[12,12,12,29,44,79,93,93,93,108,182,200,225,242,242,347,347,365,290,290,301,320,354,354,381,406,23,51,51,76,76,76,181,181,193,243,257,0,0,34,34,67,90,90,109,109,40,56,56,56],"floor_reached":51,"language":"ENG","playtime":3065,"items_purged":["bronze:Defend"],"score":873,"play_id":"d4a7052d-07be-4fc6-ad28-8527ca3a45f8","local_time":"20210223115629","is_ascension_mode":false,"campfire_choices":[{"data":"bronze:RecursiveStrike","floor":8,"key":"SMITH"},{"data":"bronze:Goto","floor":15,"key":"SMITH"},{"data":"bronze:Verify","floor":24,"key":"SMITH"},{"data":"bronze:Defend","floor":29,"key":"PURGE"},{"floor":32,"key":"REST"},{"floor":41,"key":"REST"},{"data":"bronze:Defend","floor":44,"key":"PURGE"},{"data":"bronze:ThunderWave","floor":49,"key":"SMITH"}],"circlet_count":0,"master_deck":["bronze:Strike","bronze:Strike","bronze:Strike","bronze:Defend","bronze:Replicate","bronze:Goto+1","bronze:Format+1","bronze:CutThrough","bronze:RecursiveStrike+1","bronze:Turbo","bronze:Repair","bronze:Verify+1","bronze:HyperBeam+1","Deep Breath+1","bronze:ThunderWave+1"],"relics":["bronze:BronzeCore","Mummified Hand","hexamod:CandleOfCauterizing","StrikeDummy","Slimebound:PreparedRelic","sneckomod:SneckoTalon","WingedGreaves","Peace Pipe","Vajra","Chemical X","Tiny Chest","Nunchaku","sneckomod:BlankCard","Busted Crown","FossilizedHelix","Red Mask","Torii","Akabeko","Kunai","Boot"],"acts_visited":["Exordium","TheCity","TheBeyond"],"potions_floor_usage":[6,7,16,28,33,40,40,40,50,50],"damage_taken":[{"damage":1,"enemies":"Jaw Worm","floor":1,"turns":4},{"damage":0,"enemies":"2 Louse","floor":4,"turns":1},{"damage":0,"enemies":"Cultist","floor":5,"turns":2},{"damage":8,"enemies":"Lagavulin","floor":6,"turns":6},{"damage":1,"enemies":"Exordium Wildlife","floor":7,"turns":3},{"damage":13,"enemies":"Red Slaver","floor":10,"turns":2},{"damage":15,"enemies":"Looter","floor":12,"turns":3},{"damage":13,"enemies":"3 Sentries","floor":13,"turns":4},{"damage":2,"enemies":"2 Fungi Beasts","floor":14,"turns":3},{"damage":32,"enemies":"Hexaghost","floor":16,"turns":8},{"damage":0,"enemies":"Spheric Guardian","floor":18,"turns":3},{"damage":0,"enemies":"2 Thieves","floor":21,"turns":2},{"damage":5,"enemies":"Snecko","floor":22,"turns":3},{"damage":14,"enemies":"Book of Stabbing","floor":23,"turns":4},{"damage":27,"enemies":"Gremlin Leader","floor":25,"turns":4},{"damage":36,"enemies":"Slavers","floor":28,"turns":5},{"damage":28,"enemies":"Collector","floor":33,"turns":8},{"damage":0,"enemies":"3 Darklings","floor":35,"turns":2},{"damage":8,"enemies":"Mind Bloom Boss Battle","floor":36,"turns":6},{"damage":45,"enemies":"3 Shapes","floor":37,"turns":2},{"damage":45,"enemies":"Giant Head","floor":40,"turns":7},{"damage":0,"enemies":"Nemesis","floor":42,"turns":3},{"damage":0,"enemies":"3 Darklings","floor":45,"turns":2},{"damage":0,"enemies":"4 Shapes","floor":48,"turns":2},{"damage":35,"enemies":"Time Eater","floor":50,"turns":10}],"seed_played":"5575528413671557707","potions_obtained":[{"floor":3,"key":"FairyPotion"},{"floor":3,"key":"DuplicationPotion"},{"floor":3,"key":"DuplicationPotion"},{"floor":12,"key":"Dexterity Potion"},{"floor":13,"key":"LiquidMemories"},{"floor":14,"key":"Regen Potion"},{"floor":16,"key":"Explosive Potion"},{"floor":28,"key":"LiquidBronze"},{"floor":33,"key":"EntropicBrew"},{"floor":42,"key":"bronze:CleanCodePotion"},{"floor":45,"key":"Swift Potion"}],"is_trial":false,"path_per_floor":["M","?","?","M","M","E","M","R","T","M","T","M","E","M","R","B",null,"M","?","?","M","M","E","R","E","T","$","E","R","T","$","R","B",null,"M","?","M","?","T","E","R","E","T","R","M","?","$","M","R","B",null],"character_chosen":"THE_AUTOMATON","items_purchased":["Chemical X","Tiny Chest","bronze:ThunderWave"],"campfire_rested":2,"item_purchase_floors":[27,27,47],"current_hp_per_floor":[69,69,69,69,69,61,60,60,60,47,47,32,19,24,24,11,70,70,70,70,70,65,58,58,38,38,38,9,9,9,9,30,9,70,70,69,24,24,24,21,42,49,49,49,49,80,80,80,80,45],"gold":56,"neow_bonus":"THREE_RARE_CARDS","is_daily":false,"chose_seed":false,"campfire_upgraded":4,"win_rate":0.0,"timestamp":1614102989,"path_taken":["M","?","?","?","M","E","M","R","T","M","?","M","E","?","R","BOSS","M","?","?","M","M","E","R","E","T","$","E","R","?","$","R","BOSS","M","?","M","?","?","E","R","E","T","R","?","?","?","M","R","BOSS"],"items_purchased_type":["Relic","Relic","Card"],"build_version":"2020-12-22","purchased_purges":1,"victory":true,"max_hp_per_floor":[70,70,70,70,70,70,70,70,70,70,70,70,70,70,70,70,70,70,70,70,70,70,70,70,70,70,70,70,70,70,70,70,70,70,70,70,70,70,70,70,70,70,70,70,70,80,80,80,80,80],"card_choices":[{"not_picked":["bronze:BurnOut","bronze:ShipIt"],"picked":"bronze:Format","floor":0},{"not_picked":["bronze:WildBeam","bronze:BugBarrage","bronze:DelayedGuard"],"picked":"SKIP","floor":1},{"not_picked":["bronze:FollowUp","bronze:FineTuning"],"picked":"bronze:CutThrough","floor":4},{"not_picked":["bronze:Repulsor","bronze:NullPointer","bronze:Philosophize"],"picked":"SKIP","floor":5},{"not_picked":["bronze:DelayedGuard","bronze:DarkDash"],"picked":"bronze:RecursiveStrike","floor":6},{"not_picked":["bronze:Branch","bronze:ItsAFeature","bronze:ForceShield"],"picked":"SKIP","floor":7},{"not_picked":["bronze:Safeguard","bronze:Invalidate"],"picked":"bronze:Turbo","floor":10},{"not_picked":["bronze:MaxOutput","bronze:Invalidate","bronze:Repulsor"],"picked":"SKIP","floor":12},{"not_picked":["bronze:BuggyMess","bronze:OilSpill"],"picked":"bronze:Repair","floor":13},{"not_picked":["bronze:FineTuning","bronze:Frontload","bronze:BronzeArmor"],"picked":"SKIP","floor":14},{"not_picked":["bronze:HyperBeam","bronze:AlphaBuild"],"picked":"bronze:Verify","floor":16},{"not_picked":["bronze:BitShift+1","bronze:CutThrough","bronze:Constructor"],"picked":"SKIP","floor":18},{"not_picked":["bronze:RecursiveStrike+1","bronze:Break+1"],"picked":"bronze:HyperBeam+1","floor":19},{"not_picked":["Impatience+1","Blind+1"],"picked":"Deep Breath+1","floor":19},{"not_picked":["bronze:Flail","bronze:Separator","bronze:Constructor+1"],"picked":"SKIP","floor":21},{"not_picked":["bronze:DarkDash+1","bronze:Fortify","bronze:WhirlingStrike"],"picked":"SKIP","floor":22},{"not_picked":["bronze:Deprecate","bronze:DarkDash","bronze:WildBeam"],"picked":"SKIP","floor":23},{"not_picked":["bronze:Constructor","bronze:BitShift","bronze:ClassDefault+1"],"picked":"SKIP","floor":25},{"not_picked":["bronze:CutThrough","bronze:Branch+1","bronze:Turbo"],"picked":"SKIP","floor":28},{"not_picked":["bronze:CleanCode","bronze:FindAndReplace"],"picked":"bronze:ShipIt","floor":33},{"not_picked":["bronze:BugBarrage"],"picked":"SKIP","floor":35},{"not_picked":["bronze:BitShift"],"picked":"SKIP","floor":37},{"not_picked":["bronze:BuggyMess"],"picked":"SKIP","floor":40},{"not_picked":["bronze:NullPointer+1"],"picked":"SKIP","floor":42},{"not_picked":["bronze:Deprecate"],"picked":"SKIP","floor":45},{"not_picked":["bronze:ForLoop"],"picked":"SKIP","floor":48}],"player_experience":895030,"relics_obtained":[{"floor":6,"key":"Mummified Hand"},{"floor":9,"key":"hexamod:CandleOfCauterizing"},{"floor":11,"key":"StrikeDummy"},{"floor":13,"key":"Slimebound:PreparedRelic"},{"floor":23,"key":"WingedGreaves"},{"floor":25,"key":"Peace Pipe"},{"floor":26,"key":"Vajra"},{"floor":28,"key":"Nunchaku"},{"floor":30,"key":"sneckomod:BlankCard"},{"floor":36,"key":"FossilizedHelix"},{"floor":39,"key":"Torii"},{"floor":40,"key":"Akabeko"},{"floor":42,"key":"Kunai"},{"floor":43,"key":"Boot"}],"event_choices":[{"damage_healed":0,"gold_gain":0,"player_choice":"Grow","damage_taken":0,"max_hp_gain":0,"max_hp_loss":0,"event_name":"Living Wall","floor":2,"gold_loss":0,"cards_upgraded":["bronze:Format"]},{"damage_healed":0,"gold_gain":0,"player_choice":"Got Potions","damage_taken":0,"max_hp_gain":0,"max_hp_loss":0,"event_name":"Lab","floor":3,"gold_loss":0},{"damage_healed":0,"gold_gain":0,"player_choice":"2","damage_taken":0,"max_hp_gain":0,"max_hp_loss":0,"event_name":"betterMatch:BetterMatch","floor":19,"gold_loss":0,"cards_obtained":["betterMatch:ColorlessUncommonCard","betterMatch:RareCard"]},{"cards_removed":["bronze:Strike"],"damage_healed":0,"gold_gain":0,"player_choice":"Offered Basic","damage_taken":0,"max_hp_gain":0,"max_hp_loss":0,"event_name":"Bonfire Elementals","floor":20,"gold_loss":0},{"damage_healed":0,"gold_gain":0,"player_choice":"Fight","damage_taken":0,"max_hp_gain":0,"max_hp_loss":0,"event_name":"MindBloom","floor":36,"gold_loss":0},{"damage_healed":0,"gold_gain":0,"player_choice":"Paid","damage_taken":0,"relics_obtained":["Red Mask"],"max_hp_gain":0,"max_hp_loss":0,"event_name":"Tomb of Lord Red Mask","floor":38,"gold_loss":257}],"is_beta":false,"boss_relics":[{"not_picked":["Velvet Choker","Cursed Key"],"picked":"sneckomod:SneckoTalon"},{"not_picked":["Runic Pyramid","Astrolabe"],"picked":"Busted Crown"}],"items_purged_floors":[27],"is_endless":false,"potions_floor_spawned":[12,13,14,16,18,21,28,33,37,42,45],"ascension_level":0}}