{"host":"p5axfb00mxhraew6","time":1614054908,"event":{"mods":["100% Spire Juice","Abigail Mod","Act Like it!","BaseMod","CapriCore","Friendly Minions","GifTheSpireLib","Jedi Mod","KomeijiMod","MarisaÅiñ∂âJÅ@ñÇóùçπÅj","Minty Spire (QoL Compilation)","Prisma Mod","ReimuÅiîé??öÎÅj","RemiliaÅiÂQïƒ‰ª?Åj","SOSÅiézîb?îVéqÅj","StSLib","Td1madao Mod","The Alterego","The Immortal","The Problem Sleuth","Yakumo Yukari mod"],"gold_per_floor":[140,65,65,13,13,13,48,48,73,100,118,131,46,46,46,117,117,127,27,27,41,41,41,73,73,73,103,116,116,132,143,143,217,217,236,248,301,311,311,311,342,342,342,19,39,65,65,98,98,98,98,98,98,21,49,49],"floor_reached":57,"language":"ENG","playtime":2113,"items_purged":["AT_purpleEX","AT_purpleEX","AT_purpleEX"],"score":2968,"play_id":"474a34d7-da2d-4055-85f5-bbbe0a144d14","local_time":"20210223133508","is_ascension_mode":true,"campfire_choices":[{"data":"Observe_purple_2","floor":6.0,"key":"SMITH"},{"data":"MeetDecomposer_purple","floor":8.0,"key":"SMITH"},{"data":"Umbrella_purple","floor":15.0,"key":"SMITH"},{"data":"CommonSense_AntiCommonSense_purple","floor":23.0,"key":"SMITH"},{"data":"Fancifulhole_purple","floor":32,"key":"SMITH"},{"data":"Nest_LightFlightworm_purple","floor":40,"key":"SMITH"},{"floor":42,"key":"RECALL"},{"data":"RuptureOfTimeAndSpace_purple","floor":49,"key":"SMITH"},{"data":"MonsterNeedle_purple","floor":53,"key":"SMITH"}],"circlet_count":0,"master_deck":["AscendersBane","AT_purpleEX","Defend_purpleEX","Defend_purpleEX","Defend_purpleEX+1","Observe_purple_1","Observe_purple_2+1","Nest_LightFlightworm_purple+1","MeetDecomposer_purple+1","Charmbait_purple","Umbrella_purple+1","StateErode_purple","CommonSense_AntiCommonSense_purple+1","Fancifulhole_purple+1","MNeedle_purple","WangLiang_OokamiKakushi_purple","OmniscientAndOmnipotent_Monster_purple","MeetDecomposer_purple+1","Shallow_ocean_purpleEX","Mirror_TwoAndThreeElementRealm_purple","Nest_LightFlightworm_purple+1","Charmbait_purple+1","RuleDissolution_purple","MonsterNeedle_purple+1","MeetDecomposer_purple","DimensionStaggered_purple","RuptureOfTimeAndSpace_purple+1","Computing_the_future_purpleEX","Anti_communist_purple+1","MNeedle_purple"],"relics":["Boundary_crack","Memoryfragments_purpleEX","NeowsBlessing","ThirstyCross","Bag of Preparation","Blood Vial","Orichalcum","Coffee Dripper","theSleuth:SaltedMelon","Oddly Smooth Stone","PreservedInsect","alterego_mod:SomeoneToFightFor","jedi:hotpepper","Torii","theSleuth:Tectrixcalibur","Mercury Hourglass","ThegodofHakurei_purpleEX","War Paint","Nunchaku","jedi:arcanewood","Bottled Flame"],"acts_visited":["Exordium","TheCity","TheBeyond","TheEnding"],"potions_floor_usage":[46,56],"damage_taken":[{"damage":0.0,"enemies":"Small Slimes","floor":1.0,"turns":1.0},{"damage":18.0,"enemies":"Gremlin Nob","floor":7.0,"turns":1.0},{"damage":13.0,"enemies":"3 Sentries","floor":10.0,"turns":2.0},{"damage":0.0,"enemies":"2 Louse","floor":11.0,"turns":1.0},{"damage":2.0,"enemies":"Jaw Worm","floor":12.0,"turns":2.0},{"damage":7.0,"enemies":"The Guardian","floor":16.0,"turns":6.0},{"damage":1.0,"enemies":"Shell Parasite","floor":18.0,"turns":3.0},{"damage":0.0,"enemies":"3 Byrds","floor":21.0,"turns":3.0},{"damage":25.0,"enemies":"Slavers","floor":24.0,"turns":4.0},{"damage":16.0,"enemies":"Gremlin Leader","floor":27.0,"turns":6.0},{"damage":9,"enemies":"Shelled Parasite and Fungi","floor":28,"turns":4},{"damage":0,"enemies":"Centurion and Healer","floor":30,"turns":3},{"damage":0,"enemies":"Sentry and Sphere","floor":31,"turns":2},{"damage":22,"enemies":"Collector","floor":33,"turns":4},{"damage":0,"enemies":"3 Darklings","floor":35,"turns":3},{"damage":0,"enemies":"Orb Walker","floor":36,"turns":2},{"damage":5,"enemies":"2 Orb Walkers","floor":37,"turns":3},{"damage":10,"enemies":"Maw","floor":38,"turns":3},{"damage":17,"enemies":"Nemesis","floor":41,"turns":3},{"damage":1,"enemies":"3 Darklings","floor":45,"turns":3},{"damage":1,"enemies":"Reptomancer","floor":46,"turns":3},{"damage":0,"enemies":"Giant Head","floor":48,"turns":4},{"damage":12,"enemies":"Awakened One","floor":50,"turns":7},{"damage":19,"enemies":"Time Eater","floor":51,"turns":5},{"damage":13,"enemies":"Shield and Spear","floor":55,"turns":4},{"damage":36,"enemies":"The Heart","floor":56,"turns":6}],"seed_played":"-8219642863506708589","potions_obtained":[{"floor":11.0,"key":"jedi:tentaclejuice"},{"floor":12.0,"key":"Fruit Juice"},{"floor":16.0,"key":"EssenceOfSteel"},{"floor":28,"key":"FearPotion"},{"floor":30,"key":"ColorlessPotion"},{"floor":31,"key":"Ancient Potion"},{"floor":33,"key":"Swift Potion"},{"floor":48,"key":"GamblersBrew"}],"is_trial":false,"path_per_floor":["M","$","?","$","?","R","E","R","T","E","M","M","$","?","R","B",null,"M","$","?","M","$","R","E","?","T","E","M","?","M","M","R","B",null,"M","M","?","M","?","R","E","R","T","$","M","E","?","E","R","B","B",null,"R","$","E","B",null],"character_chosen":"Youkari","items_purchased":["MeetDecomposer_purple","CommonSense_AntiCommonSense_purple","War Paint","DimensionStaggered_purple","MNeedle_purple"],"campfire_rested":0,"item_purchase_floors":[4,13,44,44,54],"current_hp_per_floor":[60,60,60,60,60,60,42,42,42,33,35,37,42,42,42,42,63,69,69,69,70,70,71,51,51,51,40,36,36,39,42,43,23,46,54,54,54,49,49,50,40,41,41,41,54,56,56,56,57,57,40,53,54,54,57,22],"gold":49,"neow_bonus":"THREE_ENEMY_KILL","is_daily":false,"chose_seed":false,"campfire_upgraded":8,"win_rate":0.0,"timestamp":1614054908,"path_taken":["M","$","?","$","?","R","E","R","T","E","M","?","$","?","R","BOSS","M","$","?","M","$","R","E","?","T","E","M","?","?","M","R","BOSS","M","M","?","M","?","R","E","R","T","$","?","E","?","E","R","BOSS","BOSS","R","$","E","BOSS"],"items_purchased_type":["Card","Card","Relic","Card","Card"],"build_version":"2020-12-22","purchased_purges":3,"victory":true,"max_hp_per_floor":[65,65,65,65,65,65,65,65,65,65,65,65,70,70,70,70,70,70,70,70,70,70,71,71,71,71,71,71,71,71,71,72,72,54,54,54,54,54,54,55,55,56,56,56,56,56,56,56,57,57,57,57,58,58,58,58],"card_choices":[{"not_picked":["Worldmountain_purple","MeetDecomposer_purple"],"picked":"Nest_LightFlightworm_purple","floor":1.0},{"not_picked":["Worldmountain_purple","OmniscientAndOmnipotent_Monster_purple"],"picked":"Charmbait_purple","floor":7.0},{"not_picked":["Mirror_Drifter_purple","Mirror_FormAndEmptin_purple","Yakumo_Ran_purple"],"picked":"SKIP","floor":10.0},{"not_picked":["RealityDreamConfluencek_purple","StretchesForeverDream_purple"],"picked":"Umbrella_purple","floor":11.0},{"not_picked":["ExistenceContinue_purple","Boundary_of_Extermination_purpleEX"],"picked":"StateErode_purple","floor":12.0},{"not_picked":["Mirror_TwoAndThreeElementRealm_purple","Computing_the_future_purpleEX"],"picked":"Fancifulhole_purple","floor":16.0},{"not_picked":["StateDuplicate_purple","OmniscientAndOmnipotent_Monster_purple"],"picked":"MNeedle_purple","floor":18.0},{"not_picked":["StateDuplicate_purple","Boundary_of_Extermination_purpleEX","PurpleNeedle_purple"],"picked":"SKIP","floor":21.0},{"not_picked":["MNeedle_purple","Worldmountain_purple","PurpleNeedle_purple"],"picked":"SKIP","floor":24.0},{"not_picked":["Charmbait_purple","Umbrella_purple"],"picked":"WangLiang_OokamiKakushi_purple","floor":27.0},{"not_picked":["MNeedle_purple","AdvanceAttack_purple"],"picked":"OmniscientAndOmnipotent_Monster_purple","floor":28},{"not_picked":["Umbrella_purple","OpenedBox_purple"],"picked":"MeetDecomposer_purple+1","floor":30},{"not_picked":["ButterflyHabitatTemple_purple","AdvanceAttack_purple"],"picked":"Shallow_ocean_purpleEX","floor":31},{"not_picked":["MagicEyes_LaplaceDemon_purple","UniverseChoice_purple"],"picked":"Mirror_TwoAndThreeElementRealm_purple","floor":33},{"not_picked":["Boundary_DynamicStaticEquilibrium_purple","Umbrella_purple"],"picked":"Nest_LightFlightworm_purple","floor":35},{"not_picked":["StateDuplicate_purple","SharpContractionReality_purple"],"picked":"Charmbait_purple+1","floor":36},{"not_picked":["EighthInstrument_OneDividesIntoTwo_purple","Realm_recovery_purpleEX"],"picked":"RuleDissolution_purple","floor":37},{"not_picked":["Worldmountain_purple+1","StateErode_purple+1"],"picked":"MonsterNeedle_purple","floor":38},{"not_picked":["OmniscientAndOmnipotent_Monster_purple+1","LoveAcrossDimensions_purple"],"picked":"MeetDecomposer_purple","floor":41},{"not_picked":["Shallow_ocean_purpleEX","MeetDecomposer_purple"],"picked":"RuptureOfTimeAndSpace_purple","floor":45},{"not_picked":["AdvanceAttack_purple","Boundary_ObjectiveBoundary_purple"],"picked":"Computing_the_future_purpleEX","floor":46},{"not_picked":["DimensionStaggered_purple","Boundary_DynamicStaticEquilibrium_purple"],"picked":"Anti_communist_purple+1","floor":48},{"not_picked":["BarrageBoundary_PipeDream_purple","StateErode_purple","Line_surface_state_purple"],"picked":"SKIP","floor":55}],"player_experience":1258668,"relics_obtained":[{"floor":7.0,"key":"Bag of Preparation"},{"floor":9.0,"key":"Blood Vial"},{"floor":10.0,"key":"Orichalcum"},{"floor":24.0,"key":"Oddly Smooth Stone"},{"floor":27.0,"key":"PreservedInsect"},{"floor":37,"key":"Torii"},{"floor":41,"key":"Mercury Hourglass"},{"floor":43,"key":"ThegodofHakurei_purpleEX"},{"floor":46,"key":"Nunchaku"},{"floor":48,"key":"jedi:arcanewood"},{"floor":55,"key":"Bottled Flame"}],"event_choices":[{"damage_healed":0.0,"max_hp_gain":0.0,"max_hp_loss":0.0,"gold_gain":0.0,"event_name":"Living Wall","player_choice":"Grow","floor":3.0,"gold_loss":0.0,"damage_taken":0.0,"cards_upgraded":["Nest_LightFlightworm_purple"]},{"damage_healed":0.0,"max_hp_gain":0.0,"max_hp_loss":0.0,"gold_gain":0.0,"event_name":"Liars Game","player_choice":"Ignored","floor":14.0,"gold_loss":0.0,"damage_taken":0.0},{"damage_healed":0,"gold_gain":0,"player_choice":"Choice 2","damage_taken":0,"relics_obtained":["alterego_mod:SomeoneToFightFor"],"max_hp_gain":0,"max_hp_loss":0,"event_name":"Secret Garden","floor":29,"gold_loss":0},{"damage_healed":0,"gold_gain":0,"player_choice":"Fight","damage_taken":0,"max_hp_gain":0,"max_hp_loss":0,"event_name":"Mysterious Sphere","floor":37,"gold_loss":0},{"cards_removed":["Defend_purpleEX"],"damage_healed":0,"gold_gain":0,"player_choice":"Removed Skill","damage_taken":0,"max_hp_gain":0,"max_hp_loss":0,"event_name":"Falling","floor":47,"gold_loss":0}],"is_beta":false,"boss_relics":[{"not_picked":["SlaversCollar","Sozu"],"picked":"Coffee Dripper"},{"not_picked":["Runic Pyramid","Seventeenyearold_girl_Forever"],"picked":"jedi:hotpepper"}],"items_purged_floors":[2,19,44],"is_endless":false,"potions_floor_spawned":[11,12,16,28,30,31,33,35,41,48,55],"ascension_level":20}}