{"host":"v4tuy5ykrbdcm9o9","time":1614050658,"event":{"mods":["BaseMod","Duelist Mod","Minty Spire (QoL Compilation)","Replay The Spire","StSLib"],"gold_per_floor":[112,131,131,145,164,194,194,228,255,255,274,300,330,365,365,485,485,514,520,520],"floor_reached":19,"language":"ENG","playtime":2334,"items_purged":[],"score":336,"play_id":"493ccc23-f690-4235-a3fb-0ed1b3f7bee1","local_time":"20210222222418","is_ascension_mode":true,"campfire_choices":[{"floor":10,"key":"RECALL"},{"floor":15,"key":"REST"}],"circlet_count":0,"master_deck":["AscendersBane","Strike_P","Strike_P","Strike_P","Strike_P","Defend_P","Defend_P","Defend_P","Eruption","Vigilance","ThirdEye","FlyingSleeves+1","Establishment","Replay:ManipulateFuture","CutThroughFate","Protect","Perseverance","Replay:ManipulateFuture","Replay:BluntJabs","EmptyBody","FollowUp","Vault","SandsOfTime"],"relics":["PureWater","Kunai","Nunchaku","Replay:Bandana","Replay:WaspNest","Philosopher\u0027s Stone"],"acts_visited":["Exordium","TheCity"],"potions_floor_usage":[6,6,12,13,19],"damage_taken":[{"damage":6,"enemies":"Cultist","floor":1,"turns":3},{"damage":0,"enemies":"2 Louse","floor":2,"turns":5},{"damage":7,"enemies":"Small Slimes","floor":4,"turns":3},{"damage":0,"enemies":"2 Fungi Beasts","floor":5,"turns":3},{"damage":15,"enemies":"Gremlin Nob","floor":6,"turns":3},{"damage":0,"enemies":"Lagavulin","floor":8,"turns":7},{"damage":0,"enemies":"Gremlin Gang","floor":11,"turns":6},{"damage":5,"enemies":"Replay:BlueRogue","floor":12,"turns":5},{"damage":0,"enemies":"Exordium Wildlife","floor":13,"turns":2},{"damage":7,"enemies":"Lagavulin","floor":14,"turns":8},{"damage":45,"enemies":"Fading Forest","floor":16,"turns":11},{"damage":16,"enemies":"Shell Parasite","floor":18,"turns":5},{"damage":100014,"enemies":"3 Byrds","floor":19,"turns":5}],"seed_played":"-6713866908265269690","potions_obtained":[{"floor":2,"key":"Strength Potion"},{"floor":4,"key":"DistilledChaos"},{"floor":8,"key":"EssenceOfSteel"},{"floor":11,"key":"Energy Potion"},{"floor":12,"key":"Fire Potion"},{"floor":18,"key":"SkillPotion"}],"is_trial":false,"path_per_floor":["M","M","?","M","M","E","?","E","T","R","M","E","M","E","R","B",null,"M","M"],"character_chosen":"WATCHER","items_purchased":[],"campfire_rested":1,"item_purchase_floors":[],"current_hp_per_floor":[66,66,66,59,59,44,44,44,44,44,44,39,39,32,55,10,62,46,0,0],"gold":520,"neow_bonus":"TEN_PERCENT_HP_BONUS","is_daily":false,"chose_seed":false,"campfire_upgraded":0,"win_rate":0.0,"timestamp":1614050658,"path_taken":["M","?","?","?","M","E","?","E","T","R","M","E","M","E","R","BOSS","M","M"],"items_purchased_type":[],"build_version":"2020-12-22","purchased_purges":0,"victory":false,"max_hp_per_floor":[79,79,79,79,79,79,79,79,79,79,79,79,79,79,79,79,79,79,79,79],"card_choices":[{"not_picked":["SashWhip","LikeWater"],"picked":"ThirdEye","floor":1},{"not_picked":["WaveOfTheHand","Crescendo"],"picked":"FlyingSleeves","floor":2},{"not_picked":["Replay:Hum","Replay:AtTheReady"],"picked":"Replay:ManipulateFuture","floor":4},{"not_picked":["ClearTheMind","WreathOfFlame"],"picked":"CutThroughFate","floor":5},{"not_picked":["Replay:AllIn","Halt"],"picked":"Protect","floor":6},{"not_picked":["EmptyMind","Evaluate"],"picked":"Perseverance","floor":8},{"not_picked":["Evaluate","Halt"],"picked":"Replay:ManipulateFuture","floor":11},{"not_picked":["Sanctity","Consecrate"],"picked":"Replay:BluntJabs","floor":12},{"not_picked":["CarveReality","Collect"],"picked":"EmptyBody","floor":13},{"not_picked":["Replay:DivineShield","Sanctity"],"picked":"FollowUp","floor":14},{"not_picked":["Wish","MasterReality"],"picked":"Vault","floor":16},{"not_picked":["BowlingBash","ForeignInfluence"],"picked":"SandsOfTime","floor":18}],"player_experience":970417,"relics_obtained":[{"floor":6,"key":"Kunai"},{"floor":8,"key":"Nunchaku"},{"floor":12,"key":"Replay:Bandana"},{"floor":14,"key":"Replay:WaspNest"}],"event_choices":[{"damage_healed":0,"gold_gain":0,"cards_transformed":["Defend_P"],"player_choice":"Transformed","damage_taken":0,"max_hp_gain":0,"max_hp_loss":0,"event_name":"Transmorgrifier","floor":3,"gold_loss":0,"cards_obtained":["Establishment"]}],"is_beta":false,"boss_relics":[{"not_picked":["Painkiller Herb","Coffee Dripper"],"picked":"Philosopher\u0027s Stone"}],"items_purged_floors":[],"is_endless":false,"potions_floor_spawned":[2,4,8,11,12,18],"killed_by":"3 Byrds","ascension_level":10}}