{"host":"22njw49i2r7r2wa8","time":1614064490,"event":{"mods":["2.2 Compatiblity","BaseMod","Colored Map","Minty Spire (QoL Compilation)"],"gold_per_floor":[119,119,2,2,2,33,45,75,87,24,34,61,79,106,106,203,203,222,239,41,53,67,101,101,133,206,206,106,66,66,85,85,184,184,203,203,219,232,248,248,258,258,258,21,36,55,104,104,104,104,104,104,33,60,60,60],"floor_reached":55,"language":"ENG","playtime":6882,"items_purged":["Strike_B","Defend_B","Normality","Pain"],"score":938,"play_id":"fbb97ee2-87bd-4d88-8dd5-bd5185dddbea","local_time":"20210222231450","is_ascension_mode":true,"campfire_choices":[{"data":"Zap","floor":7,"key":"SMITH"},{"data":"Hologram","floor":15,"key":"SMITH"},{"data":"Defragment","floor":24,"key":"SMITH"},{"data":"Consume","floor":27,"key":"SMITH"},{"data":"Hologram","floor":30,"key":"SMITH"},{"data":"Streamline","floor":32,"key":"SMITH"},{"data":"Fission","floor":40,"key":"SMITH"},{"data":"Blizzard","floor":42,"key":"SMITH"},{"floor":49,"key":"RECALL"},{"data":"Cold Snap","floor":52,"key":"SMITH"}],"circlet_count":0,"master_deck":["Strike_B+1","Strike_B","Strike_B","Defend_B","Defend_B","Defend_B","Zap+1","Dualcast","Streamline+1","Defragment+1","Hologram+1","Cold Snap","Cold Snap","Conserve Battery","Capacitor","Blizzard+1","Machine Learning+1","Conserve Battery+1","Chill+1","Cold Snap+1","Consume+1","Hologram+1","Reboot","Fission+1","Parasite","Cold Snap+1","Purity"],"relics":["Cracked Core","NeowsBlessing","Mercury Hourglass","MawBank","Anchor","The Courier","Frozen Egg 2","Cursed Key","Runic Capacitor","Question Card","Blue Candle","Bottled Lightning","Philosopher\u0027s Stone","Vajra","Gambling Chip","Pocketwatch"],"acts_visited":["Exordium","TheCity","TheBeyond","TheEnding"],"potions_floor_usage":[14,16,18,33,33,33,39,50,55],"damage_taken":[{"damage":0,"enemies":"Small Slimes","floor":1,"turns":1},{"damage":0,"enemies":"Lagavulin","floor":6,"turns":1},{"damage":0,"enemies":"Cultist","floor":8,"turns":1},{"damage":0,"enemies":"Jaw Worm","floor":11,"turns":2},{"damage":9,"enemies":"3 Sentries","floor":12,"turns":8},{"damage":13,"enemies":"Blue Slaver","floor":13,"turns":3},{"damage":19,"enemies":"Lagavulin","floor":14,"turns":5},{"damage":3,"enemies":"Hexaghost","floor":16,"turns":11},{"damage":5,"enemies":"3 Byrds","floor":18,"turns":4},{"damage":0,"enemies":"Spheric Guardian","floor":19,"turns":3},{"damage":5,"enemies":"Chosen and Byrds","floor":21,"turns":5},{"damage":2,"enemies":"Snecko","floor":22,"turns":4},{"damage":14,"enemies":"Gremlin Leader","floor":23,"turns":7},{"damage":3,"enemies":"Slavers","floor":25,"turns":5},{"damage":0,"enemies":"Cultist and Chosen","floor":31,"turns":5},{"damage":1,"enemies":"Collector","floor":33,"turns":10},{"damage":9,"enemies":"3 Shapes","floor":35,"turns":4},{"damage":0,"enemies":"3 Darklings","floor":37,"turns":4},{"damage":8,"enemies":"4 Shapes","floor":38,"turns":4},{"damage":21,"enemies":"Writhing Mass","floor":39,"turns":9},{"damage":0,"enemies":"Jaw Worm Horde","floor":41,"turns":3},{"damage":0,"enemies":"Sphere and 2 Shapes","floor":45,"turns":3},{"damage":0,"enemies":"Transient","floor":46,"turns":5},{"damage":4,"enemies":"2 Orb Walkers","floor":47,"turns":4},{"damage":7,"enemies":"Donu and Deca","floor":50,"turns":9},{"damage":36,"enemies":"Shield and Spear","floor":54,"turns":9},{"damage":30,"enemies":"The Heart","floor":55,"turns":2}],"seed_played":"-4703806445495416607","potions_obtained":[{"floor":1,"key":"LiquidMemories"},{"floor":2,"key":"DuplicationPotion"},{"floor":2,"key":"FocusPotion"},{"floor":12,"key":"DistilledChaos"},{"floor":22,"key":"Energy Potion"},{"floor":23,"key":"DistilledChaos"},{"floor":25,"key":"ColorlessPotion"},{"floor":38,"key":"ColorlessPotion"},{"floor":39,"key":"Energy Potion"},{"floor":41,"key":"Strength Potion"}],"is_trial":false,"path_per_floor":["M","?","$","T","$","E","R","M","T","$","M","E","M","E","R","B",null,"M","M","$","M","M","E","R","E","T","R","$","?","R","M","R","B",null,"M","?","M","M","M","R","M","R","T","$","M","M","?","?","R","B",null,"R","$","E","B"],"character_chosen":"DEFECT","items_purchased":["Defragment","Hologram","Runic Capacitor","Vajra","Purity"],"campfire_rested":0,"item_purchase_floors":[3,3,20,44,53],"current_hp_per_floor":[68,68,68,68,68,68,68,68,68,68,68,59,46,27,27,24,62,57,57,57,52,50,36,36,33,33,33,33,33,33,33,33,32,64,55,55,55,47,26,26,26,26,26,26,26,26,22,66,66,59,64,64,64,28,0,0],"gold":60,"neow_bonus":"THREE_ENEMY_KILL","is_daily":false,"chose_seed":false,"campfire_upgraded":9,"win_rate":0.0,"timestamp":1614064490,"path_taken":["M","?","$","?","?","E","R","M","T","$","M","E","M","E","R","BOSS","M","M","$","M","M","E","R","E","T","R","$","?","R","?","R","BOSS","M","?","?","M","M","R","?","R","T","$","M","M","?","?","R","BOSS","R","$","E","BOSS"],"items_purchased_type":["Card","Card","Relic","Relic","Card"],"build_version":"2020-12-22","purchased_purges":4,"victory":false,"max_hp_per_floor":[75,75,75,75,75,75,75,75,75,75,75,75,75,75,75,75,75,75,75,75,75,75,75,75,75,75,75,75,75,75,75,75,75,75,75,75,75,75,75,75,75,75,75,75,75,75,75,66,66,66,66,66,66,66,66,66],"card_choices":[{"not_picked":["Darkness","Rebound"],"picked":"Streamline","floor":1},{"not_picked":["Rebound","Barrage"],"picked":"Cold Snap","floor":6},{"not_picked":["Beam Cell","Conserve Battery"],"picked":"Cold Snap","floor":8},{"not_picked":["Reprogram","Rebound"],"picked":"Conserve Battery","floor":11},{"not_picked":["Force Field","Chill"],"picked":"Capacitor","floor":12},{"not_picked":["Coolheaded","Loop"],"picked":"Blizzard","floor":13},{"not_picked":["Sunder","Thunder Strike","White Noise"],"picked":"SKIP","floor":14},{"not_picked":["Thunder Strike","Rainbow"],"picked":"Machine Learning+1","floor":16},{"not_picked":["Rebound","Heatsinks+1","Genetic Algorithm+1"],"picked":"SKIP","floor":18},{"not_picked":["Rebound","Storm+1"],"picked":"Conserve Battery","floor":19},{"not_picked":["Static Discharge+1","Beam Cell"],"picked":"Chill+1","floor":21},{"not_picked":["Self Repair+1","Seek"],"picked":"Cold Snap","floor":22},{"not_picked":["Stack","Streamline"],"picked":"Consume","floor":23},{"not_picked":["Turbo","Rip and Tear+1","Self Repair+1"],"picked":"Hologram","floor":25},{"not_picked":["Storm+1","Compile Driver+1","Conserve Battery+1","Stack"],"picked":"SKIP","floor":31},{"not_picked":["Multi-Cast","Biased Cognition+1","Hyperbeam"],"picked":"Reboot","floor":33},{"not_picked":["Steam","Static Discharge+1","Turbo+1","Reprogram"],"picked":"SKIP","floor":35},{"not_picked":["Steam","Compile Driver+1","Rebound","Redo"],"picked":"SKIP","floor":37},{"not_picked":["Coolheaded","Stack","Blizzard"],"picked":"Fission","floor":38},{"not_picked":["Static Discharge+1","Hologram+1","Beam Cell","Conserve Battery+1"],"picked":"SKIP","floor":39},{"not_picked":["Go for the Eyes","Hologram+1","Redo"],"picked":"Cold Snap+1","floor":41},{"not_picked":["Doom and Gloom+1","Hologram","Beam Cell","Ball Lightning+1"],"picked":"SKIP","floor":45},{"not_picked":["Streamline","Sunder+1","Doom and Gloom","Skim+1"],"picked":"SKIP","floor":46},{"not_picked":["Barrage","Hologram","Coolheaded","Rebound+1"],"picked":"SKIP","floor":54}],"player_experience":532508,"relics_obtained":[{"floor":4,"key":"Mercury Hourglass"},{"floor":6,"key":"MawBank"},{"floor":9,"key":"Anchor"},{"floor":12,"key":"The Courier"},{"floor":14,"key":"Frozen Egg 2"},{"floor":23,"key":"Question Card"},{"floor":25,"key":"Blue Candle"},{"floor":26,"key":"Bottled Lightning"},{"floor":47,"key":"Gambling Chip"},{"floor":54,"key":"Pocketwatch"}],"event_choices":[{"damage_healed":0,"gold_gain":0,"player_choice":"Got Potions","damage_taken":0,"max_hp_gain":0,"max_hp_loss":0,"event_name":"Lab","floor":2,"gold_loss":0},{"damage_healed":0,"gold_gain":0,"player_choice":"Upgraded Two","damage_taken":0,"max_hp_gain":0,"max_hp_loss":0,"event_name":"Designer","floor":29,"gold_loss":40,"cards_upgraded":["Conserve Battery","Strike_B"]},{"damage_healed":0,"gold_gain":0,"player_choice":"Ignored","damage_taken":0,"max_hp_gain":0,"max_hp_loss":0,"event_name":"SecretPortal","floor":36,"gold_loss":0},{"damage_healed":0,"gold_gain":0,"player_choice":"Fight","damage_taken":0,"max_hp_gain":0,"max_hp_loss":0,"event_name":"Mysterious Sphere","floor":47,"gold_loss":0},{"damage_healed":66,"gold_gain":0,"player_choice":"Heal","damage_taken":0,"max_hp_gain":0,"max_hp_loss":9,"event_name":"The Moai Head","floor":48,"gold_loss":0}],"is_beta":false,"boss_relics":[{"not_picked":["Fusion Hammer","Black Star"],"picked":"Cursed Key"},{"not_picked":["SlaversCollar","FrozenCore"],"picked":"Philosopher\u0027s Stone"}],"items_purged_floors":[10,20,28,44],"is_endless":false,"potions_floor_spawned":[1,8,12,22,23,25,38,39,41],"killed_by":"The Heart","ascension_level":6}}