{"host":"8is2j71l4wmybkoi","time":1614066705,"event":{"mods":["AchievementEnabler","BaseMod","Colored Map","DeckTracker","Minty Spire (QoL Compilation)","Rare Cards Sparkle","Relic Stats","StSLib","SuperFastMode"],"gold_per_floor":[112,129,143,68,83,114,114,114,114,126,155,7,7,33,33,33,33],"floor_reached":16,"language":"KOR","playtime":463,"items_purged":[],"score":210,"play_id":"2f4a8cee-de70-4b59-acb6-9451c77170e4","local_time":"20210223165145","is_ascension_mode":true,"campfire_choices":[{"data":"Armaments","floor":8,"key":"SMITH"},{"data":"Intimidate","floor":13,"key":"SMITH"},{"data":"Evolve","floor":15,"key":"SMITH"}],"circlet_count":0,"master_deck":["AscendersBane","Strike_R","Strike_R","Strike_R","Strike_R","Defend_R","Defend_R","Defend_R","Defend_R","Bash","Immolate","Wild Strike","Armaments+1","Evolve+1","Seeing Red","Power Through","Intimidate+1","Impervious"],"relics":["Burning Blood","Paper Frog","Frozen Egg 2","Bronze Scales","Vajra","Self Forming Clay"],"acts_visited":["Exordium"],"potions_floor_usage":[16],"damage_taken":[{"damage":11.0,"enemies":"Jaw Worm","floor":1.0,"turns":4.0},{"damage":0.0,"enemies":"2 Louse","floor":2.0,"turns":1.0},{"damage":0.0,"enemies":"Cultist","floor":3.0,"turns":2.0},{"damage":1.0,"enemies":"Looter","floor":5.0,"turns":4.0},{"damage":5.0,"enemies":"Gremlin Nob","floor":6.0,"turns":3.0},{"damage":12,"enemies":"Red Slaver","floor":10,"turns":4},{"damage":32,"enemies":"Lagavulin","floor":11,"turns":6},{"damage":25,"enemies":"3 Sentries","floor":14,"turns":5},{"damage":25,"enemies":"Slime Boss","floor":16,"turns":6}],"seed_played":"-2630101150685046646","potions_obtained":[{"floor":2.0,"key":"LiquidMemories"},{"floor":3.0,"key":"AttackPotion"},{"floor":10,"key":"Ancient Potion"}],"is_trial":false,"path_per_floor":["M","M","M","?","M","E","?","R","T","M","E","$","R","E","R","B"],"character_chosen":"IRONCLAD","items_purchased":["Vajra"],"campfire_rested":0,"item_purchase_floors":[12],"current_hp_per_floor":[63,69,75,75,75,75,75,75,75,69,43,43,43,24,24,0,0],"gold":33,"neow_bonus":"ONE_RANDOM_RARE_CARD","is_daily":false,"chose_seed":false,"campfire_upgraded":3,"win_rate":0.0,"timestamp":1614066705,"path_taken":["M","M","M","?","M","E","?","R","T","M","E","$","R","E","R","BOSS"],"items_purchased_type":["Relic"],"build_version":"2020-12-22","purchased_purges":0,"victory":false,"max_hp_per_floor":[75,75,75,75,75,75,75,75,75,75,75,75,75,75,75,75,75],"relic_stats":{"counters":[9,35],"Self Forming Clay":[3],"Bronze Scales":[15],"obtain_stats":[{"Self Forming Clay":14,"Bronze Scales":11,"Vajra":12,"Frozen Egg 2":9,"Burning Blood":0,"Paper Frog":6},{"Self Forming Clay":8,"Bronze Scales":7,"Vajra":7,"Frozen Egg 2":5,"Burning Blood":0,"Paper Frog":5},{"Self Forming Clay":29,"Bronze Scales":24,"Vajra":24,"Frozen Egg 2":14,"Burning Blood":0,"Paper Frog":14}],"Burning Blood":42},"card_choices":[{"not_picked":["Heavy Blade","Iron Wave"],"picked":"Wild Strike","floor":1.0},{"not_picked":["Whirlwind","Clash"],"picked":"Armaments","floor":2.0},{"not_picked":["Perfected Strike","Rampage","Heavy Blade"],"picked":"SKIP","floor":3.0},{"not_picked":["Hemokinesis","Second Wind"],"picked":"Evolve","floor":5.0},{"not_picked":["Clothesline","Shrug It Off"],"picked":"Seeing Red","floor":6.0},{"not_picked":["Reckless Charge","Intimidate"],"picked":"Power Through","floor":10},{"not_picked":["Clash","Headbutt"],"picked":"Intimidate","floor":11},{"not_picked":["Body Slam","Flex"],"picked":"Impervious","floor":14}],"player_experience":1307004,"relics_obtained":[{"floor":6.0,"key":"Paper Frog"},{"floor":9,"key":"Frozen Egg 2"},{"floor":11,"key":"Bronze Scales"},{"floor":14,"key":"Self Forming Clay"}],"event_choices":[{"cards_removed":["Strike_R"],"damage_healed":0.0,"max_hp_gain":0.0,"max_hp_loss":0.0,"gold_gain":0.0,"event_name":"The Cleric","player_choice":"Card Removal","floor":4.0,"gold_loss":75.0,"damage_taken":0.0},{"damage_healed":0,"gold_gain":0,"player_choice":"0 cards matched","damage_taken":0,"max_hp_gain":0,"max_hp_loss":0,"event_name":"Match and Keep!","floor":7,"gold_loss":0,"cards_obtained":[]}],"is_beta":false,"boss_relics":[],"items_purged_floors":[],"is_endless":false,"potions_floor_spawned":[2,3,5,10],"killed_by":"Slime Boss","ascension_level":15}}