{"host":"xwl7b08i4vco8s3a","time":1614100383,"event":{"mods":["BaseMod","Colored Powertips","Downfall","Hermit","Minty Spire (QoL Compilation)","Replay The Spire","StSLib","Wandering Minibosses"],"gold_per_floor":[99,99,99,116,130,144,144,175,175,75,74,82,82,91,99,188,188,88,97,112,92,92,82,82,82],"floor_reached":23,"language":"ENG","playtime":994,"items_purged":[],"score":195,"play_id":"97ddfed5-09f6-4789-baeb-845b5b0cbc23","local_time":"20210223181303","is_ascension_mode":false,"campfire_choices":[{"floor":1.0,"key":"RECALL"},{"data":"Guardian:FloatingOrbs","floor":10.0,"key":"SMITH"},{"floor":13,"key":"REST"},{"data":"Guardian:StasisEngine","floor":18,"key":"SMITH"}],"circlet_count":0,"master_deck":["Guardian:Strike_Guardian","Guardian:Strike_Guardian","Guardian:Strike_Guardian","Guardian:Strike_Guardian","Guardian:Defend_Guardian","Guardian:Defend_Guardian","Guardian:Defend_Guardian","Guardian:CurlUp","Guardian:TwinSlam","Guardian:FloatingOrbs+1","Guardian:Harden","Guardian:EvasiveProtocol","Guardian:Gem_Red","Guardian:StasisEngine+1","Guardian:VentSteam","Guardian:Orbwalk","Guardian:PrimingBeam","Guardian:RevengeProtocol","Guardian:ArmoredProtocol+1","Guardian:Gem_Purple","RitualDagger"],"relics":["Guardian:ModeShifter","ReplayTheSpireMod:Ring of Exchange","ReplayTheSpireMod:Ring of Challenge","Pen Nib","downfall:HeartBlessingGreen","Black Star","downfall:HeartBlessingRed"],"acts_visited":["Exordium","TheCity"],"potions_floor_usage":[16,16,16,21],"damage_taken":[{"damage":2.0,"enemies":"Small Slimes","floor":4.0,"turns":3.0},{"damage":1.0,"enemies":"Cultist","floor":5.0,"turns":3.0},{"damage":0.0,"enemies":"2 Louse","floor":6.0,"turns":4.0},{"damage":35.0,"enemies":"Gremlin Nob","floor":8.0,"turns":6.0},{"damage":5.0,"enemies":"downfall:LooterAlt","floor":9.0,"turns":5.0},{"damage":1.0,"enemies":"3 Louse","floor":11.0,"turns":7.0},{"damage":14,"enemies":"Exordium Thugs","floor":12,"turns":6},{"damage":7,"enemies":"Blue Slaver","floor":14,"turns":5},{"damage":9,"enemies":"2 Fungi Beasts","floor":15,"turns":4},{"damage":17,"enemies":"DF_ARCHETYPE_STREAMLINE","floor":16,"turns":9},{"damage":10,"enemies":"Chosen","floor":19,"turns":4},{"damage":15,"enemies":"3 Byrds","floor":20,"turns":5},{"damage":0,"enemies":"downfall:FleeingMerchant","floor":21,"turns":4},{"damage":67,"enemies":"Gremlin Leader","floor":23,"turns":7}],"seed_played":"5095364019929028468","potions_obtained":[{"floor":5.0,"key":"Guardian:DefensiveModePotion"},{"floor":9.0,"key":"champ:CounterPotion"},{"floor":11,"key":"AttackPotion"},{"floor":15,"key":"LifebloodPotion"},{"floor":16,"key":"BlessingOfTheForge"},{"floor":19,"key":"Fire Potion"}],"is_trial":false,"path_per_floor":["R","?","?","M","M","M","T","E","M","R","M","M","R","M","M","B",null,"R","M","M","$","?","E"],"character_chosen":"GUARDIAN","items_purchased":[],"campfire_rested":1,"item_purchase_floors":[],"current_hp_per_floor":[88,88,88,86,85,85,85,50,45,45,44,30,56,49,40,23,88,88,78,63,63,57,0,0,0],"gold":82,"neow_bonus":"TEN_PERCENT_HP_BONUS","is_daily":false,"chose_seed":false,"campfire_upgraded":2,"win_rate":0.0,"timestamp":1614100383,"path_taken":["R","?","?","M","M","M","T","E","M","R","M","M","R","?","M","BOSS","R","M","M","$","?","E"],"items_purchased_type":[],"build_version":"2020-12-22","purchased_purges":0,"victory":false,"max_hp_per_floor":[88,88,88,88,88,88,88,88,88,88,88,88,88,88,88,88,88,88,88,88,88,88,88,88,88],"card_choices":[{"not_picked":["Guardian:TemporalShield","Guardian:WalkerClaw"],"picked":"Guardian:FloatingOrbs","floor":4.0},{"not_picked":["Guardian:PiercingHide","Guardian:Incinerate"],"picked":"Guardian:Harden","floor":5.0},{"not_picked":["Guardian:ChargeUp","Guardian:Gem_Crimson"],"picked":"Guardian:EvasiveProtocol","floor":6.0},{"not_picked":["Guardian:TimeBomb","Guardian:PrimingBeam"],"picked":"Guardian:Gem_Red","floor":8.0},{"not_picked":["Guardian:ChargeCore","Guardian:Gem_Red"],"picked":"Guardian:StasisEngine","floor":9.0},{"not_picked":["Guardian:Planning","Guardian:Recover"],"picked":"Guardian:VentSteam","floor":11},{"not_picked":["Guardian:RollAttack","Guardian:TemporalShield"],"picked":"Guardian:Orbwalk","floor":12},{"not_picked":["Guardian:Reroute","Guardian:Suspension"],"picked":"Guardian:PrimingBeam","floor":14},{"not_picked":["Guardian:StasisField","Guardian:TemporalShield","Guardian:Planning"],"picked":"SKIP","floor":15},{"not_picked":["Guardian:Gem_Orange","Guardian:ExploitGems"],"picked":"Guardian:RevengeProtocol","floor":16},{"not_picked":["Guardian:Planning","Guardian:ShieldCharger"],"picked":"Guardian:ArmoredProtocol+1","floor":19},{"not_picked":["Guardian:Gem_Lightblue","Guardian:Orbwalk","Guardian:GuardianWhirl"],"picked":"SKIP","floor":20},{"not_picked":["Guardian:Reroute+1","Guardian:GuardianWhirl"],"picked":"Guardian:Gem_Purple","floor":21}],"player_experience":458578,"relics_obtained":[{"floor":2.0,"key":"ReplayTheSpireMod:Ring of Exchange"},{"floor":2.0,"key":"ReplayTheSpireMod:Ring of Challenge"},{"floor":8.0,"key":"Pen Nib"}],"event_choices":[{"cards_removed":["Guardian:Defend_Guardian"],"damage_healed":0.0,"max_hp_gain":0.0,"max_hp_loss":0.0,"gold_gain":0.0,"event_name":"Bonfire Elementals","player_choice":"Offered Basic","floor":3.0,"gold_loss":0.0,"damage_taken":0.0}],"is_beta":false,"boss_relics":[{"not_picked":["Replay:Bronze Core","bronze:MakeshiftBattery"],"picked":"Black Star"}],"items_purged_floors":[],"is_endless":false,"potions_floor_spawned":[5,9,11,15,16,19],"killed_by":"Gremlin Leader","ascension_level":0}}