{"host":"px2oznrenyeljk7o","time":1614106002,"event":{"mods":["100% Spire Juice","2.2 Compatiblity","A Penny For Your Troubles","AchievementEnabler","Act Like it!","Arknights","Aspiration","Astrologer","BaseMod","Better Altar","Better Match","Better Note","Better Sensory Stone","Better Skull","Better Third Choice","BetterRewards","Bossed Relics","ChefMod","Colored Map","Conspire","Curses Come First","Energized Spire","Evolution","Fireblade Mod","Fox Events","GifTheSpireLib","GungeonMod","Hermit","KinomotoSakuraMod(????)","Koishi","LagranYue(???·?)","Lobotomy","LobotomyExtend","Luminous","Marisa????????","Minty Spire (QoL Compilation)","Nova Terra(??·??)","Poor People Problems","Potionbrewer","Prisma Mod","Quick Restart","Random Character Button","Rare Cards Sparkle","Reimu??????","Reliquary","Replay The Spire","Robot Space Explorer","Shade Mod","Shapeshifter Mod","Small Relic Pack","Somnambulant","Spicy Shops","StSLib","Stuff the Spire","The Administrix","The Alterego","The Animator","The Blackbeard","The Blue Laboratory","The Bug Knight","The Clintock","The Construct","The Cursed","The Death Knight","The Disciple","The Florist","The Gatherer","The Hayseed","The Hierophant","The Jungle","The Marked","The Mystic","The Runesmith","The Servant 0.9.4","The Trickster","TheFirefly","TheSurvivalist","TheWitcher","WarShipGirlsR/????R mod","Wide Potions","Yakumo Yukari mod","Yuri Mod","everything is the same but u backflip on backflip","slay the spire mod where everything is the same but ironclad has a cowboy hat","??????REMEMod"],"gold_per_floor":[120,135,154,165,180,180,199,233,233,233,233,250,152,168,168,266,266,285,305,305,305,318,318,336,348,372,40,57,57,57,67,67,164,164,176,196,196,208,228,228,242,253,325,325,339,22,22,22,22,22,22],"floor_reached":50,"language":"ENG","playtime":5967,"items_purged":["Parasite"],"score":554,"play_id":"ef0d07cc-4a2b-456f-a6c8-e3b05bcdf087","local_time":"20210223194642","is_ascension_mode":false,"campfire_choices":[{"data":"yuri:CalmingAura","floor":6.0,"key":"SMITH"},{"floor":10.0,"key":"REST"},{"data":"yuri:Oolong","floor":15.0,"key":"SMITH"},{"floor":23.0,"key":"REST"},{"floor":29.0,"key":"REST"},{"floor":32.0,"key":"DIG"},{"floor":40,"key":"REST"},{"floor":44,"key":"REST"},{"floor":47,"key":"REST"},{"floor":49,"key":"REST"}],"circlet_count":0,"master_deck":["yuri:yuriQuickStrike","yuri:yuriQuickStrike","yuri:yuriStrike","yuri:yuriStrike","yuri:yuriStrike","yuri:yuriDefend","yuri:yuriDefend","yuri:yuriDefend","yuri:yuriDefend","yuri:yuriDefend","yuri:Oolong+1","yuri:yuriStab","Moonworks:Wanted","yuri:MPose","yuri:DejaVu","yuri:HeavierStrike","yuri:yuriHeavyStrike","yuri:CalmingAura+1","yuri:ThrowingKnives","yuri:BrokenCode","yuri:BookBlue+1","yuri:Stare","yuri:Stalk","yuri:Stalk","yuri:DuplicateCode+1","yuri:MultiDip","yuri:BookBlue+1","yuri:RepairCode+1","yuri:GlitchedStrike","yuri:MagneticKnives+1","yuri:BookPurple+1","Chrysalis","yuri:ArmBrace","yuri:HoldBack+1","clintock:Epidemic+1","yuri:SturdyUniform+1","yuri:GlitchRemove+1","yuri:UnstableStrike+1","yuri:CalmingAura+1","yuri:NoEscape","yuri:CorruptHitbox","yuri:Stare","yuri:ThornRemove+1","yuri:MPose+1","Mayhem+1","yuri:Parry"],"relics":["yuri:yuriKnife","EVO:Axolotl","REME_ComplimentaryCards","StuffTheSpire:OccultApparatus","aspiration:Nostalgia","alterego_mod:MasochisticConstitution","LetterFromLob","DemoMod:ClearGuonStone","Frozen Egg 2","Gaze_r","Honey Jar","Blood Vial","reliquary:Aerogel","Ancient Tea Set","construct:ClawGrip","Divine Protection"],"acts_visited":["Exordium","theJungle:Jungle","TheBeyond"],"potions_floor_usage":[42,50],"damage_taken":[{"damage":2.0,"enemies":"Cultist","floor":1.0,"turns":3.0},{"damage":2.0,"enemies":"Small Slimes","floor":2.0,"turns":3.0},{"damage":3.0,"enemies":"Jaw Worm","floor":3.0,"turns":5.0},{"damage":1.0,"enemies":"Blue Slaver","floor":4.0,"turns":3.0},{"damage":2.0,"enemies":"Large Slime","floor":5.0,"turns":4.0},{"damage":3.0,"enemies":"Lots of Slimes","floor":7.0,"turns":4.0},{"damage":12.0,"enemies":"3 Sentries","floor":8.0,"turns":9.0},{"damage":7.0,"enemies":"Red Slaver","floor":11.0,"turns":5.0},{"damage":6.0,"enemies":"Red Slaver","floor":12.0,"turns":6.0},{"damage":4.0,"enemies":"Looter","floor":14.0,"turns":3.0},{"damage":40.0,"enemies":"Hexaghost","floor":16.0,"turns":8.0},{"damage":9.0,"enemies":"theJungle:Flameango_and_Byrd","floor":18.0,"turns":5.0},{"damage":4.0,"enemies":"Shell Parasite","floor":19.0,"turns":4.0},{"damage":13.0,"enemies":"theJungle:Snecko_Cultist_And_Trap","floor":22.0,"turns":5.0},{"damage":3.0,"enemies":"theJungle:Lyon","floor":24.0,"turns":3.0},{"damage":6.0,"enemies":"theJungle:SlimyTreeVines","floor":25.0,"turns":6.0},{"damage":17.0,"enemies":"theJungle:2_Snecko_Cultists","floor":28.0,"turns":3.0},{"damage":4.0,"enemies":"theJungle:JungleHuntersEncounter","floor":31.0,"turns":4.0},{"damage":7.0,"enemies":"theJungle:FunGuy","floor":33.0,"turns":9.0},{"damage":17,"enemies":"3 Shapes","floor":35,"turns":8},{"damage":9,"enemies":"Orb Walker","floor":36,"turns":4},{"damage":30,"enemies":"Transient","floor":38,"turns":5},{"damage":14,"enemies":"Writhing Mass","floor":39,"turns":6},{"damage":44,"enemies":"4 Shapes","floor":41,"turns":5},{"damage":21,"enemies":"Jaw Worm Horde","floor":42,"turns":5},{"damage":47,"enemies":"Spire Growth","floor":45,"turns":5},{"damage":110,"enemies":"Donu and Deca","floor":50,"turns":10}],"seed_played":"-6353011108013351524","potions_obtained":[{"floor":2.0,"key":"Weak Potion"},{"floor":3.0,"key":"blueLaboratory:BottleOfVodka"},{"floor":4.0,"key":"potionbrewer:CleansingPotion"},{"floor":14.0,"key":"blueLaboratory:HeartbeatPotion"},{"floor":16.0,"key":"potionbrewer:EndurancePotion"},{"floor":22.0,"key":"potionbrewer:ToxicPotion"},{"floor":25.0,"key":"Toxic Potion"},{"floor":28.0,"key":"Cursed Concoction"},{"floor":38,"key":"blueLaboratory:AbyssPotion"},{"floor":41,"key":"Strength Potion"},{"floor":45,"key":"blueLaboratory:FruitPunch"}],"is_trial":false,"path_per_floor":["M","M","M","M","M","R","M","E","T","R","M","M","$","M","R_BF","B",null,"M","M","?","?","M","R","M","M","T","$","M","R","?","M","R_BF","B",null,"M","M","?","M","M","R","M","M","T","R","M","$","R","$","R","B"],"character_chosen":"YURI","items_purchased":["yuri:Stare","yuri:Stalk","yuri:BookPurple+1","Chrysalis","yuri:ArmBrace","Mayhem+1","yuri:Parry"],"campfire_rested":7,"item_purchase_floors":[13,13,27,27,27,46,46],"current_hp_per_floor":[79,78,80,83,82,82,84,77,77,87,88,85,85,86,86,54,91,83,87,87,87,81,94,92,93,93,93,79,97,97,98,98,92,99,83,84,84,64,60,90,63,45,45,76,39,39,69,69,99,0,0],"gold":22,"neow_bonus":"NOSTALGIA","is_daily":false,"chose_seed":false,"campfire_upgraded":2,"win_rate":0.0,"timestamp":1614106002,"path_taken":["M","M","M","M","M","R","M","E","T","R","M","?","$","M","R_BF","BOSS","M","M","?","?","M","R","M","?","T","?","M","R","?","M","R_BF","BOSS","M","M","?","M","M","R","M","M","T","R","M","$","R","$","R","BOSS"],"items_purchased_type":["Card","Card","Card","Card","Card","Card","Card"],"build_version":"2020-12-22","purchased_purges":1,"victory":false,"max_hp_per_floor":[81,82,83,84,85,85,86,87,87,87,88,89,89,90,90,91,91,92,93,93,93,94,94,95,96,96,96,97,97,97,98,98,99,99,100,101,101,102,103,103,104,105,105,105,106,103,103,103,103,105,105],"card_choices":[{"not_picked":["yuri:UnstableStrike","yuri:RepairCode"],"picked":"yuri:MPose","floor":1.0},{"not_picked":["yuri:UnstableStrike","yuri:Skip"],"picked":"yuri:DejaVu","floor":2.0},{"not_picked":["yuri:Skip","yuri:UnstableStrike"],"picked":"yuri:HeavierStrike","floor":3.0},{"not_picked":["yuri:WickedSlash","yuri:RecklessStrike"],"picked":"yuri:yuriHeavyStrike","floor":4.0},{"not_picked":["yuri:MultiDip","yuri:yuriHeavyStrike"],"picked":"yuri:CalmingAura","floor":5.0},{"not_picked":["yuri:ReloadGame","yuri:RelentlessStrikes"],"picked":"yuri:ThrowingKnives","floor":7.0},{"not_picked":["yuri:ChibiInvasion","yuri:ConsumeGlitch"],"picked":"yuri:BrokenCode","floor":8.0},{"not_picked":["yuri:ThornRemove","yuri:RecklessStrike"],"picked":"yuri:BookBlue+1","floor":12.0},{"not_picked":["yuri:CorruptHitbox","yuri:DebugCard"],"picked":"yuri:Stalk","floor":14.0},{"not_picked":["yuri:ConsumeGlitch","yuri:BlackTea"],"picked":"yuri:DuplicateCode","floor":16.0},{"not_picked":["yuri:NerfBat","yuri:CorruptHitbox","yuri:ThrowingKnives"],"picked":"yuri:MultiDip","floor":18.0},{"not_picked":["yuri:ChibiInvasion","yuri:HeavierStrike","yuri:ThrowBook+1"],"picked":"yuri:BookBlue+1","floor":19.0},{"not_picked":["yuri:RecklessStrike","yuri:Stalk+1","yuri:ThrowBook"],"picked":"yuri:RepairCode+1","floor":22.0},{"not_picked":["yuri:SelfHarm+1","yuri:Skip","yuri:WickedSlash"],"picked":"yuri:GlitchedStrike","floor":24.0},{"not_picked":["yuri:WickedSlash","yuri:MPose","yuri:yuriHeavyStrike"],"picked":"yuri:MagneticKnives+1","floor":25.0},{"not_picked":["yuri:Stalk","yuri:AdaptiveAI+1","yuri:CalmingAura"],"picked":"yuri:HoldBack+1","floor":28.0},{"not_picked":["yuri:SelfHarm","yuri:UnstableStrike","yuri:RecklessStrike+1"],"picked":"yuri:SturdyUniform+1","floor":31.0},{"not_picked":["yuri:DuplicateCode","yuri:Suicide","yuri:GhostForm+1"],"picked":"yuri:GlitchRemove+1","floor":33.0},{"not_picked":["yuri:ReloadGame+1","yuri:RecklessStrike+1","yuri:WickedSlash+1"],"picked":"yuri:UnstableStrike+1","floor":35},{"not_picked":["yuri:GlitchedStrike","yuri:RecklessStrike","yuri:CorruptHitbox+1"],"picked":"yuri:CalmingAura+1","floor":36},{"not_picked":["yuri:DejaVu+1","yuri:Skip+1","yuri:WickedSlash"],"picked":"yuri:NoEscape","floor":38},{"not_picked":["yuri:Skip+1","yuri:RecklessStrike","yuri:ReloadGame+1"],"picked":"yuri:CorruptHitbox","floor":39},{"not_picked":["yuri:StealPen","yuri:GrowingInsanity+1","yuri:DeepBreathing+1"],"picked":"yuri:Stare","floor":41},{"not_picked":["yuri:CalmingAura+1","yuri:RecklessStrike","yuri:MPose"],"picked":"yuri:ThornRemove+1","floor":42},{"not_picked":["yuri:ThrowingKnives+1","yuri:yuriHeavyStrike","yuri:GlitchedStrike"],"picked":"yuri:MPose+1","floor":45}],"player_experience":652482,"relics_obtained":[{"floor":1.0,"key":"LetterFromLob"},{"floor":8.0,"key":"DemoMod:ClearGuonStone"},{"floor":9.0,"key":"Frozen Egg 2"},{"floor":26.0,"key":"reliquary:Aerogel"},{"floor":32.0,"key":"Ancient Tea Set"},{"floor":43,"key":"Divine Protection"}],"event_choices":[{"damage_healed":0.0,"max_hp_gain":0.0,"max_hp_loss":0.0,"gold_gain":0.0,"event_name":"Upgrade Shrine","player_choice":"Upgraded","floor":20.0,"gold_loss":0.0,"damage_taken":0.0,"cards_upgraded":["yuri:DuplicateCode"]},{"damage_healed":0.0,"max_hp_gain":0.0,"max_hp_loss":0.0,"gold_gain":0.0,"event_name":"WeMeetAgain","player_choice":"Gave Potion","floor":21.0,"gold_loss":0.0,"damage_taken":0.0,"relics_obtained":["Blood Vial"]},{"cards_removed":["yuri:BookBlue"],"damage_healed":0.0,"max_hp_gain":0.0,"max_hp_loss":0.0,"gold_gain":0.0,"event_name":"betterNote:BetterNote","player_choice":"Take \u0026 Give","floor":30.0,"gold_loss":0.0,"damage_taken":0.0,"cards_obtained":["clintock:Epidemic"]}],"is_beta":false,"boss_relics":[{"not_picked":["Cursed Key","LagranYue:SoulBurningRelic"],"picked":"Honey Jar"},{"not_picked":["aspiration:PoetsPen_weak","RedLine:ReiMu"],"picked":"construct:ClawGrip"}],"items_purged_floors":[46],"is_endless":false,"potions_floor_spawned":[2,3,4,14,16,22,25,28,38,41,45],"killed_by":"Donu and Deca","ascension_level":0}}