{"host":"aa17gn30s1gymc0k","time":1614104254,"event":{"mods":["BaseMod","Downfall","GifTheSpireLib","Googly Eyes","Minty Spire (QoL Compilation)","StSLib"],"gold_per_floor":[99,109,109,121,137,152,177,207,207,223,239,267,267,104,121,222,222,222,234,51,63,81,106,106,140,140,140,140,169,187,202,219,314,314,314,325,56,67,85,97,97,115,125,125,141,141,141,192,210,210],"floor_reached":51,"language":"DEU","playtime":4953,"items_purged":["Decay"],"score":817,"play_id":"ca122214-d39b-4cf3-8cc7-fc1736b85e09","local_time":"20210223191734","is_ascension_mode":true,"campfire_choices":[{"data":"Guardian:TwinSlam","floor":1.0,"key":"SMITH"},{"data":"Guardian:PrimingBeam","floor":9.0,"key":"SMITH"},{"data":"Guardian:Clone","floor":13.0,"key":"SMITH"},{"data":"Guardian:FuturePlans","floor":18.0,"key":"SMITH"},{"floor":26.0,"key":"REST"},{"floor":28.0,"key":"REST"},{"data":"Panache","floor":35.0,"key":"SMITH"},{"floor":46.0,"key":"REST"}],"circlet_count":0,"master_deck":["Guardian:Strike_Guardian","Guardian:Defend_Guardian","Guardian:Defend_Guardian","Guardian:Defend_Guardian","Guardian:Defend_Guardian","Guardian:CurlUp+1","Guardian:TwinSlam+1","Guardian:BronzeOrb+1","Guardian:ExploitGems","Guardian:PrimingBeam+1","Guardian:Planning","Guardian:Clone+1","Guardian:DonusPower","Guardian:FuturePlans+1","Guardian:StasisEngine","Guardian:GuardianWhirl","Guardian:Recover","Panache+1","Guardian:Orbwalk","Guardian:BronzeOrb","Guardian:Clone","Guardian:Orbwalk","Guardian:Clone+1","Guardian:TimeCapacitor","Guardian:FastForward","expansioncontent:QuickStudy","Guardian:SpikerProtocol","Guardian:Gem_White","Guardian:Gem_Blue","Bandage Up","Guardian:ArmoredProtocol","Guardian:ChargeUp+1"],"relics":["Guardian:ModeShifter","Potion Belt","Blood Vial","Vajra","Empty Cage","Red Mask","White Beast Statue","Matryoshka","Strawberry","Philosopher\u0027s Stone","Darkstone Periapt","Toy Ornithopter","Pantograph","Juzu Bracelet","Toxic Egg 2","Torii"],"acts_visited":["Exordium","TheCity","TheBeyond"],"potions_floor_usage":[50,50,50],"damage_taken":[{"damage":1.0,"enemies":"Cultist","floor":2.0,"turns":3.0},{"damage":2.0,"enemies":"Jaw Worm","floor":4.0,"turns":3.0},{"damage":0.0,"enemies":"2 Louse","floor":5.0,"turns":3.0},{"damage":7.0,"enemies":"Exordium Thugs","floor":6.0,"turns":4.0},{"damage":22.0,"enemies":"3 Sentries","floor":8.0,"turns":11.0},{"damage":0.0,"enemies":"downfall:LooterAlt","floor":10.0,"turns":3.0},{"damage":0.0,"enemies":"3 Louse","floor":11.0,"turns":3.0},{"damage":16.0,"enemies":"Gremlin Nob","floor":12.0,"turns":5.0},{"damage":2.0,"enemies":"downfall:FleeingMerchant","floor":14.0,"turns":4.0},{"damage":6.0,"enemies":"Gremlin Gang","floor":15.0,"turns":4.0},{"damage":11.0,"enemies":"DF_ARCHETYPE_STREAMLINE","floor":16.0,"turns":8.0},{"damage":13.0,"enemies":"downfall:LooterAlt2","floor":19.0,"turns":4.0},{"damage":10.0,"enemies":"downfall:FleeingMerchant","floor":20.0,"turns":4.0},{"damage":3.0,"enemies":"Chosen","floor":21.0,"turns":4.0},{"damage":21.0,"enemies":"Shelled Parasite and Fungi","floor":22.0,"turns":4.0},{"damage":26.0,"enemies":"Masked Bandits","floor":23.0,"turns":4.0},{"damage":0.0,"enemies":"Slavers","floor":25.0,"turns":3.0},{"damage":3.0,"enemies":"Gremlin Leader","floor":29.0,"turns":6.0},{"damage":21.0,"enemies":"Snake Plant","floor":30.0,"turns":4.0},{"damage":1.0,"enemies":"Centurion and Healer","floor":31.0,"turns":5.0},{"damage":7.0,"enemies":"Snecko","floor":32.0,"turns":5.0},{"damage":29.0,"enemies":"WA_ARCHETYPE_CALM","floor":33.0,"turns":7.0},{"damage":19.0,"enemies":"3 Darklings","floor":36.0,"turns":4.0},{"damage":20.0,"enemies":"downfall:FleeingMerchant","floor":37.0,"turns":4.0},{"damage":2.0,"enemies":"3 Shapes","floor":38.0,"turns":3.0},{"damage":16.0,"enemies":"Jaw Worm Horde","floor":39.0,"turns":5.0},{"damage":4.0,"enemies":"Transient","floor":40.0,"turns":5.0},{"damage":24.0,"enemies":"3 Darklings","floor":42.0,"turns":3.0},{"damage":0.0,"enemies":"downfall:FleeingMerchant","floor":43.0,"turns":3.0},{"damage":19.0,"enemies":"Writhing Mass","floor":45.0,"turns":4.0},{"damage":22.0,"enemies":"2 Orb Walkers","floor":48.0,"turns":3.0},{"damage":12.0,"enemies":"Jaw Worm Horde","floor":49.0,"turns":3.0},{"damage":0,"enemies":"IC_BLOCK_ARCHETYPE","floor":50,"turns":7}],"seed_played":"288428863678382236","potions_obtained":[{"floor":2.0,"key":"Guardian:BlockOnCardUsePotion"},{"floor":6.0,"key":"LiquidMemories"},{"floor":11.0,"key":"Slimebound:ThreeZeroPotion"},{"floor":15.0,"key":"AttackPotion"},{"floor":22.0,"key":"LiquidBronze"},{"floor":25.0,"key":"SpeedPotion"},{"floor":29.0,"key":"PowerPotion"},{"floor":31.0,"key":"LiquidBronze"},{"floor":32.0,"key":"EssenceOfSteel"},{"floor":37.0,"key":"Dexterity Potion"},{"floor":39.0,"key":"FairyPotion"},{"floor":40.0,"key":"Guardian:BlockOnCardUsePotion"},{"floor":43.0,"key":"Fire Potion"},{"floor":45.0,"key":"Strength Potion"},{"floor":48.0,"key":"Fire Potion"}],"is_trial":false,"path_per_floor":["R","M","?","M","M","M","T","E","R","M","M","E","R","$","M","B",null,"R","M","$","M","M","?","T","E","R","?","R","E","M","M","M","B",null,"R","M","$","M","M","M","T","M","$","?","M","R","?","?","M","B",null],"character_chosen":"GUARDIAN","items_purchased":["Guardian:DonusPower","Panache","expansioncontent:QuickStudy","Guardian:SpikerProtocol","Pantograph","Bandage Up"],"campfire_rested":3,"item_purchase_floors":[14,20,37,37,43,43],"current_hp_per_floor":[88,87,87,85,85,78,78,56,56,58,60,46,46,46,42,33,88,88,75,67,66,47,23,23,25,51,51,77,83,64,65,60,33,95,95,76,58,58,44,42,42,20,27,27,10,38,38,23,17,63],"gold":210,"neow_bonus":"TEN_PERCENT_HP_BONUS","is_daily":false,"chose_seed":false,"campfire_upgraded":5,"win_rate":0.0,"timestamp":1614104254,"path_taken":["R","M","?","M","?","M","T","E","R","M","M","E","R","?","M","BOSS","R","M","$","M","M","?","T","E","R","?","R","E","M","?","M","BOSS","R","M","$","M","M","M","T","M","$","?","M","R","?","?","M","BOSS"],"items_purchased_type":["Card","Card","Card","Card","Relic","Card"],"build_version":"2020-12-22","purchased_purges":1,"victory":true,"max_hp_per_floor":[88,88,88,88,88,88,88,88,88,88,88,88,88,88,88,88,88,88,88,88,88,88,88,88,88,88,88,88,95,95,95,95,95,95,95,95,95,95,95,95,95,95,95,95,95,95,95,95,95,95],"card_choices":[{"not_picked":["Guardian:TemporalShield","Guardian:DecasProtection"],"picked":"Guardian:BronzeOrb","floor":2.0},{"not_picked":["Guardian:RollAttack","Guardian:WalkerClaw","Guardian:CrystalBeam"],"picked":"SKIP","floor":4.0},{"not_picked":["Guardian:SpikerProtocol","Guardian:DonusPower"],"picked":"Guardian:Gem_Yellow","floor":5.0},{"not_picked":["Guardian:RollAttack","Guardian:VentSteam"],"picked":"Guardian:ExploitGems","floor":6.0},{"not_picked":["Guardian:ConstructionForm","Guardian:WalkerClaw"],"picked":"Guardian:PrimingBeam","floor":8.0},{"not_picked":["Guardian:BodySlam","Guardian:RollAttack"],"picked":"Guardian:Planning","floor":10.0},{"not_picked":["Guardian:Suspension","Guardian:ShieldCharger"],"picked":"Guardian:Gem_Fragmented","floor":11.0},{"not_picked":["Guardian:Incinerate","Guardian:Suspension"],"picked":"Guardian:Clone","floor":12.0},{"not_picked":["Guardian:BodySlam","Guardian:Gem_Fragmented"],"picked":"Guardian:Gem_White","floor":14.0},{"not_picked":["Guardian:VentSteam","Guardian:ArmoredProtocol"],"picked":"Guardian:FuturePlans","floor":15.0},{"not_picked":["Guardian:StasisStrike","Guardian:HyperBeam_Guardian"],"picked":"Guardian:StasisEngine","floor":16.0},{"not_picked":["Guardian:ShieldCharger","Guardian:Gem_Lightblue"],"picked":"Guardian:GuardianWhirl","floor":19.0},{"not_picked":["Guardian:MultiBeam","Guardian:RefractedBeam"],"picked":"Guardian:Recover","floor":20.0},{"not_picked":["Guardian:Incinerate","Guardian:Suspension"],"picked":"Guardian:Orbwalk","floor":21.0},{"not_picked":["Guardian:SentryBeam","Guardian:Planning+1"],"picked":"Guardian:BronzeOrb","floor":22.0},{"not_picked":["Guardian:GuardianWhirl","Guardian:VentSteam"],"picked":"Guardian:Gem_Cyan","floor":23.0},{"not_picked":["Guardian:TemporalStrike","Guardian:BodySlam"],"picked":"Guardian:Clone","floor":25.0},{"not_picked":["Guardian:RollAttack","Guardian:PrimingBeam"],"picked":"Guardian:Orbwalk","floor":29.0},{"not_picked":["Guardian:SphericShield","Guardian:Planning"],"picked":"Guardian:Clone+1","floor":30.0},{"not_picked":["Guardian:ChargeCore+1","Guardian:ShieldCharger"],"picked":"Guardian:Gem_Crimson","floor":31.0},{"not_picked":["Guardian:Incinerate","Guardian:Planning","Guardian:PiercingHide+1"],"picked":"SKIP","floor":32.0},{"not_picked":["Guardian:TimeSifter","Guardian:ConstructionForm"],"picked":"Guardian:Gem_Orange","floor":33.0},{"not_picked":["Guardian:Clone","Guardian:TimeBomb"],"picked":"Guardian:TimeCapacitor","floor":36.0},{"not_picked":["Guardian:Gem_Green","Guardian:VentSteam"],"picked":"Guardian:FastForward","floor":37.0},{"not_picked":["Guardian:GuardianWhirl+1","Guardian:Reroute","Guardian:ChargeCore"],"picked":"SKIP","floor":38.0},{"not_picked":["Guardian:VentSteam","Guardian:PrismaticBeam","Guardian:Harden+1"],"picked":"SKIP","floor":39.0},{"not_picked":["Guardian:Harden+1","Guardian:WalkerClaw","Guardian:Reroute"],"picked":"SKIP","floor":40.0},{"not_picked":["Guardian:Gem_Red","Guardian:Reroute+1"],"picked":"Guardian:Gem_White","floor":42.0},{"not_picked":["Guardian:PrimingBeam+1","Guardian:Suspension+1"],"picked":"Guardian:Gem_Blue","floor":43.0},{"not_picked":["Guardian:PolyBeam","Guardian:VentSteam","Guardian:ChargeCore+1"],"picked":"SKIP","floor":45.0},{"not_picked":["Guardian:GemFire","Guardian:Gem_Blue"],"picked":"Guardian:ArmoredProtocol","floor":48.0},{"not_picked":["Guardian:Gem_Lightblue","Guardian:WalkerClaw"],"picked":"Guardian:ChargeUp+1","floor":49.0}],"player_experience":169044,"relics_obtained":[{"floor":7.0,"key":"Potion Belt"},{"floor":8.0,"key":"Blood Vial"},{"floor":12.0,"key":"Vajra"},{"floor":23.0,"key":"Red Mask"},{"floor":24.0,"key":"White Beast Statue"},{"floor":25.0,"key":"Matryoshka"},{"floor":29.0,"key":"Strawberry"},{"floor":41.0,"key":"Darkstone Periapt"},{"floor":41.0,"key":"Toy Ornithopter"},{"floor":47.0,"key":"Juzu Bracelet"},{"floor":47.0,"key":"Toxic Egg 2"},{"floor":48.0,"key":"Torii"}],"event_choices":[{"damage_healed":0.0,"max_hp_gain":0.0,"max_hp_loss":0.0,"gold_gain":0.0,"event_name":"Masked Bandits","player_choice":"Fought Bandits","floor":23.0,"gold_loss":0.0,"damage_taken":0.0},{"cards_removed":["Guardian:Strike_Guardian"],"damage_healed":0.0,"max_hp_gain":0.0,"max_hp_loss":0.0,"gold_gain":0.0,"event_name":"Falling","player_choice":"Removed Attack","floor":44.0,"gold_loss":0.0,"damage_taken":0.0},{"damage_healed":0.0,"max_hp_gain":0.0,"max_hp_loss":0.0,"gold_gain":0.0,"event_name":"Mysterious Sphere","player_choice":"Fight","floor":48.0,"gold_loss":0.0,"damage_taken":0.0}],"is_beta":false,"boss_relics":[{"not_picked":["Runic Pyramid","Runic Dome"],"picked":"Empty Cage"},{"not_picked":["SlaversCollar","Busted Crown"],"picked":"Philosopher\u0027s Stone"}],"items_purged_floors":[14],"is_endless":false,"potions_floor_spawned":[2,6,11,15,22,25,29,30,31,32,33,36,37,38,39,40,42,43,45,48,49],"ascension_level":1}}