{"host":"jh7kh5nqtgzr3auj","time":1614087641,"event":{"mods":["AchievementEnabler","Act Like it!","BaseMod","Colored Powertips","Downfall","Good Game Mod","Minty Spire (QoL Compilation)","Quick Restart","Relic Stats","Replay The Spire","StSLib","TestMod","WarShipGirlsR/’ΩΩ¢…Ÿ≈ÆR mod"],"gold_per_floor":[116,191,204,224,242,270,270,270,322,340,357,392,403,433,433,433,433,433],"floor_reached":16,"language":"ZHS","playtime":1355,"items_purged":[],"score":136,"play_id":"ce9667dd-7e8b-4589-b37f-69790766fcf3","local_time":"20210223214041","is_ascension_mode":true,"campfire_choices":[{"data":"hexamod:EtherealExpedition","floor":15,"key":"SMITH"}],"circlet_count":0,"master_deck":["hexamod:Strike","hexamod:Strike","hexamod:Strike","hexamod:Defend","hexamod:Defend","hexamod:Defend","hexamod:Defend","hexamod:Sear","hexamod:Float","hexamod:DynamicBlow","hexamod:BacktrackSmack","hexamod:ExtraCrispy","hexamod:PowerFromBeyond","hexamod:HeatMetal","hexamod:GhostShield+1","hexamod:Hexaguard","hexamod:HeatCrush","hexamod:ChargedBarrage","hexamod:EtherealExpedition+1"],"relics":["REME:ComplimentaryCards","testmod-TestBox","testmod-SaigiyounoYou","testmod-Maize","Oddly Smooth Stone","Ancient Tea Set"],"acts_visited":["Exordium"],"potions_floor_usage":[10,10,14,16],"damage_taken":[{"damage":7.0,"enemies":"Jaw Worm","floor":1.0,"turns":3.0},{"damage":7.0,"enemies":"2 Louse","floor":3.0,"turns":2.0},{"damage":6.0,"enemies":"Cultist","floor":4.0,"turns":3.0},{"damage":1.0,"enemies":"3 Louse","floor":5.0,"turns":2.0},{"damage":13.0,"enemies":"Gremlin Nob","floor":6.0,"turns":3.0},{"damage":12,"enemies":"Exordium Wildlife","floor":10,"turns":3},{"damage":7,"enemies":"Looter","floor":11,"turns":3},{"damage":18,"enemies":"Lagavulin","floor":12,"turns":6},{"damage":0,"enemies":"Large Slime","floor":13,"turns":3},{"damage":18,"enemies":"3 Sentries","floor":14,"turns":9},{"damage":47,"enemies":"The Guardian","floor":16,"turns":11}],"seed_played":"4381842677123150878","potions_obtained":[{"floor":1.0,"key":"SteroidPotion"},{"floor":3.0,"key":"FearPotion"},{"floor":4.0,"key":"Fire Potion"},{"floor":8.0,"key":"Venom Potion"},{"floor":8.0,"key":"BlessingOfTheForge"},{"floor":8.0,"key":"Reflective Coating"},{"floor":12,"key":"Swift Potion"},{"floor":14,"key":"PowerPotion"}],"is_trial":false,"path_per_floor":["M","?","M","M","M","E","?","?","T","M","M","E","M","E","R","B"],"character_chosen":"THE_SPIRIT","items_purchased":[],"campfire_rested":0,"item_purchase_floors":[],"current_hp_per_floor":[68,57,54,56,60,53,53,53,53,51,50,40,46,37,37,0,0,0],"gold":433,"neow_bonus":"BOSS_RELIC","is_daily":false,"chose_seed":false,"campfire_upgraded":1,"win_rate":0.0,"timestamp":1614087641,"path_taken":["M","?","M","M","M","E","?","?","T","M","?","E","M","E","R","BOSS"],"items_purchased_type":[],"build_version":"2020-12-22","purchased_purges":0,"victory":false,"max_hp_per_floor":[70,70,70,70,70,70,70,70,70,70,70,70,70,70,70,70,70,70],"relic_stats":{"counters":[11,48],"obtain_stats":[{"testmod-Maize":0,"REME:ComplimentaryCards":0,"testmod-TestBox":0,"Oddly Smooth Stone":12,"testmod-SaigiyounoYou":0,"Ancient Tea Set":14,"hexamod:SpiritBrand":0},{"testmod-Maize":0,"REME:ComplimentaryCards":0,"testmod-TestBox":0,"Oddly Smooth Stone":8,"testmod-SaigiyounoYou":0,"Ancient Tea Set":10,"hexamod:SpiritBrand":0},{"testmod-Maize":0,"REME:ComplimentaryCards":0,"testmod-TestBox":0,"Oddly Smooth Stone":25,"testmod-SaigiyounoYou":0,"Ancient Tea Set":37,"hexamod:SpiritBrand":0}]},"card_choices":[{"not_picked":["hexamod:Firestarter","hexamod:PhantomCloak"],"picked":"hexamod:BacktrackSmack","floor":1.0},{"not_picked":["hexamod:InspiringFlames","hexamod:AdvancingGuard"],"picked":"hexamod:ExtraCrispy","floor":3.0},{"not_picked":["hexamod:SwordOfDarkness","hexamod:ShieldOfDarkness","hexamod:BacktrackSmack"],"picked":"SKIP","floor":4.0},{"not_picked":["hexamod:PhantomFireball","hexamod:GhostLash"],"picked":"hexamod:PowerFromBeyond","floor":5.0},{"not_picked":["hexamod:BacktrackSmack","hexamod:SuperheatedStrike"],"picked":"hexamod:HeatMetal","floor":6.0},{"not_picked":["hexamod:GhostShield","hexamod:TurnItUp"],"picked":"hexamod:Hexaguard","floor":10},{"not_picked":["hexamod:FlamesFromBeyond","hexamod:BurningTouch"],"picked":"hexamod:HeatCrush","floor":11},{"not_picked":["hexamod:GhostShield","hexamod:Toasty"],"picked":"hexamod:ChargedBarrage","floor":12},{"not_picked":["hexamod:RainOfEmbers","hexamod:SwordOfDarkness"],"picked":"hexamod:EtherealExpedition","floor":13},{"not_picked":["hexamod:NightmareStrike","hexamod:Firestarter","hexamod:SuperheatedStrike"],"picked":"SKIP","floor":14}],"player_experience":306715,"relics_obtained":[{"floor":12,"key":"Oddly Smooth Stone"},{"floor":14,"key":"Ancient Tea Set"}],"event_choices":[{"damage_healed":0.0,"max_hp_gain":0.0,"max_hp_loss":0.0,"gold_gain":75.0,"event_name":"World of Goop","player_choice":"Gather Gold","floor":2.0,"gold_loss":0.0,"damage_taken":11.0},{"damage_healed":0.0,"max_hp_gain":0.0,"max_hp_loss":0.0,"gold_gain":0.0,"event_name":"Lab","player_choice":"Got Potions","floor":8.0,"gold_loss":0.0,"damage_taken":0.0}],"is_beta":false,"boss_relics":[],"items_purged_floors":[],"is_endless":false,"potions_floor_spawned":[1,3,4,12,14],"killed_by":"The Guardian","ascension_level":2}}