{"host":"k9oowrpcbuktvpbv","time":1614068034,"event":{"mods":["Act Like it!","BaseMod","CapriCore","Energized Spire","Gensokyo","GifTheSpireLib","Halation","Hallownest","Hubris","Koishi","Minty Spire (QoL Compilation)","Reimu??????","Relic Stats","Reliquary","Replay The Spire","StSLib","The Animator","The Immortal","The Senshi","The Wild Card","Yuyuko"],"gold_per_floor":[117,28,48,59,59,85,85,105,132,132,152,180,180,180,180,282,282,294,313,313,109,109,136,136,150,150,185,213,225,103,192,204,318,330,352,376,39,39,39,74,107,132,155,174,190,222,247,85,85,85,85,85,35,66,66],"floor_reached":56,"language":"ENG","playtime":4297,"items_purged":["Faramita\u0027s Temptation","Butterflies in Dream","Fantasy Butterflies"],"score":1504,"play_id":"3159886c-9b0a-404d-aa98-5a8f572ade06","local_time":"20210223091354","is_ascension_mode":false,"campfire_choices":[{"data":"Bloom","floor":10.0,"key":"SMITH"},{"data":"Monster Cherry Tree","floor":13.0,"key":"SMITH"},{"data":"Sweet of Phantom","floor":15.0,"key":"SMITH"},{"data":"Deathly Ground","floor":29.0,"key":"SMITH"},{"floor":32.0,"key":"RECALL"},{"floor":49.0,"key":"DIG"},{"floor":52.0,"key":"DIG"}],"circlet_count":0,"master_deck":["Fantasy Butterflies+1","Fantasy Butterflies","Fantasy Butterflies","Fantasy Butterflies","Dreamy Sakura","Dreamy Sakura","Dreamy Sakura","Dreamy Sakura","Dreamy Sakura","Deathly Ground+1","Sweet of Phantom+1","Sakura Sakura+1","Bloom+1","Sakura Ward","Monster Cherry Tree+1","Home of Suicide","Linger over Flower+2","Dying Butterflies","Dancing Soul+1","Ghostdom Sakura+1","Open The Fan+1","Lunch+1","Lunch+1","Postpone Bloom","Trap Lamp+1","Redemption of Death+1","Bloom+1","Become Phantom","Phantom Butterflies+1","Bloom+1","Ghostdom Sakura+1","Open The Fan+1","Infinite Reviving+1","Fondling of Papilio+1"],"relics":["Coronal","Yuyuko\u0027s fan","Blue Doll","Smiling Mask","WingedGreaves","InkBottle","halation:PinkSoulGem","halation:PrussianBluePaint","Peace Pipe","Black Star","hubris:Towel","Art of War","Bag of Preparation","Counterbalance","halation:EternalFortune","Lantern","Toxic Egg 2","Vajra","reliquary:BoilingFlask","MawBank","ChewingGum","reliquary:PartyBalloon","Gensokyo:EmptyGrave","hubris:Icosahedron","reliquary:RosewoodLute","Lizard Tail","Thread and Needle","Durian","Whetstone","Shovel","PreservedInsect","Nunchaku","War Paint","hubris:SlimyHat","Orichalcum","Boot","Orrery","reliquary:Vitrine","reliquary:IridiumChain","Oddly Smooth Stone","Gremlin Food"],"acts_visited":["Exordium","Gensokyo:Gensokyo","Gensokyo:Gensokyoer","TheEnding"],"potions_floor_usage":[55],"damage_taken":[{"damage":6.0,"enemies":"Gensokyo:2_Kodama","floor":1.0,"turns":2.0},{"damage":29.0,"enemies":"Gensokyo:Python","floor":3.0,"turns":5.0},{"damage":25.0,"enemies":"Gensokyo:Gryphon","floor":4.0,"turns":5.0},{"damage":31.0,"enemies":"Gensokyo:Cirno","floor":6.0,"turns":5.0},{"damage":17.0,"enemies":"Gensokyo:2_Rabbits","floor":8.0,"turns":4.0},{"damage":26.0,"enemies":"Gensokyo:Kitsune","floor":11.0,"turns":4.0},{"damage":7.0,"enemies":"Gensokyo:Mamizou","floor":12.0,"turns":7.0},{"damage":27.0,"enemies":"Gensokyo:Reimu","floor":16.0,"turns":9.0},{"damage":34.0,"enemies":"Gensokyo:2_Gloops","floor":18.0,"turns":6.0},{"damage":38.0,"enemies":"Gensokyo:3_Dogs","floor":19.0,"turns":7.0},{"damage":89.0,"enemies":"Gensokyo:Reisen","floor":23.0,"turns":7.0},{"damage":1.0,"enemies":"Gensokyo:Wraith","floor":25.0,"turns":1.0},{"damage":32.0,"enemies":"Gensokyo:Koishi","floor":27.0,"turns":5.0},{"damage":2.0,"enemies":"Gensokyo:Reisen","floor":28.0,"turns":2.0},{"damage":20.0,"enemies":"Gensokyo:Eternal_Rivals","floor":33.0,"turns":8.0},{"damage":12.0,"enemies":"Gensokyo:3_Bats","floor":35.0,"turns":3.0},{"damage":29.0,"enemies":"Gensokyo:3_Boulders","floor":36.0,"turns":3.0},{"damage":41.0,"enemies":"Gensokyo:Kasen","floor":40.0,"turns":4.0},{"damage":14.0,"enemies":"Gensokyo:Doremy","floor":41.0,"turns":6.0},{"damage":3.0,"enemies":"Gensokyo:Marisa","floor":42.0,"turns":3.0},{"damage":19.0,"enemies":"Gensokyo:Sharpion","floor":44.0,"turns":3.0},{"damage":4.0,"enemies":"Gensokyo:SeedOfUnknown","floor":45.0,"turns":4.0},{"damage":8.0,"enemies":"Gensokyo:Doremy","floor":46.0,"turns":3.0},{"damage":4.0,"enemies":"Gensokyo:Yuyuko","floor":50.0,"turns":4.0},{"damage":32,"enemies":"Shield and Spear","floor":54,"turns":3},{"damage":134,"enemies":"The Heart","floor":55,"turns":7}],"seed_played":"8974047357321914391","potions_obtained":[{"floor":1.0,"key":"MagicPotion:ReiMu"},{"floor":6.0,"key":"Block Potion"},{"floor":12.0,"key":"Adrenaline Potion"}],"is_trial":false,"path_per_floor":["M","COS","M","M","?","E","?","M","T","R","M","E","R","?","R","B",null,"M","M","?","$","?","E","?","M","T","E","E","R","COS","T","R","B",null,"M","M","$","?","?","E","E","E","T","M","M","E","T","COS","R","B",null,"R","$","E","B",null],"character_chosen":"YUYOKO","items_purchased":["Art of War","Postpone Bloom","Trap Lamp+1","reliquary:PartyBalloon"],"campfire_rested":0,"item_purchase_floors":[21,37,37,37],"current_hp_per_floor":[40,40,26,24,16,15,15,38,38,38,40,37,37,37,37,35,44,33,37,37,37,37,24,27,35,35,45,48,48,48,48,48,45,53,50,32,32,32,32,26,51,54,54,54,56,57,57,57,57,57,56,56,56,53,48],"gold":66,"neow_bonus":"TEN_PERCENT_HP_BONUS","is_daily":false,"chose_seed":false,"campfire_upgraded":4,"win_rate":0.0,"timestamp":1614068034,"path_taken":["M","COS","M","M","?","E","?","M","T","R","M","E","R","?","R","BOSS","M","M","?","$","?","E","?","M","T","E","E","R","COS","?","R","BOSS","M","M","$","?","?","E","E","E","T","?","M","E","?","COS","R","BOSS","R","$","E","BOSS"],"items_purchased_type":["Relic","Card","Card","Relic"],"build_version":"2020-12-22","purchased_purges":3,"victory":true,"max_hp_per_floor":[44,44,44,44,44,44,44,44,44,44,44,44,44,44,44,44,44,44,44,44,44,44,44,47,50,50,50,50,50,50,50,50,53,53,53,53,53,49,49,57,57,57,57,57,60,60,60,60,60,56,56,56,56,56,56],"relic_stats":{"counters":[26,117],"PreservedInsect":131,"Bag of Preparation":[30],"Whetstone":["Fantasy Butterflies","Redemption of Death"],"War Paint":["Linger over Flower","Sakura Sakura"],"Orichalcum":[42],"Smiling Mask":150,"MawBank":108,"Boot":[165],"Peace Pipe":0,"Lizard Tail":0,"Nunchaku":[9],"Shovel":2,"Black Star":8,"Art of War":[1],"obtain_stats":[{"Lantern":26,"reliquary:PartyBalloon":37,"reliquary:BoilingFlask":28,"Vajra":27,"Blue Doll":4,"Bag of Preparation":23,"hubris:SlimyHat":46,"Whetstone":41,"Smiling Mask":5,"Boot":47,"Frozen Eye":27,"Lizard Tail":40,"Nunchaku":42,"hubris:Icosahedron":39,"Shovel":41,"halation:PrussianBluePaint":9,"Coronal":0,"WingedGreaves":6,"Toxic Egg 2":27,"reliquary:Vitrine":49,"InkBottle":6,"Gremlin Food":54,"Counterbalance":23,"Oddly Smooth Stone":54,"Thread and Needle":40,"PreservedInsect":42,"hubris:Towel":20,"reliquary:RosewoodLute":40,"War Paint":43,"Orichalcum":46,"MawBank":28,"reliquary:IridiumChain":52,"Peace Pipe":12,"Gensokyo:EmptyGrave":38,"Yuyuko\u0027s fan":0,"halation:EternalFortune":24,"Orrery":48,"ChewingGum":34,"Black Star":17,"Art of War":21,"Durian":40,"halation:PinkSoulGem":7},{"Lantern":12,"reliquary:PartyBalloon":17,"reliquary:BoilingFlask":14,"Vajra":13,"Blue Doll":3,"Bag of Preparation":11,"hubris:SlimyHat":23,"Whetstone":19,"Smiling Mask":3,"Boot":23,"Frozen Eye":12,"Lizard Tail":18,"Nunchaku":20,"hubris:Icosahedron":17,"Shovel":19,"halation:PrussianBluePaint":5,"Coronal":0,"WingedGreaves":4,"Toxic Egg 2":13,"reliquary:Vitrine":23,"InkBottle":4,"Gremlin Food":25,"Counterbalance":11,"Oddly Smooth Stone":25,"Thread and Needle":18,"PreservedInsect":20,"hubris:Towel":10,"reliquary:RosewoodLute":18,"War Paint":20,"Orichalcum":23,"MawBank":14,"reliquary:IridiumChain":24,"Peace Pipe":7,"Gensokyo:EmptyGrave":17,"Yuyuko\u0027s fan":0,"halation:EternalFortune":11,"Orrery":23,"ChewingGum":15,"Black Star":8,"Art of War":10,"Durian":18,"halation:PinkSoulGem":4},{"Lantern":61,"reliquary:PartyBalloon":82,"reliquary:BoilingFlask":68,"Vajra":66,"Blue Doll":7,"Bag of Preparation":60,"hubris:SlimyHat":103,"Whetstone":90,"Smiling Mask":11,"Boot":103,"Frozen Eye":61,"Lizard Tail":84,"Nunchaku":93,"hubris:Icosahedron":82,"Shovel":90,"halation:PrussianBluePaint":20,"Coronal":0,"WingedGreaves":13,"Toxic Egg 2":66,"reliquary:Vitrine":103,"InkBottle":16,"Gremlin Food":110,"Counterbalance":60,"Oddly Smooth Stone":110,"Thread and Needle":85,"PreservedInsect":93,"hubris:Towel":53,"reliquary:RosewoodLute":83,"War Paint":93,"Orichalcum":103,"MawBank":68,"reliquary:IridiumChain":107,"Peace Pipe":31,"Gensokyo:EmptyGrave":82,"Yuyuko\u0027s fan":0,"halation:EternalFortune":60,"Orrery":103,"ChewingGum":76,"Black Star":40,"Art of War":53,"Durian":85,"halation:PinkSoulGem":16}],"InkBottle":[139]},"card_choices":[{"not_picked":["Immigrant Phantom","The Nether"],"picked":"Sweet of Phantom","floor":1.0},{"not_picked":["Gone","Unreal","Elegance"],"picked":"SKIP","floor":3.0},{"not_picked":["Redemption of Death","Dancing Butterflies"],"picked":"Butterflies in Dream","floor":4.0},{"not_picked":["Stifle","Fondling of Papilio"],"picked":"Sakura Sakura","floor":6.0},{"not_picked":["All Wander","Elegance"],"picked":"Bloom","floor":8.0},{"not_picked":["Immigrant Phantom","Past Graveyard"],"picked":"Sakura Ward","floor":11.0},{"not_picked":["Living to Die","Phantom Village"],"picked":"Monster Cherry Tree","floor":12.0},{"not_picked":["Revive The Butterflies","Dream of Spring"],"picked":"Home of Suicide","floor":16.0},{"not_picked":["Ghostdom Sakura","Unborn Light+1"],"picked":"Linger over Flower+1","floor":18.0},{"not_picked":["Song of Papilio","Triple Snow"],"picked":"Dancing Butterflies","floor":19.0},{"not_picked":["Living to Die","Phantom Butterflies"],"picked":"Dying Butterflies","floor":23.0},{"not_picked":["Triple Snow","Final of Final"],"picked":"Dancing Soul+1","floor":25.0},{"not_picked":["Steamed Phantom+1","Final of Final"],"picked":"Ghostdom Sakura+1","floor":27.0},{"not_picked":["Nihility+1","Dying Sakura+1"],"picked":"Open The Fan+1","floor":28.0},{"not_picked":["All Wander+1","Become Phantom"],"picked":"Lunch+1","floor":35.0},{"not_picked":["Unreal+1","Final of Final"],"picked":"Lunch+1","floor":36.0},{"not_picked":["Gauzy Sakura+1","Reverse The Screen+1"],"picked":"Redemption of Death","floor":40.0},{"not_picked":["Dying Sakura+1","Bomb"],"picked":"Bloom+1","floor":41.0},{"not_picked":["Stifle","Death Dancing"],"picked":"Become Phantom","floor":42.0},{"not_picked":["Dark Wind+1","End of Faramita+1"],"picked":"Phantom Butterflies+1","floor":44.0},{"not_picked":["Phantom Butterflies","All Wander+1"],"picked":"Bloom+1","floor":45.0},{"not_picked":["The Nether+1","Redemption of Death"],"picked":"Ghostdom Sakura+1","floor":46.0},{"not_picked":["Final of Final","Unstable Ward+1"],"picked":"Open The Fan+1","floor":48.0},{"not_picked":["Triple Snow+1","All Wander+1"],"picked":"Infinite Reviving+1","floor":48.0},{"not_picked":["End of Faramita+1","Phantom Butterflies+1"],"picked":"Fondling of Papilio+1","floor":48.0},{"not_picked":["Showy Withering","Unborn Light+1","Phantom Butterflies"],"picked":"SKIP","floor":54}],"player_experience":180518,"relics_obtained":[{"floor":6.0,"key":"InkBottle"},{"floor":9.0,"key":"halation:PrussianBluePaint"},{"floor":12.0,"key":"Peace Pipe"},{"floor":23.0,"key":"Bag of Preparation"},{"floor":23.0,"key":"Counterbalance"},{"floor":25.0,"key":"halation:EternalFortune"},{"floor":26.0,"key":"Lantern"},{"floor":27.0,"key":"Toxic Egg 2"},{"floor":27.0,"key":"Vajra"},{"floor":28.0,"key":"reliquary:BoilingFlask"},{"floor":28.0,"key":"MawBank"},{"floor":33.0,"key":"halation:EternalFortune"},{"floor":40.0,"key":"halation:EternalFortune"},{"floor":40.0,"key":"Thread and Needle"},{"floor":40.0,"key":"Durian"},{"floor":41.0,"key":"Whetstone"},{"floor":41.0,"key":"Shovel"},{"floor":42.0,"key":"PreservedInsect"},{"floor":42.0,"key":"Nunchaku"},{"floor":43.0,"key":"War Paint"},{"floor":45.0,"key":"halation:EternalFortune"},{"floor":46.0,"key":"hubris:SlimyHat"},{"floor":46.0,"key":"Orichalcum"},{"floor":47.0,"key":"Boot"},{"floor":49.0,"key":"reliquary:Vitrine"},{"floor":52.0,"key":"reliquary:IridiumChain"},{"floor":54,"key":"Oddly Smooth Stone"},{"floor":54,"key":"Gremlin Food"}],"event_choices":[],"is_beta":false,"boss_relics":[{"not_picked":["energizedSpire:MagnifyingGlass","hubris:Backtick"],"picked":"Black Star"},{"not_picked":["hubris:HollowSoul","halation:Yufonium"],"picked":"ChewingGum"}],"items_purged_floors":[21,37,53],"is_endless":false,"potions_floor_spawned":[1,6,12,16,19,25,27,33,36,41,46,54],"ascension_level":0}}