{"host":"89iuq2p5kwriuwfq","time":1614076305,"event":{"mods":["BaseMod","Curses Come First","Custom Start","Minty Spire (QoL Compilation)","Permanent Neow","StSLib"],"gold_per_floor":[126,126,147,156,156,156,165,195,195,44,44,66,66,109,109,211,211,245,295,295,320,329,329,373,373,373,401,420,420,445,445,445],"floor_reached":31,"language":"ENG","playtime":1399,"items_purged":["Defend_B"],"score":443,"play_id":"fa33e34d-5e89-4c55-bdcf-5d34f2c5e223","local_time":"20210223103145","is_ascension_mode":true,"campfire_choices":[{"data":"Genetic Algorithm","floor":6.0,"key":"SMITH"},{"data":"Defragment","floor":13.0,"key":"SMITH"},{"floor":15.0,"key":"REST"},{"data":"Defragment","floor":23.0,"key":"SMITH"},{"data":"Fission","floor":25.0,"key":"SMITH"},{"floor":29,"key":"REST"}],"circlet_count":0,"master_deck":["AscendersBane","Strike_B","Strike_B+1","Defend_B","Defend_B+1","Zap","Dualcast","Genetic Algorithm+1","Coolheaded","Amplify","Multi-Cast","Chaos","Defragment+1","Cold Snap","Storm","Cold Snap","Electrodynamics","Ball Lightning","Defragment+1","Reinforced Body","Fission+1","Capacitor"],"relics":["Cracked Core","CeramicFish","Golden Idol","Mummified Hand","Bronze Scales","Black Star","Emotion Chip","Ornamental Fan","Bottled Flame"],"acts_visited":["Exordium","TheCity"],"potions_floor_usage":[28,31],"damage_taken":[{"damage":12.0,"enemies":"Jaw Worm","floor":1.0,"turns":3.0},{"damage":0.0,"enemies":"2 Louse","floor":3.0,"turns":1.0},{"damage":5.0,"enemies":"Cultist","floor":8.0,"turns":3.0},{"damage":0.0,"enemies":"Exordium Thugs","floor":12.0,"turns":4.0},{"damage":4.0,"enemies":"Lagavulin","floor":14.0,"turns":7.0},{"damage":11.0,"enemies":"The Guardian","floor":16.0,"turns":15.0},{"damage":16.0,"enemies":"Shell Parasite","floor":18.0,"turns":3.0},{"damage":4.0,"enemies":"Chosen","floor":21.0,"turns":3.0},{"damage":23.0,"enemies":"Gremlin Leader","floor":24.0,"turns":5.0},{"damage":0.0,"enemies":"Snake Plant","floor":27.0,"turns":3.0},{"damage":0,"enemies":"3 Cultists","floor":28,"turns":3},{"damage":17,"enemies":"Centurion and Healer","floor":30,"turns":3},{"damage":0,"enemies":"Slavers","floor":31,"turns":1}],"seed_played":"-4778643174137135789","potions_obtained":[{"floor":3.0,"key":"BlessingOfTheForge"},{"floor":8.0,"key":"DistilledChaos"},{"floor":12.0,"key":"Block Potion"},{"floor":18.0,"key":"Dexterity Potion"},{"floor":24.0,"key":"LiquidMemories"},{"floor":28,"key":"PowerPotion"}],"is_trial":false,"path_per_floor":["M","?","M","?","?","R","?","M","T","$","?","M","R","E","R","B",null,"M","?","?","M","?","R","E","R","T","M","M","R","M","E"],"character_chosen":"DEFECT","items_purchased":["Defragment","Cold Snap"],"campfire_rested":2,"item_purchase_floors":[10,10],"current_hp_per_floor":[52,45,45,45,45,45,45,40,40,40,21,21,21,17,36,25,54,38,38,38,34,34,34,11,11,11,11,11,30,13,13,13],"gold":445,"neow_bonus":"RANDOM_COMMON_RELIC","is_daily":false,"chose_seed":false,"campfire_upgraded":4,"win_rate":0.0,"timestamp":1614076305,"path_taken":["M","?","M","?","?","R","?","?","T","$","?","M","R","E","R","BOSS","M","?","?","M","?","R","E","R","T","M","M","R","?","E"],"items_purchased_type":["Card","Card"],"build_version":"2020-12-22","purchased_purges":1,"victory":false,"max_hp_per_floor":[71,71,71,71,64,64,64,64,64,64,64,64,64,64,64,64,64,64,64,64,64,64,64,64,64,64,64,64,64,64,64,64],"card_choices":[{"not_picked":["Leap","Gash"],"picked":"Genetic Algorithm","floor":1.0},{"not_picked":["Consume","Hologram"],"picked":"Coolheaded","floor":3.0},{"not_picked":["Streamline","Conserve Battery"],"picked":"Chaos","floor":8.0},{"not_picked":["Fusion","Stack"],"picked":"Storm","floor":12.0},{"not_picked":["Meteor Strike","Hello World"],"picked":"Cold Snap","floor":14.0},{"not_picked":["Meteor Strike","Echo Form"],"picked":"Electrodynamics","floor":16.0},{"not_picked":["Barrage+1","Hologram"],"picked":"Ball Lightning","floor":18.0},{"not_picked":["Sweeping Beam","Barrage"],"picked":"Defragment","floor":21.0},{"not_picked":["Coolheaded","Chill"],"picked":"Fission","floor":24.0},{"not_picked":["Blizzard","Sweeping Beam"],"picked":"Capacitor","floor":27.0},{"not_picked":["Ball Lightning","Leap","Stack+1"],"picked":"SKIP","floor":28},{"not_picked":["Rebound","Stack","Leap"],"picked":"SKIP","floor":30}],"player_experience":775149,"relics_obtained":[{"floor":9.0,"key":"Mummified Hand"},{"floor":14.0,"key":"Bronze Scales"},{"floor":24.0,"key":"Emotion Chip"},{"floor":24.0,"key":"Ornamental Fan"},{"floor":26.0,"key":"Bottled Flame"}],"event_choices":[{"cards_removed":["Strike_B"],"damage_healed":0.0,"max_hp_gain":0.0,"max_hp_loss":0.0,"gold_gain":0.0,"event_name":"Golden Wing","player_choice":"Card Removal","floor":2.0,"gold_loss":0.0,"damage_taken":7.0},{"damage_healed":0.0,"max_hp_gain":0.0,"max_hp_loss":0.0,"gold_gain":0.0,"cards_transformed":["Defend_B"],"event_name":"Living Wall","player_choice":"Change","floor":4.0,"gold_loss":0.0,"damage_taken":0.0,"cards_obtained":["Amplify"]},{"damage_healed":0.0,"max_hp_gain":0.0,"max_hp_loss":7.0,"gold_gain":0.0,"event_name":"Golden Idol","player_choice":"Lose Max HP","floor":5.0,"gold_loss":0.0,"damage_taken":0.0,"relics_obtained":["Golden Idol"]},{"damage_healed":0.0,"max_hp_gain":0.0,"max_hp_loss":0.0,"gold_gain":0.0,"cards_transformed":["Strike_B"],"event_name":"Transmorgrifier","player_choice":"Transformed","floor":7.0,"gold_loss":0.0,"damage_taken":0.0,"cards_obtained":["Multi-Cast"]},{"damage_healed":0.0,"max_hp_gain":0.0,"max_hp_loss":0.0,"gold_gain":0.0,"event_name":"Shining Light","player_choice":"Entered Light","floor":11.0,"gold_loss":0.0,"damage_taken":19.0,"cards_upgraded":["Strike_B","Defend_B"]},{"damage_healed":0.0,"max_hp_gain":0.0,"max_hp_loss":0.0,"gold_gain":50.0,"event_name":"Nest","player_choice":"Stole From Cult","floor":19.0,"gold_loss":0.0,"damage_taken":0.0},{"damage_healed":0.0,"max_hp_gain":0.0,"max_hp_loss":0.0,"gold_gain":0.0,"event_name":"Cursed Tome","player_choice":"Ignored","floor":20.0,"gold_loss":0.0,"damage_taken":0.0},{"damage_healed":0.0,"max_hp_gain":0.0,"max_hp_loss":0.0,"gold_gain":0.0,"event_name":"Match and Keep!","player_choice":"1 cards matched","floor":22.0,"gold_loss":0.0,"damage_taken":0.0,"cards_obtained":["Reinforced Body"]}],"is_beta":false,"boss_relics":[{"not_picked":["Busted Crown","Tiny House"],"picked":"Black Star"}],"items_purged_floors":[10],"is_endless":false,"potions_floor_spawned":[3,8,12,16,18,24,28],"killed_by":"Slavers","ascension_level":15}}