{"host":"1mv6gj0zv8k9e9tz","time":1614074061,"event":{"mods":["AchievementEnabler","BaseMod","Better Third Choice","Colored Map","DeckTracker","Highlight Path","KOR Keyword Fix","Keyboard Shortcuts","Minty Spire (QoL Compilation)","Permanent Neow","Quick Restart","Rare Cards Sparkle","StSLib","SuperFastMode","everything is the same but u backflip on backflip"],"gold_per_floor":[16,34,44,60,76,76,76,76,101,101,123,141,141,160,160,160,160],"floor_reached":16,"language":"KOR","playtime":305,"items_purged":[],"score":183,"play_id":"e5906226-00c9-4d7e-b16c-0b7349267817","local_time":"20210223185421","is_ascension_mode":true,"campfire_choices":[{"data":"Dualcast","floor":6.0,"key":"SMITH"},{"data":"Double Energy","floor":10.0,"key":"SMITH"},{"data":"Lockon","floor":13.0,"key":"SMITH"},{"data":"Go for the Eyes","floor":15,"key":"SMITH"}],"circlet_count":0,"master_deck":["AscendersBane","Strike_B","Strike_B","Strike_B","Strike_B","Defend_B","Defend_B","Defend_B+1","Defend_B","Zap+1","Dualcast+1","Core Surge","FTL","Ball Lightning","Go for the Eyes+1","Double Energy+1","Lockon+1","Conserve Battery"],"relics":["Cracked Core","War Paint","Odd Mushroom"],"acts_visited":["Exordium"],"potions_floor_usage":[16],"damage_taken":[{"damage":2.0,"enemies":"Jaw Worm","floor":1.0,"turns":3.0},{"damage":4.0,"enemies":"Small Slimes","floor":2.0,"turns":3.0},{"damage":0.0,"enemies":"2 Louse","floor":3.0,"turns":2.0},{"damage":12.0,"enemies":"Blue Slaver","floor":4.0,"turns":3.0},{"damage":7.0,"enemies":"3 Louse","floor":5.0,"turns":2.0},{"damage":10.0,"enemies":"The Mushroom Lair","floor":11.0,"turns":4.0},{"damage":6.0,"enemies":"Looter","floor":12.0,"turns":3.0},{"damage":12.0,"enemies":"Lots of Slimes","floor":14.0,"turns":3.0},{"damage":20,"enemies":"Hexaghost","floor":16,"turns":4}],"seed_played":"1080251134615213241","potions_obtained":[{"floor":1.0,"key":"LiquidBronze"},{"floor":2.0,"key":"FocusPotion"}],"is_trial":false,"path_per_floor":["M","M","M","M","M","R","?","?","T","R","?","M","R","M","R","B"],"character_chosen":"DEFECT","items_purchased":[],"campfire_rested":0,"item_purchase_floors":[],"current_hp_per_floor":[62,58,58,46,39,39,44,44,44,44,34,28,28,16,16,0,0],"gold":160,"neow_bonus":"THREE_RARE_CARDS","is_daily":false,"chose_seed":false,"campfire_upgraded":4,"win_rate":0.0,"timestamp":1614074061,"path_taken":["M","M","M","M","M","R","?","?","T","R","?","M","R","M","R","BOSS"],"items_purchased_type":[],"build_version":"2020-12-22","purchased_purges":0,"victory":false,"max_hp_per_floor":[71,71,71,71,71,71,76,76,76,76,76,76,76,76,76,76,76],"card_choices":[{"not_picked":["Fission","Seek"],"picked":"Core Surge","floor":0.0},{"not_picked":["Doom and Gloom","Reprogram"],"picked":"FTL","floor":1.0},{"not_picked":["Conserve Battery","Cold Snap"],"picked":"Ball Lightning","floor":2.0},{"not_picked":["Steam","Cold Snap"],"picked":"Go for the Eyes","floor":3.0},{"not_picked":["Turbo","Redo","Go for the Eyes"],"picked":"SKIP","floor":4.0},{"not_picked":["Storm","Skim"],"picked":"Double Energy","floor":5.0},{"not_picked":["Recycle","Stack"],"picked":"Lockon","floor":12.0},{"not_picked":["Rebound","Stack"],"picked":"Conserve Battery","floor":14}],"player_experience":659686,"relics_obtained":[{"floor":9.0,"key":"War Paint"},{"floor":11.0,"key":"Odd Mushroom"}],"event_choices":[{"damage_healed":0.0,"max_hp_gain":5.0,"max_hp_loss":0.0,"gold_gain":0.0,"event_name":"Big Fish","player_choice":"Donut","floor":7.0,"gold_loss":0.0,"damage_taken":0.0},{"damage_healed":0.0,"max_hp_gain":0.0,"max_hp_loss":0.0,"gold_gain":0.0,"event_name":"betterThird:BetterSerpent","player_choice":"Ignored","floor":8.0,"gold_loss":0.0,"damage_taken":76.0},{"damage_healed":0.0,"max_hp_gain":0.0,"max_hp_loss":0.0,"gold_gain":0.0,"event_name":"Mushrooms","player_choice":"Fought Mushrooms","floor":11.0,"gold_loss":0.0,"damage_taken":0.0}],"is_beta":false,"boss_relics":[],"items_purged_floors":[],"is_endless":false,"potions_floor_spawned":[1,2],"killed_by":"Hexaghost","ascension_level":19}}