{"host":"z439itq93uucuvou","time":1614067139,"event":{"mods":["BaseMod","Colored Powertips","Downfall","Jorbs\u0027s Wanderer Trilogy","Minty Spire (QoL Compilation)","StSLib"],"gold_per_floor":[99,117,132,132,132,132,132,167,167,182,200,213,213,213,233,334,334,334,349,349,220,240,340,364,364,464,483,39,39,51,79,91,189,189,189,204,222,241,287,301,354,384,384,399,427,445,445,200,217,217],"floor_reached":51,"language":"ENG","playtime":4554,"items_purged":["bronze:Defend","Clumsy","stsjorbsmod:Amnesia"],"score":708,"play_id":"339cdc37-3770-4478-b9a2-f5c88b336597","local_time":"20210222235859","is_ascension_mode":false,"campfire_choices":[{"data":"bronze:Goto","floor":1.0,"key":"SMITH"},{"data":"bronze:Frontload","floor":6.0,"key":"SMITH"},{"data":"bronze:Optimize","floor":13.0,"key":"SMITH"},{"data":"bronze:ClassDefault","floor":18.0,"key":"SMITH"},{"data":"bronze:Iterate","floor":25.0,"key":"SMITH"},{"data":"bronze:ItsAFeature","floor":29.0,"key":"SMITH"},{"data":"bronze:FindAndReplace","floor":35.0,"key":"SMITH"},{"floor":43.0,"key":"REST"},{"data":"bronze:DonuBeam","floor":47.0,"key":"SMITH"}],"circlet_count":0,"master_deck":["bronze:Strike","bronze:Strike","bronze:Strike","bronze:Strike","bronze:Defend+1","bronze:Defend+1","bronze:Defend+1","bronze:Replicate","bronze:Goto+1","bronze:Frontload+1","bronze:ItsAFeature+1","bronze:ClassDefault+1","bronze:Goto+1","bronze:ChildClass","bronze:BugBarrage","bronze:Optimize+1","bronze:WildBeam","bronze:Verify","bronze:Fortify","bronze:Break","bronze:Shell","bronze:Iterate+1","bronze:DonuBeam+1","bronze:DecaBeam","bronze:BugBarrage+1","bronze:Allocate","bronze:ItsAFeature+1","bronze:MaxOutput","bronze:Repair","bronze:ClassDefault+1","bronze:FindAndReplace+1","bronze:Overload","bronze:Return+1","bronze:FineTuning+1","bronze:BitShift+1","bronze:Iterate","bronze:Boost"],"relics":["bronze:BronzeCore","Slimebound:PreparedRelic","Turnip","Eternal Feather","Cursed Key","downfall:RedIOU","Calipers","Ornamental Fan","Anchor","hexamod:CandleOfCauterizing","Mummified Hand","Sozu","Ice Cream","Ancient Tea Set","Smiling Mask","War Paint","OrangePellets"],"acts_visited":["Exordium","TheCity","TheBeyond"],"potions_floor_usage":[50],"damage_taken":[{"damage":1.0,"enemies":"Jaw Worm","floor":2.0,"turns":4.0},{"damage":1.0,"enemies":"2 Louse","floor":3.0,"turns":3.0},{"damage":1.0,"enemies":"3 Sentries","floor":8.0,"turns":8.0},{"damage":2.0,"enemies":"Small Slimes","floor":10.0,"turns":4.0},{"damage":0.0,"enemies":"Blue Slaver","floor":11.0,"turns":5.0},{"damage":11.0,"enemies":"3 Louse","floor":12.0,"turns":4.0},{"damage":0.0,"enemies":"Lots of Slimes","floor":14.0,"turns":1.0},{"damage":0.0,"enemies":"Exordium Thugs","floor":15.0,"turns":6.0},{"damage":13.0,"enemies":"SI_SHIV_ARCHETYPE","floor":16.0,"turns":15.0},{"damage":1.0,"enemies":"Shell Parasite","floor":19.0,"turns":5.0},{"damage":0.0,"enemies":"downfall:FleeingMerchant","floor":21.0,"turns":4.0},{"damage":10.0,"enemies":"Chosen","floor":22.0,"turns":4.0},{"damage":8.0,"enemies":"IC_STATUS_ARCHETYPE","floor":23.0,"turns":5.0},{"damage":8.0,"enemies":"IC_STATUS_ARCHETYPE","floor":26.0,"turns":6.0},{"damage":4.0,"enemies":"Centurion and Healer","floor":27.0,"turns":4.0},{"damage":0.0,"enemies":"downfall:FleeingMerchant","floor":28.0,"turns":4.0},{"damage":0.0,"enemies":"Snake Plant","floor":30.0,"turns":3.0},{"damage":22.0,"enemies":"Book of Stabbing","floor":31.0,"turns":5.0},{"damage":0.0,"enemies":"Chosen and Byrds","floor":32.0,"turns":5.0},{"damage":10.0,"enemies":"WA_ARCHETYPE_CALM","floor":33.0,"turns":7.0},{"damage":1.0,"enemies":"3 Darklings","floor":36.0,"turns":5.0},{"damage":2.0,"enemies":"Orb Walker","floor":37.0,"turns":3.0},{"damage":0.0,"enemies":"4 Shapes","floor":38.0,"turns":5.0},{"damage":26.0,"enemies":"2 Orb Walkers","floor":39.0,"turns":4.0},{"damage":15.0,"enemies":"Transient","floor":40.0,"turns":5.0},{"damage":23.0,"enemies":"Reptomancer","floor":42.0,"turns":6.0},{"damage":0.0,"enemies":"Spire Growth","floor":44.0,"turns":3.0},{"damage":26.0,"enemies":"Nemesis","floor":45.0,"turns":5.0},{"damage":1.0,"enemies":"Writhing Mass","floor":46.0,"turns":5.0},{"damage":0,"enemies":"downfall:FleeingMerchant","floor":48,"turns":4},{"damage":0,"enemies":"3 Darklings","floor":49,"turns":5},{"damage":8,"enemies":"IC_BLOCK_ARCHETYPE","floor":50,"turns":7}],"seed_played":"8981756695134677694","potions_obtained":[{"floor":8.0,"key":"SmokeBomb"},{"floor":11.0,"key":"SpeedPotion"},{"floor":16.0,"key":"bronze:FreeFunctionsPotion"},{"floor":22.0,"key":"Weak Potion"},{"floor":23.0,"key":"hexamod:SoulburnPotion"},{"floor":31.0,"key":"PowerPotion"}],"is_trial":false,"path_per_floor":["R","M","M","?","?","R","T","E","?","M","M","M","R","M","M","B",null,"R","M","?","$","M","?","T","R","?","M","$","R","M","E","M","B",null,"R","M","M","M","?","M","T","E","R","M","E","M","R","$","M","B",null],"character_chosen":"THE_AUTOMATON","items_purchased":["bronze:Shell","hexamod:CandleOfCauterizing","bronze:MaxOutput","OrangePellets","bronze:Iterate"],"campfire_rested":1,"item_purchase_floors":[21,28,28,48,48],"current_hp_per_floor":[70,69,68,68,61,61,61,60,60,58,58,47,56,56,56,43,70,70,69,69,69,59,51,51,63,55,51,51,66,66,51,58,55,70,70,69,68,70,44,39,39,23,62,62,36,42,63,70,70,62],"gold":217,"neow_bonus":"RANDOM_COMMON_RELIC","is_daily":false,"chose_seed":false,"campfire_upgraded":8,"win_rate":0.0,"timestamp":1614067139,"path_taken":["R","M","M","?","?","R","T","E","?","M","?","M","R","M","M","BOSS","R","M","?","$","M","?","T","R","?","M","?","R","?","E","M","BOSS","R","M","?","M","?","M","T","E","R","M","E","M","R","?","M","BOSS"],"items_purchased_type":["Card","Relic","Card","Relic","Card"],"build_version":"2020-12-22","purchased_purges":3,"victory":true,"max_hp_per_floor":[70,70,70,70,70,70,70,70,70,70,70,70,70,70,70,70,70,70,70,70,70,70,70,70,70,70,70,70,70,70,70,70,70,70,70,70,70,70,70,70,70,70,70,70,70,70,70,70,70,70],"card_choices":[{"not_picked":["bronze:Shield","bronze:OilSpill"],"picked":"bronze:Frontload","floor":2.0},{"not_picked":["bronze:Overload","bronze:Overheat"],"picked":"bronze:ItsAFeature","floor":3.0},{"not_picked":["bronze:Constructor","bronze:WhirlingStrike"],"picked":"bronze:ClassDefault","floor":8.0},{"not_picked":["bronze:Iterate","bronze:ForLoop"],"picked":"bronze:ChildClass","floor":10.0},{"not_picked":["bronze:Branch","bronze:WildBeam"],"picked":"bronze:BugBarrage","floor":11.0},{"not_picked":["bronze:FineTuning","bronze:Philosophize"],"picked":"bronze:Optimize","floor":12.0},{"not_picked":["bronze:CutThrough","bronze:BugBarrage"],"picked":"bronze:WildBeam","floor":15.0},{"not_picked":["bronze:FindAndReplace","bronze:Virus"],"picked":"bronze:Verify","floor":16.0},{"not_picked":["bronze:DelayedSlice","bronze:MaxOutput"],"picked":"bronze:Fortify","floor":19.0},{"not_picked":["bronze:Constructor","bronze:Deprecate"],"picked":"bronze:Break","floor":21.0},{"not_picked":["bronze:DelayedGuard","bronze:Branch+1"],"picked":"bronze:Iterate","floor":22.0},{"not_picked":[],"picked":"bronze:DonuBeam","floor":26.0},{"not_picked":[],"picked":"bronze:DecaBeam","floor":26.0},{"not_picked":["bronze:BronzeOrb","bronze:Iterate"],"picked":"bronze:BugBarrage+1","floor":26.0},{"not_picked":["bronze:Iterate","bronze:BuggyMess"],"picked":"bronze:Allocate","floor":27.0},{"not_picked":["bronze:FineTuning","bronze:Branch"],"picked":"bronze:ItsAFeature","floor":28.0},{"not_picked":["bronze:OilSpill","bronze:WildBeam+1"],"picked":"bronze:Repair","floor":30.0},{"not_picked":["bronze:Fortify","bronze:Optimize"],"picked":"bronze:ClassDefault+1","floor":31.0},{"not_picked":["bronze:Separator","bronze:DarkDash","bronze:Branch+1"],"picked":"SKIP","floor":32.0},{"not_picked":["bronze:CleanCode","bronze:HardenedForm"],"picked":"bronze:FindAndReplace","floor":33.0},{"not_picked":["bronze:Frontload","bronze:WhirlingStrike+1","bronze:DelayedSlice"],"picked":"SKIP","floor":36.0},{"not_picked":["bronze:BugBarrage+1","bronze:FollowUp+1"],"picked":"bronze:Overload","floor":37.0},{"not_picked":["bronze:Deprecate+1","bronze:Constructor+1","bronze:ChildClass+1"],"picked":"SKIP","floor":38.0},{"not_picked":["bronze:Shield","bronze:SpaghettiCode","bronze:BugBarrage"],"picked":"SKIP","floor":40.0},{"not_picked":["bronze:BugBarrage+1","bronze:DelayedSlice+1","bronze:Turbo+1"],"picked":"SKIP","floor":42.0},{"not_picked":["bronze:BugBarrage+1","bronze:Backtrace"],"picked":"bronze:Return+1","floor":44.0},{"not_picked":["bronze:DigitalCarnage+1","bronze:Turbo","bronze:ClassDefault+1"],"picked":"SKIP","floor":45.0},{"not_picked":["bronze:Iterate+1","bronze:GetLatest"],"picked":"bronze:FineTuning+1","floor":46.0},{"not_picked":["bronze:DelayedGuard+1","bronze:MaxOutput"],"picked":"bronze:BitShift+1","floor":48},{"not_picked":["bronze:Repulsor","bronze:ThunderWave"],"picked":"bronze:Boost","floor":49}],"player_experience":1738166,"relics_obtained":[{"floor":7.0,"key":"Turnip"},{"floor":8.0,"key":"Eternal Feather"},{"floor":23.0,"key":"Calipers"},{"floor":23.0,"key":"Ornamental Fan"},{"floor":24.0,"key":"Anchor"},{"floor":31.0,"key":"Mummified Hand"},{"floor":39.0,"key":"Ice Cream"},{"floor":41.0,"key":"Ancient Tea Set"},{"floor":42.0,"key":"Smiling Mask"},{"floor":45.0,"key":"War Paint"}],"event_choices":[{"damage_healed":0.0,"max_hp_gain":0.0,"max_hp_loss":0.0,"gold_gain":0.0,"event_name":"Scrap Ooze","player_choice":"Success","floor":5.0,"gold_loss":0.0,"damage_taken":7.0,"relics_obtained":["Slimebound:PreparedRelic"]},{"damage_healed":0.0,"max_hp_gain":0.0,"max_hp_loss":0.0,"gold_gain":0.0,"event_name":"Mysterious Sphere","player_choice":"Fight","floor":39.0,"gold_loss":0.0,"damage_taken":0.0}],"is_beta":false,"boss_relics":[{"not_picked":["Black Star","Velvet Choker"],"picked":"Cursed Key"},{"not_picked":["Tiny House","Calling Bell"],"picked":"Sozu"}],"items_purged_floors":[21,28,48],"is_endless":false,"potions_floor_spawned":[8,11,16,22,23,27,30,31,32,40,44,45,49],"ascension_level":0}}