{"host":"af4pzp5tm7cfibaw","time":1614040613,"event":{"mods":["AchievementEnabler","BaseMod","BetterRewards","Highlight Path","Minty Spire (QoL Compilation)","StSLib","SuperFastMode"],"gold_per_floor":[112,126,301,321,321,354,354,388,415,425,41,51,51,64,64,167,167,155,0,10,22,38,38,38],"floor_reached":23,"language":"ENG","playtime":951,"items_purged":["Strike_B"],"score":256,"play_id":"3de634aa-7f35-465e-b6d3-24dae4536358","local_time":"20210223133653","is_ascension_mode":true,"campfire_choices":[{"floor":7.0,"key":"REST"},{"floor":13.0,"key":"REST"},{"floor":15.0,"key":"REST"}],"circlet_count":0,"master_deck":["Strike_B","Strike_B","Strike_B","Defend_B","Defend_B","Defend_B","Defend_B","Zap","Dualcast","Finesse","Compile Driver","Leap","Redo","Capacitor","Core Surge","Melter","Capacitor","Cold Snap","Hologram","Genetic Algorithm","Hologram","Machine Learning","Ball Lightning","Chaos","Amplify","Turbo"],"relics":["Cracked Core","Oddly Smooth Stone","Ancient Tea Set","Anchor","Membership Card","Mummified Hand","Snecko Eye","Omamori","Lee\u0027s Waffle"],"acts_visited":["Exordium","TheCity"],"potions_floor_usage":[23],"damage_taken":[{"damage":1.0,"enemies":"Cultist","floor":1.0,"turns":3.0},{"damage":9.0,"enemies":"2 Louse","floor":2.0,"turns":2.0},{"damage":4.0,"enemies":"Small Slimes","floor":4.0,"turns":3.0},{"damage":41.0,"enemies":"Lagavulin","floor":6.0,"turns":6.0},{"damage":28.0,"enemies":"Gremlin Nob","floor":8.0,"turns":4.0},{"damage":5.0,"enemies":"Gremlin Gang","floor":10.0,"turns":6.0},{"damage":0.0,"enemies":"Looter","floor":12.0,"turns":3.0},{"damage":0.0,"enemies":"3 Louse","floor":14.0,"turns":3.0},{"damage":40.0,"enemies":"Slime Boss","floor":16.0,"turns":13.0},{"damage":5.0,"enemies":"2 Thieves","floor":18.0,"turns":4.0},{"damage":12.0,"enemies":"3 Byrds","floor":20.0,"turns":5.0},{"damage":52.0,"enemies":"Shelled Parasite and Fungi","floor":21.0,"turns":6.0},{"damage":0.0,"enemies":"Snecko","floor":22.0,"turns":5.0},{"damage":19,"enemies":"Book of Stabbing","floor":23,"turns":2}],"seed_played":"-7754759036194602757","potions_obtained":[{"floor":1.0,"key":"Strength Potion"},{"floor":6.0,"key":"FocusPotion"},{"floor":14.0,"key":"BlessingOfTheForge"},{"floor":16.0,"key":"Fire Potion"},{"floor":20.0,"key":"Block Potion"},{"floor":22.0,"key":"Dexterity Potion"}],"is_trial":false,"path_per_floor":["M","M","?","M","?","E","R","E","T","M","$","M","R","M","R","B",null,"M","$","M","M","M","E"],"character_chosen":"DEFECT","items_purchased":["Membership Card","Mummified Hand","Capacitor","Cold Snap","Hologram","Omamori","Lee\u0027s Waffle"],"campfire_rested":3,"item_purchase_floors":[11,11,11,11,11,19,19],"current_hp_per_floor":[74,65,65,61,61,20,42,14,14,9,9,9,31,31,53,13,60,55,82,70,18,18,0,0],"gold":38,"neow_bonus":"RANDOM_COLORLESS","is_daily":false,"chose_seed":false,"campfire_upgraded":0,"win_rate":0.0,"timestamp":1614040613,"path_taken":["M","M","?","M","?","E","R","E","T","M","$","M","R","M","R","BOSS","M","$","M","?","M","E"],"items_purchased_type":["Relic","Relic","Card","Card","Card","Relic","Relic"],"build_version":"2020-12-22","purchased_purges":1,"victory":false,"max_hp_per_floor":[75,75,75,75,75,75,75,75,75,75,75,75,75,75,75,75,75,75,82,82,82,82,82,82],"card_choices":[{"not_picked":["Panacea","Bandage Up"],"picked":"Finesse","floor":0.0},{"not_picked":["Leap","Conserve Battery"],"picked":"Compile Driver","floor":1.0},{"not_picked":["Go for the Eyes","Tempest"],"picked":"Leap","floor":2.0},{"not_picked":["Gash","Tempest"],"picked":"Redo","floor":4.0},{"not_picked":["Turbo","Sweeping Beam"],"picked":"Capacitor","floor":6.0},{"not_picked":["Storm","Skim"],"picked":"Core Surge","floor":8.0},{"not_picked":["Gash","Stack"],"picked":"Melter","floor":10.0},{"not_picked":["Beam Cell","Reinforced Body"],"picked":"Genetic Algorithm","floor":12.0},{"not_picked":["Turbo","Cold Snap"],"picked":"Hologram","floor":14.0},{"not_picked":["Amplify","Seek"],"picked":"Machine Learning","floor":16.0},{"not_picked":["Cold Snap+1","Stack"],"picked":"Ball Lightning","floor":18.0},{"not_picked":["Conserve Battery","FTL"],"picked":"Chaos","floor":20.0},{"not_picked":["Sweeping Beam","Beam Cell"],"picked":"Amplify","floor":21.0},{"not_picked":["Gash+1","Genetic Algorithm"],"picked":"Turbo","floor":22.0}],"player_experience":334784,"relics_obtained":[{"floor":6.0,"key":"Oddly Smooth Stone"},{"floor":8.0,"key":"Ancient Tea Set"},{"floor":9.0,"key":"Anchor"}],"event_choices":[{"damage_healed":0.0,"max_hp_gain":0.0,"max_hp_loss":0.0,"gold_gain":175.0,"event_name":"Liars Game","player_choice":"AGREE","floor":3.0,"gold_loss":0.0,"damage_taken":0.0,"cards_obtained":["Doubt"]},{"cards_removed":["Doubt"],"damage_healed":0.0,"max_hp_gain":0.0,"max_hp_loss":0.0,"gold_gain":0.0,"event_name":"Purifier","player_choice":"Purged","floor":5.0,"gold_loss":0.0,"damage_taken":0.0}],"is_beta":false,"boss_relics":[{"not_picked":["Busted Crown","FrozenCore"],"picked":"Snecko Eye"}],"items_purged_floors":[11],"is_endless":false,"potions_floor_spawned":[1,6,14,16,20,22],"killed_by":"Book of Stabbing","ascension_level":5}}