{"host":"7jxhn92mkgyil7o5","time":1614093620,"event":{"mods":["BaseMod","Colored Map","Colored Powertips","Friendly Minions","Hermit","Kiyohime????","Marisa????????","Minty Spire (QoL Compilation)","Permanent Neow","StSLib","The Cursed","The Disciple","The Hierophant","The Poker Player","The Runesmith"],"gold_per_floor":[219,219,234,251,7,36,36,36,59,71,71,85,101,126,126,201,201,212,212,228,228,49,49,81,31,56,56,12,12,12,27,27,27,27],"floor_reached":33,"language":"ENG","playtime":1216,"items_purged":["Pain"],"score":571,"play_id":"44a77d89-2cf8-4482-a203-2d7b62f061eb","local_time":"20210223162020","is_ascension_mode":true,"campfire_choices":[{"data":"Footwork","floor":8.0,"key":"SMITH"},{"data":"Neutralize","floor":11.0,"key":"SMITH"},{"data":"Burst","floor":15,"key":"SMITH"},{"data":"Footwork","floor":23,"key":"SMITH"},{"data":"Night Terror","floor":32,"key":"SMITH"}],"circlet_count":0,"master_deck":["AscendersBane","Strike_G+1","Strike_G","Strike_G","Defend_G","Defend_G","Defend_G","Defend_G","Defend_G","Survivor","Neutralize+1","Caltrops","Tactician","Eviscerate","Dodge and Roll","Footwork+1","Caltrops","Crippling Poison","Backstab+1","Expertise","Deflect","Bouncing Flask","Burst+1","PiercingWail","All Out Attack","Night Terror+1","Backflip","Writhe","Footwork+1","Blade Dance","Blade Dance","Envenom","Well Laid Plans","Shame","RitualDagger"],"relics":["Ring of the Snake","Orrery","Whetstone","Akabeko","Juzu Bracelet","SacredBark","WarpedTongs","Bronze Scales","Bottled Flame","Regal Pillow","Happy Flower"],"acts_visited":["Exordium","TheCity"],"potions_floor_usage":[14,18,20,33],"damage_taken":[{"damage":8.0,"enemies":"Small Slimes","floor":1.0,"turns":5.0},{"damage":2.0,"enemies":"Cultist","floor":3.0,"turns":5.0},{"damage":3.0,"enemies":"2 Louse","floor":4.0,"turns":3.0},{"damage":8.0,"enemies":"Lagavulin","floor":6.0,"turns":8.0},{"damage":2.0,"enemies":"Lots of Slimes","floor":10.0,"turns":3.0},{"damage":0,"enemies":"Looter","floor":12,"turns":1},{"damage":0,"enemies":"Exordium Thugs","floor":13,"turns":4},{"damage":5,"enemies":"3 Sentries","floor":14,"turns":6},{"damage":14,"enemies":"The Guardian","floor":16,"turns":14},{"damage":0,"enemies":"3 Byrds","floor":18,"turns":4},{"damage":1,"enemies":"Chosen","floor":20,"turns":3},{"damage":4,"enemies":"Book of Stabbing","floor":24,"turns":6},{"damage":3,"enemies":"Snake Plant","floor":31,"turns":2},{"damage":45,"enemies":"Automaton","floor":33,"turns":6}],"seed_played":"-2208909440737840928","potions_obtained":[{"floor":1.0,"key":"LiquidMemories"},{"floor":13,"key":"DistilledChaos"},{"floor":16,"key":"LiquidMemories"},{"floor":18,"key":"DistilledChaos"}],"is_trial":false,"path_per_floor":["M","?","M","M","$","E","$","R","T","M","R","M","M","E","R","B",null,"M","?","M","?","$","R","E","?","T","?","$","?","?","M","R","B"],"character_chosen":"THE_SILENT","items_purchased":["Orrery","Poison Potion","Deflect","Footwork","Blade Dance","Well Laid Plans"],"campfire_rested":0,"item_purchase_floors":[5,5,5,22,22,28],"current_hp_per_floor":[51,51,49,46,46,38,38,38,38,36,36,36,36,31,31,17,54,54,54,53,53,53,53,49,49,49,49,49,49,43,40,40,0,0],"gold":27,"neow_bonus":"HUNDRED_GOLD","is_daily":false,"chose_seed":false,"campfire_upgraded":5,"win_rate":0.0,"timestamp":1614093620,"path_taken":["M","?","M","M","$","E","?","R","T","M","R","M","?","E","R","BOSS","M","?","M","?","$","R","E","?","T","?","?","?","?","M","R","BOSS"],"items_purchased_type":["Relic","Potion","Card","Card","Card","Card"],"build_version":"2020-12-22","purchased_purges":1,"victory":false,"max_hp_per_floor":[66,66,66,66,66,66,66,66,66,66,66,66,66,66,66,66,66,66,66,66,66,66,66,66,66,66,66,66,66,66,66,66,66,66],"card_choices":[{"not_picked":["Terror","Deadly Poison"],"picked":"Caltrops","floor":1.0},{"not_picked":["Catalyst","Cloak And Dagger"],"picked":"Eviscerate","floor":3.0},{"not_picked":["Poisoned Stab","Backflip"],"picked":"Dodge and Roll","floor":4.0},{"not_picked":["Dagger Spray","Flying Knee"],"picked":"Footwork","floor":5.0},{"not_picked":["Escape Plan","Terror"],"picked":"Caltrops","floor":5.0},{"not_picked":["Deadly Poison","Expertise"],"picked":"Crippling Poison","floor":5.0},{"not_picked":["Concentrate","Finisher"],"picked":"Backstab","floor":5.0},{"not_picked":["Slice","Poisoned Stab"],"picked":"Expertise","floor":5.0},{"not_picked":["Infinite Blades","Dagger Spray"],"picked":"Bouncing Flask","floor":6.0},{"not_picked":["Outmaneuver","Distraction","Finisher"],"picked":"SKIP","floor":10.0},{"not_picked":["Expertise","Outmaneuver"],"picked":"Burst","floor":12},{"not_picked":["Prepared","Eviscerate"],"picked":"PiercingWail","floor":13},{"not_picked":["Dodge and Roll","Eviscerate"],"picked":"All Out Attack","floor":14},{"not_picked":["Grand Finale","Phantasmal Killer"],"picked":"Night Terror","floor":16},{"not_picked":["Riddle With Holes","All Out Attack"],"picked":"Backflip","floor":18},{"not_picked":["Heel Hook","Bane","Dagger Throw"],"picked":"SKIP","floor":20},{"not_picked":["Finisher+1","Deflect"],"picked":"Blade Dance","floor":24},{"not_picked":["Sucker Punch","Bane","Backflip"],"picked":"SKIP","floor":31}],"player_experience":2033007,"relics_obtained":[{"floor":6.0,"key":"Whetstone"},{"floor":9.0,"key":"Akabeko"},{"floor":14,"key":"Juzu Bracelet"},{"floor":24,"key":"Bottled Flame"},{"floor":26,"key":"Regal Pillow"}],"event_choices":[{"damage_healed":0.0,"max_hp_gain":0.0,"max_hp_loss":0.0,"gold_gain":0.0,"cards_transformed":["Strike_G"],"event_name":"Transmorgrifier","player_choice":"Transformed","floor":2.0,"gold_loss":0.0,"damage_taken":0.0,"cards_obtained":["Tactician"]},{"damage_healed":0,"gold_gain":0,"player_choice":"Rummage","damage_taken":0,"relics_obtained":["WarpedTongs"],"max_hp_gain":0,"max_hp_loss":0,"event_name":"Accursed Blacksmith","floor":19,"gold_loss":0,"cards_obtained":["Pain"]},{"damage_healed":0,"gold_gain":0,"player_choice":"Opened","damage_taken":0,"relics_obtained":["Bronze Scales"],"max_hp_gain":0,"max_hp_loss":0,"event_name":"The Mausoleum","floor":21,"gold_loss":0,"cards_obtained":["Writhe"]},{"damage_healed":0,"gold_gain":0,"player_choice":"Bet on Murderer","damage_taken":0,"max_hp_gain":0,"max_hp_loss":0,"event_name":"The Joust","floor":25,"gold_loss":50},{"damage_healed":0,"gold_gain":0,"cards_transformed":["Strike_G"],"player_choice":"Transformed","damage_taken":0,"max_hp_gain":0,"max_hp_loss":0,"event_name":"Transmorgrifier","floor":27,"gold_loss":0,"cards_obtained":["Envenom"]},{"damage_healed":0,"gold_gain":0,"player_choice":"Stole Relic","damage_taken":0,"relics_obtained":["Happy Flower"],"max_hp_gain":0,"max_hp_loss":0,"event_name":"Addict","floor":29,"gold_loss":0,"cards_obtained":["Shame"]},{"damage_healed":0,"gold_gain":0,"player_choice":"Joined the Cult","damage_taken":6,"max_hp_gain":0,"max_hp_loss":0,"event_name":"Nest","floor":30,"gold_loss":0,"cards_obtained":["RitualDagger"]}],"is_beta":false,"boss_relics":[{"not_picked":["Fusion Hammer","Tiny House"],"picked":"SacredBark"}],"items_purged_floors":[22],"is_endless":false,"potions_floor_spawned":[1,13,16,18],"killed_by":"Automaton","ascension_level":20}}