{"host":"8d3fefv2347kqkpz","time":1614075526,"event":{"mods":["AchievementEnabler","BaseMod","Better Vampires","BetterRewards","Colored Map","Colored Powertips","Downfall","Emptier Cage","Highlight Path","Marked Mod","Minty Spire (QoL Compilation)","Permanent Neow","Quick Restart","Rare Cards Sparkle","Relic Stats","Say the Spire","Spicy Shops","StSLib","Waifu the Spire"],"gold_per_floor":[118,118,118,48,66,100,100,129,129,158,168,187,218,232,232,329,329,349,368,14,32,32,32,57,57,83,113,140,140,167,42,42,139,139,153,169,19,32,32,66,66,397,397,426,445,477,487,520,520,520],"floor_reached":51,"language":"ZHS","playtime":2381,"items_purged":["Acrobatics","Eviscerate","Underhanded Strike","Deflect"],"score":1361,"play_id":"11936a29-5135-4169-9b9a-31ae419f6b85","local_time":"20210223181846","daily_mods":["SealedDeck","Red Cards","Heirloom","DeadlyEvents","Elite Swarm"],"is_ascension_mode":true,"campfire_choices":[{"data":"Rage","floor":7.0,"key":"SMITH"},{"data":"Juggernaut","floor":15.0,"key":"SMITH"},{"data":"Apotheosis","floor":23.0,"key":"SMITH"},{"data":"After Image","floor":29.0,"key":"SMITH"},{"data":"Adrenaline","floor":32.0,"key":"SMITH"},{"floor":41.0,"key":"REST"},{"floor":49.0,"key":"REST"}],"circlet_count":0,"master_deck":["Prepared","Acrobatics","Blade Dance","Flex","Rage+1","Burst","Adrenaline","Juggernaut+1","Juggernaut","Battle Trance","Adrenaline+1","Apotheosis+1","Envenom","Storm of Steel","After Image+1","Envenom","Well Laid Plans+1","Bullet Time+1","Warcry+1","Tactician+1"],"relics":["Ring of the Snake","Tough Bandages","Blue Candle","Prayer Wheel","Sundial","Gremlin Horn","Incense Burner","Empty Cage","Mango","Oddly Smooth Stone","champ:DeflectingBracers","Potion Belt","Fusion Hammer","Unceasing Top","Old Coin","Pear","Toxic Egg 2","Vajra","Bottled Tornado"],"acts_visited":["Exordium","TheCity","TheBeyond"],"potions_floor_usage":[],"damage_taken":[{"damage":0.0,"enemies":"Jaw Worm","floor":1.0,"turns":1.0},{"damage":0.0,"enemies":"Small Slimes","floor":5.0,"turns":2.0},{"damage":0.0,"enemies":"3 Sentries","floor":6.0,"turns":3.0},{"damage":14.0,"enemies":"Gremlin Nob","floor":8.0,"turns":4.0},{"damage":12.0,"enemies":"Lagavulin","floor":10.0,"turns":4.0},{"damage":0.0,"enemies":"Cultist","floor":11.0,"turns":2.0},{"damage":0.0,"enemies":"Exordium Thugs","floor":12.0,"turns":4.0},{"damage":0.0,"enemies":"Gremlin Nob","floor":13.0,"turns":2.0},{"damage":0.0,"enemies":"3 Louse","floor":14.0,"turns":2.0},{"damage":3.0,"enemies":"The Guardian","floor":16.0,"turns":5.0},{"damage":0.0,"enemies":"Chosen","floor":18.0,"turns":1.0},{"damage":0.0,"enemies":"2 Thieves","floor":19.0,"turns":1.0},{"damage":0.0,"enemies":"Cultist and Chosen","floor":21.0,"turns":3.0},{"damage":0.0,"enemies":"Gremlin Leader","floor":24.0,"turns":1.0},{"damage":0.0,"enemies":"Book of Stabbing","floor":27.0,"turns":2.0},{"damage":0.0,"enemies":"Slavers","floor":28.0,"turns":3.0},{"damage":0.0,"enemies":"Book of Stabbing","floor":30.0,"turns":2.0},{"damage":0.0,"enemies":"Collector","floor":33.0,"turns":3.0},{"damage":0.0,"enemies":"3 Shapes","floor":35.0,"turns":2.0},{"damage":0.0,"enemies":"3 Darklings","floor":36.0,"turns":2.0},{"damage":0.0,"enemies":"4 Shapes","floor":38.0,"turns":2.0},{"damage":0.0,"enemies":"Nemesis","floor":40.0,"turns":3.0},{"damage":0.0,"enemies":"Giant Head","floor":42.0,"turns":2.0},{"damage":0.0,"enemies":"Reptomancer","floor":44.0,"turns":1.0},{"damage":0.0,"enemies":"Transient","floor":45.0,"turns":3.0},{"damage":0.0,"enemies":"Nemesis","floor":46.0,"turns":1.0},{"damage":6.0,"enemies":"Sphere and 2 Shapes","floor":47.0,"turns":2.0},{"damage":0.0,"enemies":"Reptomancer","floor":48.0,"turns":3.0},{"damage":12,"enemies":"Awakened One","floor":50,"turns":3}],"seed_played":"-5532086909697307356","potions_obtained":[{"floor":10.0,"key":"Weak Potion"},{"floor":12.0,"key":"ColorlessPotion"},{"floor":13.0,"key":"Swift Potion"},{"floor":14.0,"key":"Regen Potion"},{"floor":21.0,"key":"FairyPotion"},{"floor":30.0,"key":"BlessingOfTheForge"},{"floor":33.0,"key":"Swift Potion"},{"floor":40.0,"key":"Energy Potion"},{"floor":46.0,"key":"PowerPotion"}],"is_trial":true,"path_per_floor":["M","?","?","$","M","E","R","E","T","E","M","M","E","M","R","B",null,"M","M","$","M","$","R","E","?","T","E","E","R","E","$","R","B",null,"M","M","$","M","?","E","R","E","T","E","M","E","M","E","R","B",null],"character_chosen":"THE_SILENT","items_purchased":["Footwork","Apotheosis"],"campfire_rested":2,"item_purchase_floors":[4,20],"current_hp_per_floor":[70,75,75,75,75,75,75,61,61,49,49,49,49,49,49,46,75,75,75,75,75,75,75,89,89,89,89,89,89,89,89,89,89,89,89,89,89,89,89,89,89,89,99,99,99,99,93,93,99,87],"gold":520,"neow_bonus":"","is_daily":false,"chose_seed":false,"campfire_upgraded":5,"win_rate":0.0,"timestamp":1614075526,"path_taken":["M","?","?","$","M","E","R","E","T","E","M","?","E","M","R","BOSS","M","M","?","?","$","R","E","?","T","?","E","R","E","$","R","BOSS","M","M","$","?","?","E","R","E","T","E","M","E","?","E","R","BOSS"],"items_purchased_type":["Card","Card"],"build_version":"2020-12-22","purchased_purges":4,"victory":true,"max_hp_per_floor":[70,75,75,75,75,75,75,75,75,75,75,75,75,75,75,75,75,75,75,75,75,75,75,89,89,89,89,89,89,89,89,89,89,89,89,89,89,89,89,89,89,89,99,99,99,99,99,99,99,99],"relic_stats":{"Tough Bandages":[303],"Gremlin Horn":[10,28],"counters":[29,69],"Sundial":[30],"Blue Candle":[0],"Prayer Wheel":11,"obtain_stats":[{"Potion Belt":28,"Pear":43,"Gremlin Horn":10,"Blue Candle":6,"Oddly Smooth Stone":26,"Vajra":46,"Mango":24,"champ:DeflectingBracers":27,"Incense Burner":13,"Bottled Tornado":48,"Empty Cage":17,"Old Coin":42,"Tough Bandages":0,"Sundial":9,"Prayer Wheel":8,"Fusion Hammer":34,"Toxic Egg 2":44,"Unceasing Top":40,"Ring of the Snake":0},{"Potion Belt":16,"Pear":23,"Gremlin Horn":5,"Blue Candle":3,"Oddly Smooth Stone":14,"Vajra":26,"Mango":14,"champ:DeflectingBracers":15,"Incense Burner":8,"Bottled Tornado":28,"Empty Cage":10,"Old Coin":23,"Tough Bandages":0,"Sundial":4,"Prayer Wheel":4,"Fusion Hammer":18,"Toxic Egg 2":24,"Unceasing Top":22,"Ring of the Snake":0},{"Potion Belt":40,"Pear":56,"Gremlin Horn":14,"Blue Candle":6,"Oddly Smooth Stone":35,"Vajra":61,"Mango":35,"champ:DeflectingBracers":37,"Incense Burner":22,"Bottled Tornado":66,"Empty Cage":29,"Old Coin":56,"Tough Bandages":0,"Sundial":10,"Prayer Wheel":10,"Fusion Hammer":45,"Toxic Egg 2":57,"Unceasing Top":54,"Ring of the Snake":0}],"Unceasing Top":[0],"Ring of the Snake":[58]},"card_choices":[{"not_picked":["Riddle With Holes","True Grit","Shrug It Off"],"picked":"SKIP","floor":1.0},{"not_picked":["Setup","Blade Dance"],"picked":"Rage","floor":5.0},{"not_picked":["Unload","Doppelganger"],"picked":"Burst","floor":6.0},{"not_picked":["Wraith Form v2","Bludgeon"],"picked":"Adrenaline","floor":8.0},{"not_picked":["Burst","Tools of the Trade"],"picked":"Juggernaut","floor":10.0},{"not_picked":["Anger","Dual Wield","Clash"],"picked":"SKIP","floor":11.0},{"not_picked":["Metallicize","Shrug It Off","Prepared"],"picked":"SKIP","floor":11.0},{"not_picked":["Dark Embrace","Bane","Clash"],"picked":"SKIP","floor":12.0},{"not_picked":["Power Through","Deflect","Backflip"],"picked":"SKIP","floor":12.0},{"not_picked":["Night Terror","Immolate"],"picked":"Juggernaut","floor":13.0},{"not_picked":["Inflame","Blood for Blood"],"picked":"Battle Trance","floor":14.0},{"not_picked":["Pummel","Riddle With Holes","Noxious Fumes"],"picked":"SKIP","floor":14.0},{"not_picked":["Burst","Immolate"],"picked":"Adrenaline","floor":16.0},{"not_picked":["Prepared","Bane","Concentrate"],"picked":"SKIP","floor":18.0},{"not_picked":["Clothesline","Finisher","Cloak And Dagger"],"picked":"SKIP","floor":18.0},{"not_picked":["Poisoned Stab","Deadly Poison","PiercingWail"],"picked":"SKIP","floor":19.0},{"not_picked":["Iron Wave","Backflip","Sucker Punch"],"picked":"SKIP","floor":19.0},{"not_picked":["Metallicize","Iron Wave"],"picked":"Envenom","floor":21.0},{"not_picked":["Bane","Backflip","Slice+1"],"picked":"SKIP","floor":21.0},{"not_picked":["Envenom","Fiend Fire"],"picked":"Storm of Steel","floor":24.0},{"not_picked":["Corruption","Night Terror","Brutality"],"picked":"SKIP","floor":27.0},{"not_picked":["Offering","Corpse Explosion"],"picked":"After Image","floor":28.0},{"not_picked":["Juggernaut","A Thousand Cuts"],"picked":"Envenom","floor":30.0},{"not_picked":["Cleave","Combust+1","Prepared"],"picked":"SKIP","floor":35.0},{"not_picked":["Catalyst","Eviscerate","Poisoned Stab+1"],"picked":"SKIP","floor":35.0},{"not_picked":["Thunderclap","Iron Wave+1"],"picked":"Well Laid Plans+1","floor":36.0},{"not_picked":["Flex","Demon Form","Warcry"],"picked":"SKIP","floor":36.0},{"not_picked":["Dodge and Roll+1","Evolve","Second Wind"],"picked":"SKIP","floor":38.0},{"not_picked":["Prepared","Bane+1","Flying Knee"],"picked":"SKIP","floor":38.0},{"not_picked":["Storm of Steel","Venomology","Double Tap"],"picked":"SKIP","floor":40.0},{"not_picked":["Impervious","Corruption","Die Die Die"],"picked":"SKIP","floor":42.0},{"not_picked":["Wraith Form v2","Tools of the Trade"],"picked":"Bullet Time+1","floor":44.0},{"not_picked":["Cleave+1","Prepared+1"],"picked":"Warcry+1","floor":45.0},{"not_picked":["Pummel+1","Uppercut+1","Flying Knee+1"],"picked":"SKIP","floor":45.0},{"not_picked":["Night Terror+1","A Thousand Cuts","Bullet Time+1"],"picked":"SKIP","floor":46.0},{"not_picked":["Bane+1","Clash"],"picked":"Tactician+1","floor":47.0},{"not_picked":["Cleave+1","Dagger Spray+1","Blade Dance+1"],"picked":"SKIP","floor":47.0},{"not_picked":["Grand Finale","Limit Break+1","Burst+1"],"picked":"SKIP","floor":48.0}],"player_experience":517202,"relics_obtained":[{"floor":6.0,"key":"Blue Candle"},{"floor":8.0,"key":"Prayer Wheel"},{"floor":9.0,"key":"Sundial"},{"floor":10.0,"key":"Gremlin Horn"},{"floor":13.0,"key":"Incense Burner"},{"floor":24.0,"key":"Mango"},{"floor":26.0,"key":"Oddly Smooth Stone"},{"floor":27.0,"key":"champ:DeflectingBracers"},{"floor":28.0,"key":"Potion Belt"},{"floor":40.0,"key":"Unceasing Top"},{"floor":42.0,"key":"Old Coin"},{"floor":43.0,"key":"Pear"},{"floor":44.0,"key":"Toxic Egg 2"},{"floor":46.0,"key":"Vajra"},{"floor":48.0,"key":"Bottled Tornado"}],"event_choices":[{"damage_healed":0.0,"max_hp_gain":5.0,"max_hp_loss":0.0,"gold_gain":0.0,"event_name":"Big Fish","player_choice":"Donut","floor":2.0,"gold_loss":0.0,"damage_taken":0.0},{"damage_healed":0.0,"max_hp_gain":0.0,"max_hp_loss":0.0,"gold_gain":0.0,"event_name":"Liars Game","player_choice":"Ignored","floor":3.0,"gold_loss":0.0,"damage_taken":0.0},{"damage_healed":0.0,"max_hp_gain":0.0,"max_hp_loss":0.0,"gold_gain":0.0,"event_name":"The Woman in Blue","player_choice":"Bought 0 Potions","floor":25.0,"gold_loss":0.0,"damage_taken":0.0},{"damage_healed":0.0,"max_hp_gain":0.0,"max_hp_loss":0.0,"gold_gain":0.0,"event_name":"SensoryStone","player_choice":"Memory 1","floor":39.0,"gold_loss":0.0,"damage_taken":0.0}],"is_beta":false,"boss_relics":[{"not_picked":["Coffee Dripper","Ectoplasm"],"picked":"Empty Cage"},{"not_picked":["Black Star","Calling Bell"],"picked":"Fusion Hammer"}],"items_purged_floors":[20,20,31,37],"is_endless":false,"potions_floor_spawned":[10,12,13,14,16,21,24,27,30,33,35,38,40,44,46],"ascension_level":1}}