{"host":"m6e09adb7fik7oct","time":1614046331,"event":{"mods":["AchievementEnabler","BaseMod","Better Altar","Better Note","Better Sensory Stone","Better Third Choice","BetterRewards","Block Reminder","Colored Map","Displayed Cursed Tome","Energized Spire","Evolution","Infinite Spire","Ironclad Rager","Key Reminder","Mad Scientist","Minty Spire (QoL Compilation)","Quick Restart","RNG Fix","Relic Stats","Reorder Act Four","Replay The Spire","StSLib","The Construct","The Jungle","The Marked","Trackpad","Transform Curses","Unceasing Turn Reminder","Wandering Minibosses","everything is the same but u backflip on backflip"],"gold_per_floor":[144,189,139,71,116,206,206,296,321,411,114,114,114,159,159,459,609,654,654,304,304,304,304,568,658,658,703,208,298,298,388,388,688,688,733,883,883,883,20,20,110,160,222,234,246,303,315,417,429,441],"floor_reached":51,"language":"ENG","playtime":4441,"items_purged":["Body Slam","Clothesline","Sever Soul","Uppercut","Replay:Hysterical Blindness"],"score":971,"play_id":"199a3cbb-9993-43ef-8d64-e8c251bc2b2a","local_time":"20210222211211","daily_mods":["Draft","Flight","Midas"],"is_ascension_mode":false,"campfire_choices":[{"floor":12.0,"key":"REST"},{"floor":15.0,"key":"REST"},{"floor":23.0,"key":"REST"},{"floor":30.0,"key":"REST"},{"floor":32.0,"key":"REST"},{"floor":40.0,"key":"REST"},{"floor":44.0,"key":"REST"},{"floor":45.0,"key":"REST"},{"floor":49.0,"key":"REST"}],"circlet_count":0,"master_deck":["Thunderclap","Dark Embrace","Run Through","Headbutt+1","Heavy Blade+1","Battle Trance","Shockwave","Flex+1","Flame Barrier","ReplayTheSpireMod:Strike From Hell","Iron Wave+1","Second Wind+1","infinitespire:OneForAll+1","Seeing Red","Shrug It Off+1","Inflame","Immolate","Pommel Strike+1","Demon Form","Metallicize+1","Limit Break+1","Life Link+1","ReplayReversal+1","Infernal Blade+1","Madness+1","Madness","Mind Blast","Feel No Pain","Impervious","ReplayTheSpireMod:Faulty Equipment","Searing Blow"],"relics":["Burning Blood","EVO:Axolotl","Replay:Rubber Ducky","Pantograph","infinitespire:WardingShard","Pen Nib","Matryoshka","ReplayFunnel","Tiny House","construct:FoamFinger","Replay:Towering Pillar of Hats","Mark of Pain","Incense Burner","Anchor","Unceasing Top","War Paint","Gremlin Food","trackpad:RapidFire","trackpad:IceCube","Regal Pillow","Cursed Key","infinitespire:CursedDice","White Beast Statue","Question Card","infinitespire:BottledMercury","MawBank","Potion Belt","trackpad:FieryHotPepper","trackpad:Compendium"],"acts_visited":["Exordium","TheCity","TheBeyond"],"potions_floor_usage":[],"damage_taken":[{"damage":1.0,"enemies":"Cultist","floor":1.0,"turns":4.0},{"damage":8.0,"enemies":"Jaw Worm","floor":2.0,"turns":2.0},{"damage":6.0,"enemies":"2 Louse","floor":5.0,"turns":2.0},{"damage":24.0,"enemies":"3 Sentries","floor":6.0,"turns":7.0},{"damage":47.0,"enemies":"Lagavulin","floor":8.0,"turns":7.0},{"damage":12.0,"enemies":"3 Sentries","floor":10.0,"turns":6.0},{"damage":2.0,"enemies":"Gremlin Gang","floor":14.0,"turns":7.0},{"damage":34.0,"enemies":"The Guardian","floor":16.0,"turns":10.0},{"damage":7.0,"enemies":"Spheric Guardian","floor":18.0,"turns":3.0},{"damage":5.0,"enemies":"Replay:Snechameleon","floor":25.0,"turns":5.0},{"damage":0.0,"enemies":"2 Thieves","floor":27.0,"turns":3.0},{"damage":3.0,"enemies":"Book of Stabbing","floor":29.0,"turns":5.0},{"damage":0.0,"enemies":"Gremlin Leader","floor":31.0,"turns":4.0},{"damage":3.0,"enemies":"Automaton","floor":33.0,"turns":7.0},{"damage":0.0,"enemies":"Orb Walker","floor":35.0,"turns":2.0},{"damage":0.0,"enemies":"Mind Bloom Boss Battle","floor":36.0,"turns":4.0},{"damage":0.0,"enemies":"Nemesis","floor":41.0,"turns":5.0},{"damage":0.0,"enemies":"3 Shapes","floor":46.0,"turns":4.0},{"damage":0.0,"enemies":"Reptomancer","floor":48.0,"turns":4.0},{"damage":14,"enemies":"Time Eater","floor":50,"turns":8}],"seed_played":"-7386017133472573341","potions_obtained":[{"floor":1.0,"key":"Explosive Potion"},{"floor":8.0,"key":"LiquidMemories"},{"floor":10.0,"key":"Venom Potion"},{"floor":17.0,"key":"BloodPotion"},{"floor":46.0,"key":"Explosive Potion"},{"floor":48.0,"key":"Strength Potion"}],"is_trial":false,"path_per_floor":["M","M","?","$","M","E","T","E","T","E","$","R","?","M","R","B",null,"M","?","$","AVR","?","R","?","E","T","M","$","E","R","E","R","B",null,"M","?","?","?","$","R","E","T","T","R","R","M","AVR","E","R","B",null],"character_chosen":"IRONCLAD","items_purchased":["infinitespire:OneForAll","Inflame","ReplayFunnel","construct:FoamFinger","trackpad:RapidFire","Limit Break+1","White Beast Statue","Mind Blast","Feel No Pain","Impervious","Question Card","Elixir"],"campfire_rested":9,"item_purchase_floors":[4,11,11,20,28,28,39,39,39,39,39,39],"current_hp_per_floor":[113,111,111,111,111,93,93,52,52,46,46,79,79,83,113,85,118,117,94,94,94,94,118,118,118,118,118,118,118,118,118,118,118,118,118,118,118,103,103,118,118,118,118,118,118,118,118,118,118,110],"gold":453,"neow_bonus":"","is_daily":true,"chose_seed":false,"campfire_upgraded":0,"win_rate":0.0,"timestamp":1614046331,"path_taken":["M","M","?","$","?","E","?","E","T","E","$","R","?","?","R","BOSS","M","?","$","AVR","?","R","?","E","T","?","$","E","R","E","R","BOSS","M","?","?","?","$","R","E","?","T","R","R","?","AVR","E","R","BOSS"],"items_purchased_type":["Card","Card","Relic","Relic","Relic","Card","Relic","Card","Card","Card","Relic","Potion"],"build_version":"2020-12-22","purchased_purges":5,"victory":true,"max_hp_per_floor":[113,113,113,113,113,113,113,113,113,113,113,113,113,113,113,113,118,118,118,118,118,118,118,118,118,118,118,118,118,118,118,118,118,118,118,118,118,118,118,118,118,118,118,118,118,118,118,118,118,118],"relic_stats":{"Regal Pillow":0,"counters":[20,99],"Pantograph":0,"Pen Nib":[11],"War Paint":["Second Wind","Shrug It Off"],"Cursed Key":2,"Question Card":5,"MawBank":108,"obtain_stats":[{"ReplayFunnel":11,"infinitespire:BottledMercury":41,"Regal Pillow":31,"Tiny House":17,"construct:FoamFinger":20,"trackpad:IceCube":29,"Incense Burner":24,"EVO:Axolotl":0,"Cursed Key":34,"Burning Blood":0,"Replay:Rubber Ducky":6,"Matryoshka":10,"trackpad:RapidFire":28,"trackpad:FieryHotPepper":47,"Pantograph":7,"trackpad:Compendium":48,"Gremlin Food":26,"Potion Belt":43,"Replay:Towering Pillar of Hats":21,"infinitespire:CursedDice":36,"Pen Nib":9,"War Paint":26,"Question Card":39,"MawBank":42,"White Beast Statue":39,"Anchor":24,"infinitespire:WardingShard":8,"Mark of Pain":21,"Unceasing Top":25},{"ReplayFunnel":6,"infinitespire:BottledMercury":17,"Regal Pillow":13,"Tiny House":8,"construct:FoamFinger":9,"trackpad:IceCube":12,"Incense Burner":9,"EVO:Axolotl":0,"Cursed Key":14,"Burning Blood":0,"Replay:Rubber Ducky":4,"Matryoshka":6,"trackpad:RapidFire":11,"trackpad:FieryHotPepper":18,"Pantograph":4,"trackpad:Compendium":19,"Gremlin Food":10,"Potion Belt":17,"Replay:Towering Pillar of Hats":9,"infinitespire:CursedDice":16,"Pen Nib":5,"War Paint":10,"Question Card":16,"MawBank":17,"White Beast Statue":16,"Anchor":9,"infinitespire:WardingShard":5,"Mark of Pain":9,"Unceasing Top":10},{"ReplayFunnel":28,"infinitespire:BottledMercury":83,"Regal Pillow":65,"Tiny House":45,"construct:FoamFinger":48,"trackpad:IceCube":61,"Incense Burner":48,"EVO:Axolotl":0,"Cursed Key":72,"Burning Blood":0,"Replay:Rubber Ducky":15,"Matryoshka":28,"trackpad:RapidFire":56,"trackpad:FieryHotPepper":87,"Pantograph":15,"trackpad:Compendium":91,"Gremlin Food":53,"Potion Belt":83,"Replay:Towering Pillar of Hats":48,"infinitespire:CursedDice":78,"Pen Nib":22,"War Paint":53,"Question Card":78,"MawBank":83,"White Beast Statue":78,"Anchor":48,"infinitespire:WardingShard":22,"Mark of Pain":48,"Unceasing Top":53}],"Burning Blood":66,"Unceasing Top":[4]},"card_choices":[{"not_picked":["ReplayTheSpireMod:Muscle Training","Clash"],"picked":"Clothesline","floor":0.0},{"not_picked":["Havoc","Heavy Blade"],"picked":"Thunderclap","floor":0.0},{"not_picked":["Clash","Sword Boomerang"],"picked":"Dark Embrace","floor":0.0},{"not_picked":["Perfected Strike","Sword Boomerang"],"picked":"Body Slam","floor":0.0},{"not_picked":["Bloodletting","Havoc"],"picked":"Run Through","floor":0.0},{"not_picked":["Sword Boomerang","Sever Soul"],"picked":"Headbutt","floor":0.0},{"not_picked":["Clash","Twin Strike"],"picked":"Heavy Blade","floor":0.0},{"not_picked":["Body Slam","Havoc"],"picked":"Battle Trance","floor":0.0},{"not_picked":["Cleave","Wild Strike"],"picked":"Shockwave","floor":0.0},{"not_picked":["Replay:Undeath\u0027s Touch","Clothesline"],"picked":"Sever Soul","floor":0.0},{"not_picked":["Sword Boomerang","Replay:Undeath\u0027s Touch"],"picked":"Flex","floor":0.0},{"not_picked":["ICR:PowerAttack","Armaments"],"picked":"Flame Barrier","floor":0.0},{"not_picked":["Armaments","Heavy Blade"],"picked":"ReplayTheSpireMod:Strike From Hell","floor":0.0},{"not_picked":["Sword Boomerang","Body Slam"],"picked":"Iron Wave","floor":0.0},{"not_picked":["Clash","Flex"],"picked":"Headbutt","floor":0.0},{"not_picked":["Armaments","Body Slam"],"picked":"Second Wind","floor":1.0},{"not_picked":["ReplayTheSpireMod:Limb From Limb","ReplayTheSpireMod:Corrosion Curse"],"picked":"Uppercut","floor":2.0},{"not_picked":["Second Wind","Perfected Strike","Clothesline"],"picked":"SKIP","floor":5.0},{"not_picked":["Pommel Strike","Twin Strike","Clothesline"],"picked":"SKIP","floor":6.0},{"not_picked":["Havoc","Dark Embrace"],"picked":"Seeing Red","floor":8.0},{"not_picked":["Clothesline","Iron Wave"],"picked":"Shrug It Off","floor":10.0},{"not_picked":["Uppercut","Wild Strike","Burning Pact"],"picked":"SKIP","floor":14.0},{"not_picked":["Limit Break","Hemogenesis"],"picked":"Immolate","floor":16.0},{"not_picked":["Power Through","Shrug It Off"],"picked":"Pommel Strike+1","floor":18.0},{"not_picked":["Thunderclap+1","ICR:PowerAttack+1","Rupture"],"picked":"SKIP","floor":25.0},{"not_picked":["Power Through","Sword Boomerang"],"picked":"Metallicize+1","floor":27.0},{"not_picked":["Sever Soul","Body Slam"],"picked":"Life Link","floor":29.0},{"not_picked":["ReplayTheSpireMod:LeadingStrike","ReplayTheSpireMod:Strike From Hell+1","Demon Form"],"picked":"SKIP","floor":31.0},{"not_picked":["Dark Embrace","Flex+1","Sword Boomerang"],"picked":"SKIP","floor":35.0},{"not_picked":["Flame Barrier+1","Iron Wave+1"],"picked":"ReplayReversal+1","floor":36.0},{"not_picked":["Feel No Pain+1","Rampage","Flame Barrier","ICR:Frenzy"],"picked":"SKIP","floor":41.0},{"not_picked":["Pommel Strike","Havoc+1","Uppercut+1"],"picked":"Searing Blow","floor":46.0},{"not_picked":["Replay:Undeath\u0027s Touch+1","Life Link","ICR:Frenzy","Anger+1"],"picked":"SKIP","floor":48.0}],"player_experience":484553,"relics_obtained":[{"floor":6.0,"key":"Replay:Rubber Ducky"},{"floor":7.0,"key":"Pantograph"},{"floor":8.0,"key":"infinitespire:WardingShard"},{"floor":9.0,"key":"Pen Nib"},{"floor":10.0,"key":"Matryoshka"},{"floor":24.0,"key":"Incense Burner"},{"floor":24.0,"key":"Anchor"},{"floor":25.0,"key":"Unceasing Top"},{"floor":26.0,"key":"War Paint"},{"floor":26.0,"key":"Gremlin Food"},{"floor":29.0,"key":"trackpad:IceCube"},{"floor":31.0,"key":"Regal Pillow"},{"floor":36.0,"key":"infinitespire:CursedDice"},{"floor":41.0,"key":"infinitespire:BottledMercury"},{"floor":42.0,"key":"MawBank"},{"floor":43.0,"key":"Potion Belt"},{"floor":48.0,"key":"trackpad:Compendium"}],"event_choices":[{"cards_removed":["Headbutt"],"damage_healed":0.0,"max_hp_gain":0.0,"max_hp_loss":0.0,"gold_gain":0.0,"event_name":"The Cleric","player_choice":"Card Removal","floor":3.0,"gold_loss":50.0,"damage_taken":0.0},{"damage_healed":0.0,"max_hp_gain":0.0,"max_hp_loss":0.0,"gold_gain":0.0,"event_name":"Upgrade Shrine","player_choice":"Upgraded","floor":13.0,"gold_loss":0.0,"damage_taken":0.0,"cards_upgraded":["infinitespire:OneForAll"]},{"damage_healed":0.0,"max_hp_gain":0.0,"max_hp_loss":23.0,"gold_gain":2.0,"event_name":"betterStone:BetterStone","player_choice":"2","floor":19.0,"gold_loss":0.0,"damage_taken":0.0},{"damage_healed":0.0,"max_hp_gain":0.0,"max_hp_loss":0.0,"gold_gain":0.0,"event_name":"MindBloom","player_choice":"Fight","floor":36.0,"gold_loss":0.0,"damage_taken":0.0},{"damage_healed":0.0,"max_hp_gain":0.0,"max_hp_loss":0.0,"gold_gain":0.0,"event_name":"betterThird:BetterPortal","player_choice":"Random: Orange","floor":37.0,"gold_loss":0.0,"damage_taken":0.0},{"damage_healed":0.0,"max_hp_gain":0.0,"max_hp_loss":0.0,"gold_gain":0.0,"event_name":"Match and Keep!","player_choice":"1 cards matched","floor":37.0,"gold_loss":0.0,"damage_taken":0.0,"cards_obtained":["Infernal Blade"]},{"damage_healed":0.0,"max_hp_gain":0.0,"max_hp_loss":0.0,"gold_gain":0.0,"event_name":"Winding Halls","player_choice":"Embrace Madness","floor":38.0,"gold_loss":0.0,"damage_taken":15.0,"cards_obtained":["Madness","Madness"]}],"is_beta":false,"boss_relics":[{"not_picked":["Coffee Dripper","Empty Cage"],"picked":"Tiny House"},{"not_picked":["energizedSpire:OgreHead","energizedSpire:DeadBattery"],"picked":"Cursed Key"}],"items_purged_floors":[11,20,21,28,47],"is_endless":false,"potions_floor_spawned":[1,8,10,25,27,29,36,41,46,48],"ascension_level":0}}