{"host":"43wsnxh97mgjl5zw","time":1614069846,"event":{"mods":["Aspiration","BaseMod","Colored Map","Colored Powertips","Conspire","Downfall","Halation","Hubris","Minty Spire (QoL Compilation)","Quick Restart","Rare Cards Sparkle","Relic Sorter","Reliquary","Replay The Spire","StSLib"],"gold_per_floor":[110,27,27,39,53,53,81,81,81,81,106,106,116,116,116],"floor_reached":14,"language":"ENG","playtime":553,"items_purged":[],"score":196,"play_id":"3c2629bc-7e75-42d7-9926-2d1191a59f5f","local_time":"20210223104406","is_ascension_mode":true,"campfire_choices":[{"data":"ReplayTheSpireMod:Corrosion Curse","floor":6,"key":"SMITH"},{"data":"Hemogenesis","floor":8,"key":"SMITH"},{"data":"ReplayTheSpireMod:Stacked","floor":10,"key":"SMITH"}],"circlet_count":0,"master_deck":["AscendersBane","Strike_R","Strike_R","Strike_R","Strike_R","Defend_R","Defend_R","Defend_R","Defend_R","Bash","Battle Trance","ReplayTheSpireMod:Corrosion Curse+1","ReplayTheSpireMod:Stacked+1","Hemogenesis+1","Entrench","Whirlwind","Armaments"],"relics":["Burning Blood","Centennial Puzzle","reliquary:ExpiredCoupon","Replay:Wax Seal","reliquary:Sod"],"acts_visited":["Exordium"],"potions_floor_usage":[14,14],"damage_taken":[{"damage":6,"enemies":"Cultist","floor":1,"turns":3},{"damage":8,"enemies":"2 Louse","floor":4,"turns":4},{"damage":4,"enemies":"Jaw Worm","floor":5,"turns":5},{"damage":8,"enemies":"Replay:BlueRogue","floor":7,"turns":7},{"damage":67,"enemies":"3 Sentries","floor":11,"turns":14},{"damage":10,"enemies":"3 Louse","floor":13,"turns":5},{"damage":8,"enemies":"Gremlin Nob","floor":14,"turns":3}],"seed_played":"1920277566280490770","potions_obtained":[{"floor":4,"key":"champ:CounterPotion"},{"floor":11,"key":"Swift Potion"}],"is_trial":false,"path_per_floor":["M","$","?","M","M","R","E","R","T","R","E","?","M","E"],"character_chosen":"IRONCLAD","items_purchased":["ReplayTheSpireMod:Corrosion Curse"],"campfire_rested":0,"item_purchase_floors":[2],"current_hp_per_floor":[68,68,68,66,68,68,66,66,66,66,13,13,17,17,17],"gold":116,"neow_bonus":"RANDOM_COMMON_RELIC","is_daily":false,"chose_seed":false,"campfire_upgraded":3,"win_rate":0.0,"timestamp":1614069846,"path_taken":["M","?","?","?","M","R","E","R","T","R","E","?","M","E"],"items_purchased_type":["Card"],"build_version":"2020-12-22","purchased_purges":0,"victory":false,"max_hp_per_floor":[75,75,75,75,75,75,75,75,75,75,75,75,75,75,75],"card_choices":[{"not_picked":["Run Through","Pommel Strike"],"picked":"Battle Trance","floor":1},{"not_picked":["Perfected Strike","Evolve"],"picked":"Clash","floor":4},{"not_picked":["True Grit","Shrug It Off"],"picked":"ReplayTheSpireMod:Stacked","floor":5},{"not_picked":["Replay:Undeath\u0027s Touch","Armaments"],"picked":"Hemogenesis","floor":7},{"not_picked":["Warcry","Headbutt"],"picked":"Entrench","floor":11},{"not_picked":["Perfected Strike","Body Slam"],"picked":"Armaments","floor":13}],"player_experience":1282431,"relics_obtained":[{"floor":7,"key":"reliquary:ExpiredCoupon"},{"floor":9,"key":"Replay:Wax Seal"},{"floor":11,"key":"reliquary:Sod"}],"event_choices":[{"cards_removed":["Strike_R"],"damage_healed":0,"gold_gain":0,"player_choice":"Purged","damage_taken":0,"max_hp_gain":0,"max_hp_loss":0,"event_name":"Purifier","floor":3,"gold_loss":0},{"damage_healed":0,"gold_gain":0,"cards_transformed":["Clash"],"player_choice":"Change","damage_taken":0,"max_hp_gain":0,"max_hp_loss":0,"event_name":"Living Wall","floor":12,"gold_loss":0,"cards_obtained":["Whirlwind"]}],"is_beta":false,"boss_relics":[],"items_purged_floors":[],"is_endless":false,"potions_floor_spawned":[4,11],"killed_by":"Gremlin Nob","ascension_level":20}}