{"host":"zyco7k3wn5zcc8b6","time":1614091186,"event":{"mods":["Aspiration","BaseMod","Colored Map","Conspire","Custom Start","Hubris","Infinite Spire","Minty Spire (QoL Compilation)","Relic Filter","Replay The Spire","Shop Mod","StSLib","Trackpad"],"gold_per_floor":[109,109,109,34,54,80,80,80,80,80,110,10,42,68,68,147,147,157,175,208,208,105,135,135,165,165,249,277,277,309,68,118,196,196,212,229,229,229,229,229,256,256,268,323,354,385,397,442,454,466,478],"floor_reached":52,"language":"ENG","playtime":2657,"items_purged":["Injury","Armaments","Ghostly Armor","Demon Form+1"],"score":3202,"play_id":"8f131b65-e5e7-4b6f-8b83-a0650e3cccf6","local_time":"20210223183946","daily_mods":["Vintage","Flight","DeadlyEvents","Elite Swarm"],"is_ascension_mode":true,"campfire_choices":[{"data":"ReplayUltimateDefense","floor":7,"key":"SMITH"},{"data":"Body Slam","floor":7,"key":"SMITH"},{"data":"Body Slam","floor":8,"key":"SMITH"},{"data":"Entrench","floor":8,"key":"SMITH"},{"data":"ReplayUltimateDefense+1","floor":10,"key":"SMITH"},{"data":"ReplayUltimateDefense+2","floor":10,"key":"SMITH"},{"data":"Armaments+1","floor":15,"key":"PURGE"},{"data":"ReplayUltimateDefense+3","floor":24,"key":"SMITH"},{"data":"Impervious","floor":24,"key":"SMITH"},{"data":"infinitespire:UltimateForm+1","floor":29,"key":"SMITH"},{"data":"infinitespire:UltimateForm+2","floor":29,"key":"SMITH"},{"data":"Impervious+1","floor":32,"key":"SMITH"},{"data":"Impervious+2","floor":32,"key":"SMITH"},{"data":"Impervious+3","floor":40,"key":"SMITH"},{"data":"Impervious+4","floor":40,"key":"SMITH"},{"floor":42,"key":"DIG"},{"floor":47,"key":"DIG"},{"data":"Impervious+5","floor":49,"key":"SMITH"},{"data":"Impervious+6","floor":49,"key":"SMITH"}],"circlet_count":0,"master_deck":["ReplayUltimateDefense+4","Impervious+7","Entrench+1","Ghostly Armor","Body Slam+1","Body Slam+1","Berserk+1","Barricade+1","infinitespire:UltimateForm+3","Berserk+1"],"relics":["Burning Blood","Calipers","conspire:InfiniteJournal","Replay:Arrowhead","trackpad:ZombieHeart","TungstenRod","aspiration:FrozenJewel","Frozen Egg 2","trackpad:RapidFire","Gremlin Food","trackpad:ByrdCharm","infinitespire:Broken Mirror","hubris:TinFlute","Torii","conspire:SpecialSausage","Dream Catcher","Letter Opener","conspire:Dentures","hubris:MobiusCoin","MerchantsRug","Regal Pillow","Self Forming Clay","Golden Egg","Counterbalance","Ancient Tea Set","ReplayTheSpireMod:Lightbulb","BargainBundle","Philosopher\u0027s Stone","Omamori","Bag of Preparation","trackpad:WritersBlock","Shovel","MawBank","CeramicFish","Gremlin Horn","trackpad:StainlessSteel","Snack Pack","Smiling Mask","Art of War"],"acts_visited":["Exordium","TheCity","TheBeyond"],"potions_floor_usage":[51],"damage_taken":[{"damage":0,"enemies":"2 Louse","floor":1,"turns":2},{"damage":0,"enemies":"Small Slimes","floor":5,"turns":2},{"damage":0,"enemies":"Gremlin Nob","floor":6,"turns":3},{"damage":0,"enemies":"3 Sentries","floor":11,"turns":5},{"damage":0,"enemies":"Lagavulin","floor":13,"turns":3},{"damage":0,"enemies":"3 Sentries","floor":14,"turns":5},{"damage":0,"enemies":"Slime Boss","floor":16,"turns":6},{"damage":0,"enemies":"Spheric Guardian","floor":18,"turns":2},{"damage":0,"enemies":"Chosen","floor":19,"turns":3},{"damage":0,"enemies":"Slavers","floor":20,"turns":3},{"damage":0,"enemies":"Gremlin Leader","floor":23,"turns":5},{"damage":0,"enemies":"Nightmare","floor":25,"turns":4},{"damage":7,"enemies":"Gremlin Leader","floor":27,"turns":6},{"damage":0,"enemies":"Replay:Snechameleon","floor":28,"turns":5},{"damage":0,"enemies":"conspire:Head Lice","floor":30,"turns":2},{"damage":0,"enemies":"conspire:MysteriousRune","floor":33,"turns":3},{"damage":0,"enemies":"3 Shapes","floor":35,"turns":2},{"damage":0,"enemies":"3 Darklings","floor":36,"turns":3},{"damage":0,"enemies":"R_Hoarder","floor":41,"turns":2},{"damage":0,"enemies":"Giant Head","floor":44,"turns":2},{"damage":0,"enemies":"4 Shapes","floor":45,"turns":3},{"damage":0,"enemies":"Transient","floor":46,"turns":3},{"damage":0,"enemies":"R_Hoarder","floor":48,"turns":3},{"damage":0,"enemies":"conspire:OrnateMirror","floor":50,"turns":3},{"damage":0,"enemies":"Donu and Deca","floor":51,"turns":2}],"seed_played":"4394913302883723598","potions_obtained":[{"floor":11,"key":"Adrenaline Potion"},{"floor":13,"key":"PowerPotion"},{"floor":44,"key":"DistilledChaos"}],"is_trial":true,"path_per_floor":["M","?","?","$","M","E","R","R","T","R","E","$","E","E","R_BF","B",null,"M","M","E","AVR","$","E","R","NM","T","E","E","R","E","$","R_BF","B",null,"M","M","?","AVR","?","R","E","R","T","E","M","M","R","E","R","B","B",null],"character_chosen":"IRONCLAD","items_purchased":["MerchantsRug","BargainBundle"],"campfire_rested":0,"item_purchase_floors":[22,31],"current_hp_per_floor":[7,7,7,7,9,10,10,10,10,10,13,13,14,17,17,19,19,20,21,24,24,24,25,25,26,26,26,28,28,32,32,32,33,33,36,42,42,42,42,42,43,43,43,44,48,49,49,50,50,51,53],"gold":490,"neow_bonus":"","is_daily":false,"chose_seed":false,"campfire_upgraded":16,"win_rate":0.0,"timestamp":1614091186,"path_taken":["M","?","?","$","M","E","R","R","T","R","E","$","E","?","R_BF","BOSS","M","?","?","AVR","$","E","R","NM","T","E","E","R","E","$","R_BF","BOSS","M","M","?","AVR","?","R","E","R","T","E","M","M","R","E","R","BOSS","BOSS"],"items_purchased_type":["Relic","Relic"],"build_version":"2020-12-22","purchased_purges":4,"victory":true,"max_hp_per_floor":[7,7,7,7,9,10,10,10,10,10,13,13,14,17,17,19,19,20,21,24,24,24,25,25,26,26,27,28,28,32,32,32,33,33,36,42,42,42,42,42,43,43,43,44,48,49,49,50,50,51,53],"card_choices":[{"not_picked":["Feed","Demonic Infusion"],"picked":"Berserk+1","floor":6},{"not_picked":["hubris:StunningStrike","Fiend Fire"],"picked":"Barricade+1","floor":11},{"not_picked":["Double Tap","Berserk+1","Reaper"],"picked":"SKIP","floor":13},{"not_picked":["Barricade+1","conspire:HitWhereItHurts","Fiend Fire"],"picked":"SKIP","floor":14},{"not_picked":["Barricade+1","Double Tap","Offering"],"picked":"SKIP","floor":20},{"not_picked":["Fiend Fire","Replay:Many Hands","conspire:Purge"],"picked":"SKIP","floor":23},{"not_picked":["conspire:HitWhereItHurts","Immolate"],"picked":"Demon Form+1","floor":25},{"not_picked":["ReplayTheSpireMod:Haul","hubris:InfiniteBlow+114"],"picked":"infinitespire:UltimateForm","floor":25},{"not_picked":["Berserk+1","Hemogenesis","Double Tap"],"picked":"SKIP","floor":27},{"not_picked":["Immolate","Feed","Demonic Infusion"],"picked":"SKIP","floor":28},{"not_picked":["Barricade+1","Corruption+1","conspire:Purge"],"picked":"SKIP","floor":30},{"not_picked":["Reaper","Corruption+1","Hemogenesis"],"picked":"SKIP","floor":41},{"not_picked":["Replay:Many Hands","Demon Form+1"],"picked":"Berserk+1","floor":44},{"not_picked":["Reaper","Berserk+1","Limit Break"],"picked":"SKIP","floor":48}],"player_experience":407655,"relics_obtained":[{"floor":1,"key":"aspiration:FrozenJewel"},{"floor":5,"key":"trackpad:RapidFire"},{"floor":6,"key":"Gremlin Food"},{"floor":9,"key":"trackpad:ByrdCharm"},{"floor":11,"key":"infinitespire:Broken Mirror"},{"floor":13,"key":"hubris:TinFlute"},{"floor":14,"key":"Torii"},{"floor":18,"key":"Dream Catcher"},{"floor":19,"key":"Letter Opener"},{"floor":20,"key":"conspire:Dentures"},{"floor":23,"key":"Regal Pillow"},{"floor":25,"key":"Self Forming Clay"},{"floor":26,"key":"Golden Egg"},{"floor":27,"key":"Counterbalance"},{"floor":28,"key":"Ancient Tea Set"},{"floor":30,"key":"ReplayTheSpireMod:Lightbulb"},{"floor":35,"key":"Omamori"},{"floor":36,"key":"Bag of Preparation"},{"floor":41,"key":"Shovel"},{"floor":42,"key":"MawBank"},{"floor":43,"key":"CeramicFish"},{"floor":44,"key":"Gremlin Horn"},{"floor":45,"key":"trackpad:StainlessSteel"},{"floor":46,"key":"Snack Pack"},{"floor":47,"key":"Smiling Mask"},{"floor":48,"key":"Art of War"}],"event_choices":[{"cards_removed":["Feed"],"damage_healed":0,"gold_gain":0,"player_choice":"Removed Attack","damage_taken":0,"max_hp_gain":0,"max_hp_loss":0,"event_name":"Falling","floor":37,"gold_loss":0},{"damage_healed":0,"gold_gain":0,"player_choice":"Memory 1","damage_taken":0,"max_hp_gain":0,"max_hp_loss":0,"event_name":"SensoryStone","floor":39,"gold_loss":0}],"is_beta":false,"boss_relics":[{"not_picked":["aspiration:SilentSkillbook","infinitespire:Burning Sword"],"picked":"conspire:SpecialSausage"},{"not_picked":["hubris:RunicObelisk","Runic Cube"],"picked":"Philosopher\u0027s Stone"}],"items_purged_floors":[4,12,21,31],"is_endless":false,"potions_floor_spawned":[11,13,20,23,27,28,44,46],"ascension_level":20}}