{"host":"hszimsrtxxc2k25w","time":1614085907,"event":{"mods":["AchievementEnabler","BaseMod","Colored Map","DeckTracker","Minty Spire (QoL Compilation)","Rare Cards Sparkle","SuperFastMode"],"gold_per_floor":[217,236,161,177,177,177,77,95,119,119,119,134,150,150,150],"floor_reached":14,"language":"KOR","playtime":272,"items_purged":["Strike_R","Strike_R"],"score":164,"play_id":"97474709-d34e-4b23-8af4-ea7b38fbcdf7","local_time":"20210223221147","is_ascension_mode":true,"campfire_choices":[{"data":"Searing Blow","floor":6,"key":"SMITH"},{"data":"Searing Blow+1","floor":11,"key":"SMITH"}],"circlet_count":0,"master_deck":["AscendersBane","Strike_R","Strike_R","Defend_R","Defend_R","Defend_R","Defend_R","Bash","Ghostly Armor","Searing Blow+2","Warcry","Decay","Fiend Fire","Feel No Pain"],"relics":["Burning Blood","Akabeko"],"acts_visited":["Exordium"],"potions_floor_usage":[8],"damage_taken":[{"damage":6,"enemies":"Cultist","floor":1,"turns":3},{"damage":2,"enemies":"2 Louse","floor":2,"turns":4},{"damage":4,"enemies":"Jaw Worm","floor":4,"turns":4},{"damage":60,"enemies":"Gremlin Gang","floor":8,"turns":7},{"damage":0,"enemies":"Exordium Wildlife","floor":12,"turns":2},{"damage":0,"enemies":"2 Fungi Beasts","floor":13,"turns":2},{"damage":34,"enemies":"Lagavulin","floor":14,"turns":8}],"seed_played":"-711514893824254741","potions_obtained":[{"floor":1,"key":"Explosive Potion"},{"floor":8,"key":"Weak Potion"},{"floor":12,"key":"Ancient Potion"}],"is_trial":false,"path_per_floor":["M","M","$","M","?","R","$","M","T","?","R","M","M","E"],"character_chosen":"IRONCLAD","items_purchased":[],"campfire_rested":0,"item_purchase_floors":[],"current_hp_per_floor":[68,72,72,74,74,74,74,20,20,20,20,26,32,0,0],"gold":150,"neow_bonus":"HUNDRED_GOLD","is_daily":false,"chose_seed":false,"campfire_upgraded":2,"win_rate":0.0,"timestamp":1614085907,"path_taken":["M","?","$","M","?","R","?","?","T","?","R","M","M","E"],"items_purchased_type":[],"build_version":"2020-12-22","purchased_purges":2,"victory":false,"max_hp_per_floor":[75,75,75,75,75,75,75,75,75,75,75,75,75,75,75],"card_choices":[{"not_picked":["Headbutt","Flex"],"picked":"Ghostly Armor","floor":1},{"not_picked":["Cleave","Thunderclap"],"picked":"Searing Blow","floor":2},{"not_picked":["Dual Wield","Rupture"],"picked":"Warcry","floor":4},{"not_picked":["Dual Wield","True Grit","Fire Breathing"],"picked":"SKIP","floor":8},{"not_picked":["Entrench","Warcry"],"picked":"Feel No Pain","floor":12},{"not_picked":["Clothesline","Flex","Fire Breathing"],"picked":"SKIP","floor":13}],"player_experience":693046,"relics_obtained":[{"floor":9,"key":"Akabeko"}],"event_choices":[{"cards_removed":["Strike_R"],"damage_healed":0,"gold_gain":0,"player_choice":"Offered Basic","damage_taken":0,"max_hp_gain":0,"max_hp_loss":0,"event_name":"Bonfire Elementals","floor":5,"gold_loss":0},{"damage_healed":0,"gold_gain":0,"player_choice":"2 cards matched","damage_taken":0,"max_hp_gain":0,"max_hp_loss":0,"event_name":"Match and Keep!","floor":10,"gold_loss":0,"cards_obtained":["Decay","Fiend Fire"]}],"is_beta":false,"boss_relics":[],"items_purged_floors":[3,7],"is_endless":false,"potions_floor_spawned":[1,8,12],"killed_by":"Lagavulin","ascension_level":20}}