{"host":"7t8rqoeeopyy0nh0","time":1614048677,"event":{"mods":["AchievementEnabler","Aspiration","BaseMod","Better Third Choice","BetterRewards","Colored Map","Colored Powertips","Conspire","Downfall","Hubris","Minty Spire (QoL Compilation)","Permanent Neow","Quick Restart","Random Character Button","Rare Cards Sparkle","Reliquary","Replay The Spire","StSLib"],"gold_per_floor":[119,137,148,148,49,75,89,89,115,141,156,156,190,209,209,209,209],"floor_reached":16,"language":"ENG","playtime":627,"items_purged":[],"score":153,"play_id":"50a2d92b-0661-4e7b-ae07-14b820e57e3c","local_time":"20210222215117","is_ascension_mode":true,"campfire_choices":[{"floor":8,"key":"REST"},{"floor":12,"key":"REST"},{"data":"Defragment","floor":15,"key":"SMITH"}],"circlet_count":0,"master_deck":["Strike_B","Strike_B","Strike_B","Strike_B","Defend_B","Defend_B","Defend_B","Defend_B","Zap","Dualcast","Defragment+1","Sweeping Beam","Compile Driver","Leap","Defragment+1","Panic Button","Heatsinks+1","Aggregate","conspire:SharedLibrary+1","Glacier","Static Discharge+1"],"relics":["Cracked Core","aspiration:FrozenJewel","Lizard Tail","Frozen Egg 2","hubris:OldNail","hubris:BallOfYels","reliquary:SilkGlove","conspire:GlowingRock"],"acts_visited":["Exordium"],"potions_floor_usage":[6,6,7,10,13,16],"damage_taken":[{"damage":6,"enemies":"Small Slimes","floor":1,"turns":4},{"damage":0,"enemies":"Cultist","floor":2,"turns":4},{"damage":5,"enemies":"Jaw Worm","floor":3,"turns":3},{"damage":21,"enemies":"Lagavulin","floor":6,"turns":7},{"damage":7,"enemies":"Blue Slaver","floor":7,"turns":4},{"damage":34,"enemies":"Gremlin Nob","floor":10,"turns":4},{"damage":22,"enemies":"Exordium Thugs","floor":11,"turns":4},{"damage":10,"enemies":"Lagavulin","floor":13,"turns":5},{"damage":0,"enemies":"3 Louse","floor":14,"turns":3},{"damage":64,"enemies":"Fading Forest","floor":16,"turns":9}],"seed_played":"-8121132135998970189","potions_obtained":[{"floor":2,"key":"PowerPotion"},{"floor":3,"key":"Regen Potion"},{"floor":6,"key":"Weak Potion"},{"floor":7,"key":"SkillPotion"},{"floor":11,"key":"Fire Potion"},{"floor":14,"key":"ColorlessPotion"}],"is_trial":false,"path_per_floor":["M","M","M","?","$","E","M","R","T","E","M","R","E","M","R","B"],"character_chosen":"DEFECT","items_purchased":["Defragment","aspiration:FrozenJewel","Frozen Egg 2","Defragment+1","Panic Button"],"campfire_rested":2,"item_purchase_floors":[0,0,0,5,5],"current_hp_per_floor":[34,34,29,37,37,25,18,40,40,6,26,48,38,38,38,0,0],"gold":209,"neow_bonus":"","is_daily":false,"chose_seed":false,"campfire_upgraded":1,"win_rate":0.0,"timestamp":1614048677,"path_taken":["M","M","M","?","$","E","M","R","T","E","M","R","E","M","R","BOSS"],"items_purchased_type":["Card","Relic","Relic","Card","Card"],"build_version":"2020-12-22","purchased_purges":0,"victory":false,"max_hp_per_floor":[75,75,75,75,75,75,75,75,75,75,75,75,75,75,75,75,75],"card_choices":[{"not_picked":["Go for the Eyes","Stack"],"picked":"Sweeping Beam","floor":1},{"not_picked":["Rip and Tear","ReplayTheSpireMod:GoodbyeWorld+1"],"picked":"Compile Driver","floor":2},{"not_picked":["ReplayTheSpireMod:Repulse","Hello World+1"],"picked":"Leap","floor":3},{"not_picked":["ReplaySort","Static Discharge+1"],"picked":"Heatsinks+1","floor":6},{"not_picked":["Reprogram","Stack","Steam"],"picked":"SKIP","floor":7},{"not_picked":["ReplaySort","Storm+1"],"picked":"Aggregate","floor":10},{"not_picked":["Hello World+1","Beam Cell"],"picked":"conspire:SharedLibrary+1","floor":11},{"not_picked":["White Noise","conspire:Rain"],"picked":"Glacier","floor":13},{"not_picked":["Hologram","Crystallizer+1"],"picked":"Static Discharge+1","floor":14}],"player_experience":449613,"relics_obtained":[{"floor":6,"key":"hubris:OldNail"},{"floor":9,"key":"hubris:BallOfYels"},{"floor":10,"key":"reliquary:SilkGlove"},{"floor":13,"key":"conspire:GlowingRock"}],"event_choices":[],"is_beta":false,"boss_relics":[],"items_purged_floors":[],"is_endless":false,"potions_floor_spawned":[2,3,6,7,11,14],"killed_by":"Fading Forest","ascension_level":5}}