{"host":"fuszjwm6fqgjjp4d","time":1614114658,"event":{"mods":["BaseMod","Colored Map","Minty Spire (QoL Compilation)","Permanent Neow","Relic Sorter","Relic Stats","StSLib"],"gold_per_floor":[117,136,211,211,77,77,89,89,116,146,157,176,176,188,188,263,263,278,278,278,295,313,313,313,313],"floor_reached":24,"language":"ENG","playtime":679,"items_purged":["Strike_B"],"score":416,"play_id":"a06c0509-5800-4f19-bc7c-5bfd287769dc","local_time":"20210223151058","is_ascension_mode":true,"campfire_choices":[{"floor":6.0,"key":"REST"},{"floor":13.0,"key":"REST"},{"data":"Zap","floor":15.0,"key":"SMITH"},{"data":"Buffer","floor":23,"key":"SMITH"}],"circlet_count":0,"master_deck":["AscendersBane","Strike_B","Strike_B+1","Strike_B","Defend_B","Defend_B","Defend_B+1","Defend_B","Zap+1","Dualcast","Turbo","Ball Lightning","Leap","BootSequence","Rip and Tear","Amplify","Buffer+1","Hologram","Conserve Battery+1"],"relics":["Runic Pyramid","Boot","Pen Nib","Black Star"],"acts_visited":["Exordium","TheCity"],"potions_floor_usage":[22],"damage_taken":[{"damage":8.0,"enemies":"Small Slimes","floor":1.0,"turns":4.0},{"damage":4.0,"enemies":"2 Louse","floor":2.0,"turns":3.0},{"damage":0.0,"enemies":"Jaw Worm","floor":7.0,"turns":3.0},{"damage":4.0,"enemies":"Gremlin Nob","floor":8.0,"turns":3.0},{"damage":27.0,"enemies":"3 Sentries","floor":10.0,"turns":8.0},{"damage":3.0,"enemies":"Blue Slaver","floor":11.0,"turns":3.0},{"damage":0.0,"enemies":"Exordium Wildlife","floor":12.0,"turns":2.0},{"damage":8.0,"enemies":"3 Louse","floor":14.0,"turns":6.0},{"damage":6.0,"enemies":"Hexaghost","floor":16.0,"turns":9.0},{"damage":10.0,"enemies":"3 Byrds","floor":18.0,"turns":6.0},{"damage":0,"enemies":"Chosen","floor":21,"turns":6},{"damage":14,"enemies":"Shelled Parasite and Fungi","floor":22,"turns":7},{"damage":13,"enemies":"Gremlin Leader","floor":24,"turns":2}],"seed_played":"8875249951824293751","potions_obtained":[{"floor":2.0,"key":"SmokeBomb"},{"floor":10.0,"key":"Fire Potion"},{"floor":11.0,"key":"Fire Potion"},{"floor":18.0,"key":"SneckoOil"}],"is_trial":false,"path_per_floor":["M","M","?","?","$","R","M","E","T","E","M","M","R","M","R","B",null,"M","?","?","M","M","R","E"],"character_chosen":"DEFECT","items_purchased":["Ball Lightning"],"campfire_rested":2,"item_purchase_floors":[5],"current_hp_per_floor":[56,52,41,20,20,41,41,37,37,10,7,7,28,20,20,14,57,47,47,27,27,13,13,0,0],"gold":313,"neow_bonus":"BOSS_RELIC","is_daily":false,"chose_seed":false,"campfire_upgraded":2,"win_rate":0.0,"timestamp":1614114658,"path_taken":["M","M","?","?","?","R","M","E","T","E","M","M","R","M","R","BOSS","M","?","?","M","M","R","E"],"items_purchased_type":["Card"],"build_version":"2020-12-22","purchased_purges":1,"victory":false,"max_hp_per_floor":[71,71,71,71,71,71,71,71,71,71,71,71,71,71,71,71,71,71,71,76,76,76,76,76,76],"relic_stats":{"counters":[13,62],"Pen Nib":[5],"Black Star":0,"Boot":[27],"obtain_stats":[{"Pen Nib":10,"Black Star":17,"Cracked Core":0,"Boot":9,"Runic Pyramid":0},{"Pen Nib":5,"Black Star":9,"Cracked Core":0,"Boot":4,"Runic Pyramid":0},{"Pen Nib":21,"Black Star":41,"Cracked Core":0,"Boot":13,"Runic Pyramid":0}]},"card_choices":[{"not_picked":["Stack","Hologram","Hello World"],"picked":"SKIP","floor":1.0},{"not_picked":["Redo","Consume"],"picked":"Turbo","floor":2.0},{"not_picked":["Redo","Rebound"],"picked":"Leap","floor":7.0},{"not_picked":["Recycle","Compile Driver"],"picked":"BootSequence","floor":10.0},{"not_picked":["Melter","Auto Shields"],"picked":"Rip and Tear","floor":11.0},{"not_picked":["Stack","Coolheaded"],"picked":"Amplify","floor":12.0},{"not_picked":["Melter","Heatsinks","Gash"],"picked":"SKIP","floor":14.0},{"not_picked":["Meteor Strike","Amplify"],"picked":"Buffer","floor":16.0},{"not_picked":["Sweeping Beam","Fusion"],"picked":"Hologram","floor":18.0},{"not_picked":["Redo+1","Blizzard"],"picked":"Conserve Battery+1","floor":21},{"not_picked":["Barrage","FTL","Streamline"],"picked":"SKIP","floor":22}],"player_experience":1520138,"relics_obtained":[{"floor":9.0,"key":"Boot"},{"floor":10.0,"key":"Pen Nib"}],"event_choices":[{"damage_healed":0.0,"max_hp_gain":0.0,"max_hp_loss":0.0,"gold_gain":75.0,"event_name":"World of Goop","player_choice":"Gather Gold","floor":3.0,"gold_loss":0.0,"damage_taken":11.0},{"damage_healed":0.0,"max_hp_gain":0.0,"max_hp_loss":0.0,"gold_gain":0.0,"event_name":"Shining Light","player_choice":"Entered Light","floor":4.0,"gold_loss":0.0,"damage_taken":21.0,"cards_upgraded":["Strike_B","Defend_B"]},{"damage_healed":0,"gold_gain":0,"player_choice":"Ignored","damage_taken":0,"max_hp_gain":0,"max_hp_loss":0,"event_name":"Cursed Tome","floor":19,"gold_loss":0},{"damage_healed":0,"gold_gain":0,"player_choice":"Shed Blood","damage_taken":25,"max_hp_gain":5,"max_hp_loss":0,"event_name":"Forgotten Altar","floor":20,"gold_loss":0}],"is_beta":false,"boss_relics":[{"not_picked":["Runic Dome","Calling Bell"],"picked":"Black Star"}],"items_purged_floors":[5],"is_endless":false,"potions_floor_spawned":[2,10,11,14,18],"killed_by":"Gremlin Leader","ascension_level":20}}