{"host":"oehe2dxjvdgux73m","time":1614099227,"event":{"mods":["AchievementEnabler","BaseMod","Colored Map","Colored Powertips","DeckTracker","Keyboard Shortcuts","Minty Spire (QoL Compilation)","Permanent Neow","Quick Restart","StSLib","SuperFastMode"],"gold_per_floor":[119,134,134,134,19,54,54,88,168,192,39,39,72,96,96,191,191,146,171,171,171,185,185,219,232,232,232,232,282,22,0,0,98,98,111,111,111,111,127,127,162,0,0,0,36,67,130,168,168,168,168,168,168,28,62,62],"floor_reached":57,"language":"KOR","playtime":2298,"items_purged":["Strike_G","Strike_G","Strike_G","Finisher"],"score":3090,"play_id":"cb1515bc-4a9f-4cb4-8497-9512d6ff864a","local_time":"20210224015347","is_ascension_mode":true,"campfire_choices":[{"data":"Skewer","floor":7.0,"key":"SMITH"},{"floor":12.0,"key":"REST"},{"data":"Tactician","floor":15.0,"key":"SMITH"},{"data":"Acrobatics","floor":23.0,"key":"SMITH"},{"floor":28.0,"key":"REST"},{"data":"Wraith Form v2","floor":32.0,"key":"SMITH"},{"data":"Apotheosis","floor":40.0,"key":"SMITH"},{"floor":49.0,"key":"RECALL"},{"floor":53.0,"key":"REST"}],"circlet_count":0,"master_deck":["AscendersBane","Survivor","Neutralize","Acrobatics+1","Skewer+1","Footwork","Tactician+1","Acrobatics","Blur","Venomology","Outmaneuver+1","Calculated Gamble","Backflip","Wraith Form v2+1","Acrobatics","PiercingWail","Adrenaline","Caltrops","Reflex","Heel Hook","Crippling Poison","Phantasmal Killer","Phantasmal Killer","Concentrate","Apotheosis+1","Finesse","Regret","Malaise","Tools of the Trade","Acrobatics","Well Laid Plans","Tactician","Caltrops","PiercingWail"],"relics":["Ring of the Snake","NeowsBlessing","Golden Idol","Ancient Tea Set","Juzu Bracelet","Ninja Scroll","Unceasing Top","Cursed Key","Smiling Mask","Blue Candle","Chemical X","Pandora\u0027s Box","Torii","Omamori","Red Mask","Du-Vu Doll","Thread and Needle","Turnip","Blood Vial","The Specimen"],"acts_visited":["Exordium","TheCity","TheBeyond","TheEnding"],"potions_floor_usage":[56,56,56],"damage_taken":[{"damage":0.0,"enemies":"Cultist","floor":1.0,"turns":1.0},{"damage":0.0,"enemies":"Small Slimes","floor":2.0,"turns":1.0},{"damage":0.0,"enemies":"3 Sentries","floor":6.0,"turns":1.0},{"damage":13.0,"enemies":"Lagavulin","floor":8.0,"turns":8.0},{"damage":0.0,"enemies":"Jaw Worm","floor":10.0,"turns":3.0},{"damage":7.0,"enemies":"3 Sentries","floor":13.0,"turns":5.0},{"damage":0.0,"enemies":"Blue Slaver","floor":14.0,"turns":3.0},{"damage":14.0,"enemies":"Slime Boss","floor":16.0,"turns":10.0},{"damage":7.0,"enemies":"2 Thieves","floor":18.0,"turns":5.0},{"damage":8.0,"enemies":"Chosen","floor":19.0,"turns":5.0},{"damage":1.0,"enemies":"Sentry and Sphere","floor":22.0,"turns":6.0},{"damage":27.0,"enemies":"Slavers","floor":24.0,"turns":7.0},{"damage":6.0,"enemies":"Snecko","floor":25.0,"turns":6.0},{"damage":13.0,"enemies":"Champ","floor":33.0,"turns":13.0},{"damage":1.0,"enemies":"3 Shapes","floor":35.0,"turns":4.0},{"damage":1.0,"enemies":"3 Darklings","floor":39.0,"turns":4.0},{"damage":0.0,"enemies":"Reptomancer","floor":41.0,"turns":4.0},{"damage":1.0,"enemies":"Giant Head","floor":45.0,"turns":5.0},{"damage":2.0,"enemies":"Mind Bloom Boss Battle","floor":46.0,"turns":5.0},{"damage":1.0,"enemies":"2 Orb Walkers","floor":47.0,"turns":4.0},{"damage":0.0,"enemies":"Nemesis","floor":48.0,"turns":3.0},{"damage":0.0,"enemies":"Donu and Deca","floor":50.0,"turns":4.0},{"damage":2.0,"enemies":"Time Eater","floor":51.0,"turns":6.0},{"damage":1.0,"enemies":"Shield and Spear","floor":55.0,"turns":4.0},{"damage":51,"enemies":"The Heart","floor":56,"turns":8}],"seed_played":"-2737802054705103260","potions_obtained":[{"floor":2.0,"key":"Explosive Potion"},{"floor":6.0,"key":"CultistPotion"},{"floor":8.0,"key":"DistilledChaos"},{"floor":13.0,"key":"Regen Potion"},{"floor":14.0,"key":"DuplicationPotion"},{"floor":18.0,"key":"CultistPotion"},{"floor":35.0,"key":"AttackPotion"},{"floor":41.0,"key":"EntropicBrew"},{"floor":48.0,"key":"SteroidPotion"}],"is_trial":false,"path_per_floor":["M","M","?","?","$","E","R","E","T","M","$","R","E","M","R","B",null,"M","M","?","?","M","R","E","M","T","?","R","?","$","?","R","B",null,"M","?","T","?","M","R","E","$","T","?","E","?","?","E","R","B","B",null,"R","$","E","B",null],"character_chosen":"THE_SILENT","items_purchased":["Footwork","Acrobatics","Chemical X","PiercingWail","Malaise","Caltrops"],"campfire_rested":3,"item_purchase_floors":[5,11,30,30,42,54],"current_hp_per_floor":[59,59,59,41,41,41,41,28,28,28,28,46,39,39,39,40,55,48,40,40,40,39,39,12,6,6,6,24,24,24,24,24,11,48,47,42,42,42,41,41,41,41,41,41,40,38,37,37,37,39,39,55,60,60,59,9],"gold":62,"neow_bonus":"THREE_ENEMY_KILL","is_daily":false,"chose_seed":false,"campfire_upgraded":5,"win_rate":0.0,"timestamp":1614099227,"path_taken":["M","?","?","?","$","E","R","E","T","M","?","R","E","M","R","BOSS","M","M","?","?","M","R","E","M","T","?","R","?","$","?","R","BOSS","M","?","?","?","M","R","E","$","T","?","E","?","?","E","R","BOSS","BOSS","R","$","E","BOSS"],"items_purchased_type":["Card","Card","Relic","Card","Card","Card"],"build_version":"2020-12-22","purchased_purges":4,"victory":true,"max_hp_per_floor":[66,66,60,60,60,60,60,60,60,60,60,60,60,60,60,60,60,60,60,60,60,60,60,60,60,60,60,60,60,60,60,60,60,60,60,60,60,60,60,60,60,60,60,60,60,60,60,60,60,60,60,60,60,60,60,60],"card_choices":[{"not_picked":["Outmaneuver","Catalyst"],"picked":"Acrobatics","floor":1.0},{"not_picked":["Escape Plan","Flying Knee"],"picked":"Skewer","floor":2.0},{"not_picked":["Acrobatics","Deflect"],"picked":"Noxious Fumes","floor":6.0},{"not_picked":["Outmaneuver","Storm of Steel"],"picked":"Tactician","floor":8.0},{"not_picked":["Cloak And Dagger","Tactician","Setup"],"picked":"SKIP","floor":10.0},{"not_picked":["Backflip","Setup"],"picked":"Blur","floor":13.0},{"not_picked":["Leg Sweep","Footwork","Dodge and Roll"],"picked":"SKIP","floor":14.0},{"not_picked":["Night Terror","Bullet Time"],"picked":"Venomology","floor":16.0},{"not_picked":["Dagger Spray","Footwork"],"picked":"Outmaneuver+1","floor":18.0},{"not_picked":["Dagger Spray+1","Cloak And Dagger"],"picked":"Calculated Gamble","floor":19.0},{"not_picked":["Bouncing Flask","Flying Knee","Slice"],"picked":"SKIP","floor":22.0},{"not_picked":["Caltrops","Footwork"],"picked":"Wraith Form v2","floor":24.0},{"not_picked":["Deadly Poison","Dash"],"picked":"Acrobatics","floor":25.0},{"not_picked":["Storm of Steel","After Image"],"picked":"Adrenaline","floor":33.0},{"not_picked":["Noxious Fumes","Escape Plan"],"picked":"Concentrate","floor":35.0},{"not_picked":["Forethought","Panacea"],"picked":"Apotheosis","floor":36.0},{"not_picked":["Madness","Mind Blast"],"picked":"Finesse","floor":36.0},{"not_picked":["Backflip","Sucker Punch+1","Blade Dance"],"picked":"SKIP","floor":39.0},{"not_picked":["Dagger Throw","Underhanded Strike+1","Bouncing Flask"],"picked":"SKIP","floor":41.0},{"not_picked":["Calculated Gamble","Deadly Poison"],"picked":"Tools of the Trade","floor":45.0},{"not_picked":["Outmaneuver","Masterful Stab"],"picked":"Acrobatics","floor":46.0},{"not_picked":["Dodge and Roll+1","Catalyst+1"],"picked":"Well Laid Plans","floor":47.0},{"not_picked":["Setup","Infinite Blades+1"],"picked":"Tactician","floor":48.0},{"not_picked":["Dagger Spray+1","Escape Plan"],"picked":"PiercingWail","floor":55.0}],"player_experience":498219,"relics_obtained":[{"floor":6.0,"key":"Ancient Tea Set"},{"floor":8.0,"key":"Juzu Bracelet"},{"floor":9.0,"key":"Ninja Scroll"},{"floor":13.0,"key":"Unceasing Top"},{"floor":24.0,"key":"Smiling Mask"},{"floor":26.0,"key":"Blue Candle"},{"floor":37.0,"key":"Torii"},{"floor":41.0,"key":"Omamori"},{"floor":45.0,"key":"Du-Vu Doll"},{"floor":46.0,"key":"Thread and Needle"},{"floor":47.0,"key":"Turnip"},{"floor":48.0,"key":"Blood Vial"},{"floor":55.0,"key":"The Specimen"}],"event_choices":[{"damage_healed":0.0,"max_hp_gain":0.0,"max_hp_loss":6.0,"gold_gain":0.0,"event_name":"Golden Idol","player_choice":"Lose Max HP","floor":3.0,"gold_loss":0.0,"damage_taken":0.0,"relics_obtained":["Golden Idol"]},{"damage_healed":0.0,"max_hp_gain":0.0,"max_hp_loss":0.0,"gold_gain":0.0,"event_name":"Shining Light","player_choice":"Entered Light","floor":4.0,"gold_loss":0.0,"damage_taken":18.0,"cards_upgraded":["Defend_G","Strike_G"]},{"damage_healed":0.0,"max_hp_gain":0.0,"max_hp_loss":0.0,"gold_gain":0.0,"event_name":"The Mausoleum","player_choice":"Ignored","floor":20.0,"gold_loss":0.0,"damage_taken":0.0},{"damage_healed":0.0,"max_hp_gain":0.0,"max_hp_loss":0.0,"gold_gain":0.0,"event_name":"The Library","player_choice":"Read","floor":21.0,"gold_loss":0.0,"damage_taken":0.0,"cards_obtained":["Backflip"]},{"cards_removed":["Doubt"],"damage_healed":0.0,"max_hp_gain":0.0,"max_hp_loss":0.0,"gold_gain":0.0,"event_name":"Fountain of Cleansing","player_choice":"Removed Curses","floor":27.0,"gold_loss":0.0,"damage_taken":0.0},{"damage_healed":0.0,"max_hp_gain":0.0,"max_hp_loss":0.0,"gold_gain":50.0,"event_name":"Nest","player_choice":"Stole From Cult","floor":29.0,"gold_loss":0.0,"damage_taken":0.0},{"damage_healed":0.0,"max_hp_gain":0.0,"max_hp_loss":0.0,"gold_gain":0.0,"event_name":"Masked Bandits","player_choice":"Paid Fearfully","floor":31.0,"gold_loss":22.0,"damage_taken":0.0},{"damage_healed":0.0,"max_hp_gain":0.0,"max_hp_loss":0.0,"gold_gain":0.0,"event_name":"SensoryStone","player_choice":"Memory 2","floor":36.0,"gold_loss":0.0,"damage_taken":5.0},{"cards_removed":["Noxious Fumes"],"damage_healed":0.0,"max_hp_gain":0.0,"max_hp_loss":0.0,"gold_gain":0.0,"event_name":"Falling","player_choice":"Removed Power","floor":38.0,"gold_loss":0.0,"damage_taken":0.0},{"damage_healed":0.0,"max_hp_gain":0.0,"max_hp_loss":0.0,"gold_gain":0.0,"event_name":"Tomb of Lord Red Mask","player_choice":"Paid","floor":44.0,"gold_loss":0.0,"damage_taken":0.0,"relics_obtained":["Red Mask"]},{"damage_healed":0.0,"max_hp_gain":0.0,"max_hp_loss":0.0,"gold_gain":0.0,"event_name":"MindBloom","player_choice":"Fight","floor":46.0,"gold_loss":0.0,"damage_taken":0.0},{"damage_healed":0.0,"max_hp_gain":0.0,"max_hp_loss":0.0,"gold_gain":0.0,"event_name":"Mysterious Sphere","player_choice":"Fight","floor":47.0,"gold_loss":0.0,"damage_taken":0.0}],"is_beta":false,"boss_relics":[{"not_picked":["Tiny House","Velvet Choker"],"picked":"Cursed Key"},{"not_picked":["SacredBark","Busted Crown"],"picked":"Pandora\u0027s Box"}],"items_purged_floors":[5,11,30,54],"is_endless":false,"potions_floor_spawned":[2,6,8,13,14,18,24,35,41,48],"ascension_level":20}}