{"host":"188x3om7sf6mgxv1","time":1614046431,"event":{"mods":["BaseMod","Block Reminder","Minty Spire (QoL Compilation)","Relic Stats","StSLib"],"gold_per_floor":[99,99,99,99,99,99,99,99,99,99,4,4,4,4,4,4,4,4,4,0,0,0,0,0,0,0,0,0,0,0,0,0,0,0,0,0,0,0,0,0,0,0,0,0,0,0,0,0,0,0,0,0,0,0,0],"floor_reached":56,"language":"ENG","playtime":3078,"items_purged":[],"score":1641,"play_id":"61e96703-9d23-479e-998c-5e34ee169c8d","local_time":"20210222211351","is_ascension_mode":true,"campfire_choices":[{"data":"Defragment","floor":7.0,"key":"SMITH"},{"data":"Defragment","floor":15.0,"key":"SMITH"},{"data":"Self Repair","floor":24.0,"key":"SMITH"},{"floor":28.0,"key":"REST"},{"floor":32.0,"key":"REST"},{"data":"Glacier","floor":41.0,"key":"SMITH"},{"floor":44.0,"key":"RECALL"},{"data":"Loop","floor":49.0,"key":"SMITH"},{"data":"Coolheaded","floor":52.0,"key":"SMITH"}],"circlet_count":0,"master_deck":["Strike_B","Strike_B+1","Defend_B+1","Defend_B","Defend_B","Defend_B","Zap","Dualcast","Ball Lightning","Defragment+1","Glacier+1","Go for the Eyes","Defragment+1","Cold Snap","Self Repair+1","Coolheaded+1","Doom and Gloom","Echo Form","Compile Driver","Recycle","RitualDagger","Steam","Conserve Battery","Ball Lightning","Defragment+1","Electrodynamics","Loop+1","Cold Snap","Loop+1","Capacitor"],"relics":["Ectoplasm","Bag of Marbles","White Beast Statue","Bag of Preparation","Bronze Scales","Empty Cage","CeramicFish","Darkstone Periapt","Symbiotic Virus","Meat on the Bone","Inserter","Prayer Wheel","Incense Burner","Eternal Feather","Anchor","Regal Pillow","Bottled Lightning"],"acts_visited":["Exordium","TheCity","TheBeyond","TheEnding"],"potions_floor_usage":[55,55,55],"damage_taken":[{"damage":0.0,"enemies":"Small Slimes","floor":1.0,"turns":4.0},{"damage":2.0,"enemies":"Jaw Worm","floor":2.0,"turns":4.0},{"damage":0.0,"enemies":"Cultist","floor":4.0,"turns":3.0},{"damage":17.0,"enemies":"Lagavulin","floor":6.0,"turns":5.0},{"damage":6.0,"enemies":"Red Slaver","floor":10.0,"turns":3.0},{"damage":5.0,"enemies":"3 Sentries","floor":12.0,"turns":12.0},{"damage":0.0,"enemies":"Large Slime","floor":13.0,"turns":6.0},{"damage":0.0,"enemies":"Lagavulin","floor":14.0,"turns":8.0},{"damage":0.0,"enemies":"Slime Boss","floor":16.0,"turns":8.0},{"damage":1.0,"enemies":"Shell Parasite","floor":18.0,"turns":4.0},{"damage":11.0,"enemies":"2 Thieves","floor":20.0,"turns":5.0},{"damage":11.0,"enemies":"Snecko","floor":22.0,"turns":5.0},{"damage":12.0,"enemies":"Book of Stabbing","floor":23.0,"turns":5.0},{"damage":20.0,"enemies":"Gremlin Leader","floor":25.0,"turns":9.0},{"damage":40.0,"enemies":"Slavers","floor":27.0,"turns":6.0},{"damage":23.0,"enemies":"Centurion and Healer","floor":31.0,"turns":9.0},{"damage":42.0,"enemies":"Collector","floor":33.0,"turns":11.0},{"damage":19.0,"enemies":"3 Darklings","floor":35.0,"turns":7.0},{"damage":14.0,"enemies":"3 Shapes","floor":36.0,"turns":4.0},{"damage":20.0,"enemies":"Mind Bloom Boss Battle","floor":37.0,"turns":4.0},{"damage":42.0,"enemies":"3 Darklings","floor":39.0,"turns":4.0},{"damage":0.0,"enemies":"Giant Head","floor":40.0,"turns":11.0},{"damage":4.0,"enemies":"Nemesis","floor":42.0,"turns":7.0},{"damage":25.0,"enemies":"Writhing Mass","floor":45.0,"turns":6.0},{"damage":0.0,"enemies":"Giant Head","floor":46.0,"turns":10.0},{"damage":5.0,"enemies":"4 Shapes","floor":48.0,"turns":5.0},{"damage":33.0,"enemies":"Time Eater","floor":50.0,"turns":8.0},{"damage":47.0,"enemies":"Shield and Spear","floor":54.0,"turns":8.0},{"damage":62,"enemies":"The Heart","floor":55,"turns":9}],"seed_played":"-3690025710599419029","potions_obtained":[{"floor":2.0,"key":"Energy Potion"},{"floor":6.0,"key":"SkillPotion"},{"floor":10.0,"key":"GamblersBrew"},{"floor":12.0,"key":"Fruit Juice"},{"floor":14.0,"key":"Energy Potion"},{"floor":25.0,"key":"SkillPotion"},{"floor":27.0,"key":"SpeedPotion"},{"floor":31.0,"key":"SteroidPotion"},{"floor":33.0,"key":"Weak Potion"},{"floor":37.0,"key":"Energy Potion"},{"floor":40.0,"key":"Ancient Potion"},{"floor":42.0,"key":"FocusPotion"},{"floor":46.0,"key":"Swift Potion"}],"is_trial":false,"path_per_floor":["M","M","?","M","?","E","R","?","T","M","$","E","M","E","R","B",null,"M","$","M","?","M","E","R","E","T","E","R","?","$","M","R","B",null,"M","M","?","T","M","E","R","E","T","R","M","E","$","M","R","B",null,"R","$","E","B",null],"character_chosen":"DEFECT","items_purchased":["Defragment","Cold Snap"],"campfire_rested":2,"item_purchase_floors":[11,11],"current_hp_per_floor":[75,73,58,58,63,46,46,46,46,40,40,35,42,54,54,61,85,84,84,80,74,70,58,58,48,48,8,33,27,27,36,61,41,85,66,52,44,44,14,46,61,67,67,82,67,85,85,85,85,72,85,85,85,70,30],"gold":0,"neow_bonus":"BOSS_RELIC","is_daily":false,"chose_seed":false,"campfire_upgraded":6,"win_rate":0.0,"timestamp":1614046431,"path_taken":["M","M","?","M","?","E","R","?","T","M","$","E","?","E","R","BOSS","M","?","M","?","M","E","R","E","T","E","R","?","$","?","R","BOSS","M","M","?","?","?","E","R","E","T","R","M","E","$","M","R","BOSS","R","$","E","BOSS"],"items_purchased_type":["Card","Card"],"build_version":"2020-12-22","purchased_purges":0,"victory":true,"max_hp_per_floor":[75,75,75,75,80,80,80,80,80,80,80,80,80,85,85,85,85,85,85,85,85,85,85,85,85,85,85,85,85,85,85,85,85,85,85,85,85,85,85,85,85,85,85,85,85,85,85,85,85,85,85,85,85,85,85],"relic_stats":{"Darkstone Periapt":0,"Regal Pillow":0,"Inserter":[40],"counters":[29,190],"Bronze Scales":[592],"CeramicFish":0,"Prayer Wheel":3,"Eternal Feather":30,"Ectoplasm":906,"Bag of Preparation":[46],"obtain_stats":[{"Darkstone Periapt":25,"Regal Pillow":46,"Inserter":34,"CeramicFish":23,"Eternal Feather":40,"Bag of Preparation":12,"Incense Burner":38,"Empty Cage":17,"White Beast Statue":9,"Anchor":42,"Bronze Scales":14,"Prayer Wheel":37,"Ectoplasm":0,"Bag of Marbles":6,"Bottled Lightning":54,"Cracked Core":0,"Symbiotic Virus":26,"Meat on the Bone":27},{"Darkstone Periapt":14,"Regal Pillow":25,"Inserter":17,"CeramicFish":13,"Eternal Feather":22,"Bag of Preparation":6,"Incense Burner":20,"Empty Cage":9,"White Beast Statue":4,"Anchor":23,"Bronze Scales":8,"Prayer Wheel":20,"Ectoplasm":0,"Bag of Marbles":4,"Bottled Lightning":28,"Cracked Core":0,"Symbiotic Virus":14,"Meat on the Bone":15},{"Darkstone Periapt":81,"Regal Pillow":160,"Inserter":107,"CeramicFish":72,"Eternal Feather":137,"Bag of Preparation":31,"Incense Burner":122,"Empty Cage":53,"White Beast Statue":16,"Anchor":144,"Bronze Scales":45,"Prayer Wheel":122,"Ectoplasm":0,"Bag of Marbles":16,"Bottled Lightning":181,"Cracked Core":0,"Symbiotic Virus":81,"Meat on the Bone":87}],"Meat on the Bone":84},"card_choices":[{"not_picked":["Redo","Force Field","Turbo"],"picked":"SKIP","floor":1.0},{"not_picked":["Stack","Reprogram"],"picked":"Ball Lightning","floor":2.0},{"not_picked":["FTL","Beam Cell"],"picked":"Defragment","floor":4.0},{"not_picked":["Go for the Eyes","Compile Driver"],"picked":"Glacier","floor":6.0},{"not_picked":["Hologram","Skim"],"picked":"Go for the Eyes","floor":10.0},{"not_picked":["Reprogram","Skim"],"picked":"Self Repair","floor":12.0},{"not_picked":["Turbo","Compile Driver"],"picked":"Coolheaded","floor":13.0},{"not_picked":["Hello World","Skim"],"picked":"Doom and Gloom","floor":14.0},{"not_picked":["Hyperbeam","Reboot"],"picked":"Echo Form","floor":16.0},{"not_picked":["Auto Shields","Steam"],"picked":"Compile Driver","floor":18.0},{"not_picked":["Stack","Rip and Tear+1"],"picked":"Recycle","floor":20.0},{"not_picked":["Sunder+1","Force Field"],"picked":"Steam","floor":22.0},{"not_picked":["Hologram","Gash"],"picked":"Conserve Battery","floor":23.0},{"not_picked":["FTL","Streamline+1"],"picked":"Ball Lightning","floor":25.0},{"not_picked":["Stack+1","Sweeping Beam"],"picked":"Defragment+1","floor":27.0},{"not_picked":["Amplify","Compile Driver","Rebound"],"picked":"SKIP","floor":31.0},{"not_picked":["Machine Learning","Hyperbeam"],"picked":"Electrodynamics","floor":33.0},{"not_picked":["Conserve Battery+1","Go for the Eyes+1","Steam+1"],"picked":"SKIP","floor":35.0},{"not_picked":["Barrage+1","Reprogram+1"],"picked":"Loop+1","floor":36.0},{"not_picked":["Streamline","Fusion"],"picked":"Cold Snap","floor":39.0},{"not_picked":["Redo","Force Field+1","FTL"],"picked":"SKIP","floor":39.0},{"not_picked":["Conserve Battery","Stack","Ball Lightning+1"],"picked":"SKIP","floor":40.0},{"not_picked":["Auto Shields","FTL","Go for the Eyes"],"picked":"SKIP","floor":42.0},{"not_picked":["Storm","Coolheaded+1"],"picked":"Loop","floor":45.0},{"not_picked":["Storm+1","Auto Shields+1","Beam Cell+1"],"picked":"SKIP","floor":45.0},{"not_picked":["Double Energy","Skim","Leap"],"picked":"SKIP","floor":46.0},{"not_picked":["Hyperbeam","Beam Cell+1","Conserve Battery+1"],"picked":"SKIP","floor":48.0},{"not_picked":["Steam Power","Cold Snap","Steam"],"picked":"SKIP","floor":48.0},{"not_picked":["Steam+1","Fusion+1"],"picked":"Capacitor","floor":54.0}],"player_experience":95647,"relics_obtained":[{"floor":6.0,"key":"Bag of Marbles"},{"floor":9.0,"key":"White Beast Statue"},{"floor":12.0,"key":"Bag of Preparation"},{"floor":14.0,"key":"Bronze Scales"},{"floor":23.0,"key":"CeramicFish"},{"floor":25.0,"key":"Darkstone Periapt"},{"floor":26.0,"key":"Symbiotic Virus"},{"floor":27.0,"key":"Meat on the Bone"},{"floor":37.0,"key":"Prayer Wheel"},{"floor":38.0,"key":"Incense Burner"},{"floor":40.0,"key":"Eternal Feather"},{"floor":42.0,"key":"Anchor"},{"floor":46.0,"key":"Regal Pillow"},{"floor":54.0,"key":"Bottled Lightning"}],"event_choices":[{"damage_healed":0.0,"max_hp_gain":0.0,"max_hp_loss":0.0,"gold_gain":0.0,"event_name":"Shining Light","player_choice":"Entered Light","floor":3.0,"gold_loss":0.0,"damage_taken":15.0,"cards_upgraded":["Defend_B","Strike_B"]},{"damage_healed":0.0,"max_hp_gain":5.0,"max_hp_loss":0.0,"gold_gain":0.0,"event_name":"Big Fish","player_choice":"Donut","floor":5.0,"gold_loss":0.0,"damage_taken":0.0},{"damage_healed":0.0,"max_hp_gain":0.0,"max_hp_loss":0.0,"gold_gain":0.0,"event_name":"Match and Keep!","player_choice":"0 cards matched","floor":8.0,"gold_loss":0.0,"damage_taken":0.0,"cards_obtained":[]},{"damage_healed":0.0,"max_hp_gain":0.0,"max_hp_loss":0.0,"gold_gain":0.0,"event_name":"Nest","player_choice":"Joined the Cult","floor":21.0,"gold_loss":0.0,"damage_taken":6.0,"cards_obtained":["RitualDagger"]},{"damage_healed":0.0,"max_hp_gain":0.0,"max_hp_loss":0.0,"gold_gain":0.0,"event_name":"Knowing Skull","player_choice":"","floor":29.0,"potions_obtained":[],"gold_loss":0.0,"damage_taken":6.0,"cards_obtained":[]},{"damage_healed":0.0,"max_hp_gain":0.0,"max_hp_loss":0.0,"gold_gain":0.0,"event_name":"MindBloom","player_choice":"Fight","floor":37.0,"gold_loss":0.0,"damage_taken":0.0}],"is_beta":false,"boss_relics":[{"not_picked":["Tiny House","Coffee Dripper"],"picked":"Empty Cage"},{"not_picked":["Fusion Hammer","Pandora\u0027s Box"],"picked":"Inserter"}],"items_purged_floors":[],"is_endless":false,"potions_floor_spawned":[2,6,10,12,13,14,16,18,20,22,23,25,27,31,33,35,36,37,39,40,42,45,46,48,54],"ascension_level":4}}