{"host":"vnz4608r4gf5d2ow","time":1614045741,"event":{"mods":["AchievementEnabler","BaseMod","Minty Spire (QoL Compilation)"],"gold_per_floor":[213,226,3,3,3,3,34,34,34,51,79,79,1,33,33,129,129,147,147,13,24,15,48,48,75,102,114,141,26,26,37,37,138,138,153,10,10,23,34,59,59,92,92,106,106,125,35,46,46,46],"floor_reached":51,"language":"ENG","playtime":4019,"items_purged":["Strike_P"],"score":1057,"play_id":"21eecb03-0ee6-4652-8482-f8e5912f4e89","local_time":"20210222210221","is_ascension_mode":true,"campfire_choices":[{"data":"Eruption","floor":6.0,"key":"SMITH"},{"data":"BowlingBash","floor":8,"key":"SMITH"},{"data":"Apotheosis","floor":15,"key":"SMITH"},{"floor":24,"key":"REST"},{"floor":27,"key":"REST"},{"floor":30,"key":"REST"},{"floor":32,"key":"RECALL"},{"floor":41,"key":"REST"},{"floor":45,"key":"REST"},{"floor":49,"key":"REST"}],"circlet_count":0,"master_deck":["Strike_P","Strike_P","Defend_P","Defend_P","Defend_P","Defend_P","Eruption+1","Vigilance","BowlingBash+1","LikeWater","Ragnarok","BattleHymn","FlyingSleeves","CutThroughFate","Apotheosis+1","ThirdEye","ClearTheMind","MasterReality","SashWhip+1","Meditate","WaveOfTheHand","FlurryOfBlows","Scrawl","Wallop","EmptyFist+1","Panache","Swivel","FollowUp","TalkToTheHand","Establishment","TalkToTheHand+1","TalkToTheHand","Blasphemy","Crescendo"],"relics":["PureWater","Membership Card","Darkstone Periapt","The Courier","Thread and Needle","Regal Pillow","Anchor","Shuriken","Fusion Hammer","Sling","Bag of Marbles","Bottled Lightning","Eternal Feather","MawBank","SlaversCollar","ClockworkSouvenir","Nunchaku","Happy Flower","Bronze Scales","InkBottle"],"acts_visited":["Exordium","TheCity","TheBeyond"],"potions_floor_usage":[7,11,11,33,38,44,50,50],"damage_taken":[{"damage":2.0,"enemies":"Jaw Worm","floor":1.0,"turns":4.0},{"damage":0.0,"enemies":"2 Louse","floor":2.0,"turns":3.0},{"damage":14,"enemies":"3 Sentries","floor":7,"turns":7},{"damage":0,"enemies":"Cultist","floor":10,"turns":3},{"damage":0,"enemies":"Lagavulin","floor":11,"turns":3},{"damage":0,"enemies":"3 Sentries","floor":14,"turns":4},{"damage":0,"enemies":"The Guardian","floor":16,"turns":8},{"damage":9,"enemies":"3 Byrds","floor":18,"turns":4},{"damage":5,"enemies":"Shell Parasite","floor":21,"turns":4},{"damage":0,"enemies":"Book of Stabbing","floor":23,"turns":4},{"damage":0,"enemies":"Gremlin Leader","floor":25,"turns":4},{"damage":0,"enemies":"3 Cultists","floor":28,"turns":3},{"damage":0,"enemies":"Sentry and Sphere","floor":31,"turns":2},{"damage":4,"enemies":"Automaton","floor":33,"turns":6},{"damage":0,"enemies":"Orb Walker","floor":35,"turns":1},{"damage":0,"enemies":"3 Shapes","floor":38,"turns":2},{"damage":0,"enemies":"Spire Growth","floor":39,"turns":5},{"damage":0,"enemies":"Nemesis","floor":40,"turns":5},{"damage":0,"enemies":"Giant Head","floor":42,"turns":4},{"damage":18,"enemies":"3 Darklings","floor":44,"turns":4},{"damage":0,"enemies":"Maw","floor":46,"turns":3},{"damage":3,"enemies":"4 Shapes","floor":48,"turns":4},{"damage":0,"enemies":"Time Eater","floor":50,"turns":10}],"seed_played":"113795149002573293","potions_obtained":[{"floor":2.0,"key":"GamblersBrew"},{"floor":7,"key":"EntropicBrew"},{"floor":16,"key":"SkillPotion"},{"floor":23,"key":"LiquidBronze"},{"floor":31,"key":"Ambrosia"},{"floor":38,"key":"SpeedPotion"},{"floor":42,"key":"AttackPotion"}],"is_trial":false,"path_per_floor":["M","M","$","?","$","R","E","R","T","M","E","?","$","E","R","B",null,"M","?","$","M","$","E","R","E","T","R","M","$","R","M","R","B",null,"M","$","?","M","M","E","R","E","T","M","R","M","$","M","R","B",null],"character_chosen":"WATCHER","items_purchased":["Membership Card","Ragnarok","Apotheosis","ThirdEye","Sling","Bag of Marbles","Meditate","FlurryOfBlows","Panache","Swivel","FollowUp","ClockworkSouvenir","Nunchaku","Explosive Potion","Crescendo","EssenceOfSteel"],"campfire_rested":6,"item_purchase_floors":[3,3,13,13,20,20,20,22,29,29,29,36,36,36,47,47],"current_hp_per_floor":[70,70,70,67,67,67,53,53,53,53,53,53,53,53,53,53,72,63,63,63,58,58,58,72,72,72,72,72,72,72,72,72,68,72,72,72,72,72,72,72,72,72,72,54,72,72,72,69,72,72],"gold":46,"neow_bonus":"HUNDRED_GOLD","is_daily":false,"chose_seed":false,"campfire_upgraded":3,"win_rate":0.0,"timestamp":1614045741,"path_taken":["M","M","$","?","$","R","E","R","T","M","E","?","$","E","R","BOSS","M","?","$","M","$","E","R","E","T","R","M","$","R","M","R","BOSS","M","$","?","M","?","E","R","E","T","M","R","M","$","M","R","BOSS"],"items_purchased_type":["Relic","Card","Card","Card","Relic","Relic","Card","Card","Card","Card","Card","Relic","Relic","Potion","Card","Potion"],"build_version":"2020-12-22","purchased_purges":1,"victory":true,"max_hp_per_floor":[72,72,72,72,72,72,72,72,72,72,72,72,72,72,72,72,72,72,72,72,72,72,72,72,72,72,72,72,72,72,72,72,72,72,72,72,72,72,72,72,72,72,72,72,72,72,72,72,72,72],"card_choices":[{"not_picked":["FlyingSleeves","Protect"],"picked":"BowlingBash","floor":1.0},{"not_picked":["EmptyBody","PathToVictory"],"picked":"LikeWater","floor":2.0},{"not_picked":["MentalFortress","FlurryOfBlows"],"picked":"BattleHymn","floor":7},{"not_picked":["PathToVictory","Ragnarok"],"picked":"FlyingSleeves","floor":10},{"not_picked":["CrushJoints","Sanctity"],"picked":"CutThroughFate","floor":11},{"not_picked":["ThirdEye","BattleHymn"],"picked":"ClearTheMind","floor":14},{"not_picked":["LessonLearned","Alpha"],"picked":"MasterReality","floor":16},{"not_picked":["Protect+1","EmptyFist"],"picked":"SashWhip+1","floor":18},{"not_picked":["ForeignInfluence","Vengeance"],"picked":"WaveOfTheHand","floor":21},{"not_picked":["SandsOfTime","Adaptation"],"picked":"Scrawl","floor":23},{"not_picked":["Collect+1","Fasting2"],"picked":"Wallop","floor":25},{"not_picked":["Adaptation","EmptyBody"],"picked":"EmptyFist+1","floor":28},{"not_picked":["BowlingBash","Pray+1"],"picked":"TalkToTheHand","floor":31},{"not_picked":["Wish","Omniscience"],"picked":"Establishment","floor":33},{"not_picked":["ReachHeaven","BowlingBash+1","ThirdEye+1"],"picked":"SKIP","floor":35},{"not_picked":["Wireheading","Consecrate"],"picked":"TalkToTheHand+1","floor":38},{"not_picked":["ThirdEye","EmptyFist+1","PathToVictory+1"],"picked":"SKIP","floor":39},{"not_picked":["Pray+1","BowlingBash+1","EmptyFist"],"picked":"SKIP","floor":40},{"not_picked":["EmptyBody","Crescendo"],"picked":"TalkToTheHand","floor":42},{"not_picked":["Nirvana+1","Evaluate+1"],"picked":"Blasphemy","floor":44},{"not_picked":["EmptyFist+1","CarveReality+1","Prostrate+1"],"picked":"SKIP","floor":46},{"not_picked":["EmptyBody","SashWhip","WindmillStrike+1"],"picked":"SKIP","floor":48}],"player_experience":1017613,"relics_obtained":[{"floor":7,"key":"The Courier"},{"floor":9,"key":"Thread and Needle"},{"floor":11,"key":"Regal Pillow"},{"floor":14,"key":"Shuriken"},{"floor":23,"key":"Bottled Lightning"},{"floor":25,"key":"Eternal Feather"},{"floor":26,"key":"MawBank"},{"floor":40,"key":"Happy Flower"},{"floor":42,"key":"Bronze Scales"},{"floor":43,"key":"InkBottle"}],"event_choices":[{"damage_healed":0.0,"max_hp_gain":0.0,"max_hp_loss":0.0,"gold_gain":0.0,"event_name":"Scrap Ooze","player_choice":"Success","floor":4.0,"gold_loss":0.0,"damage_taken":3.0,"relics_obtained":["Darkstone Periapt"]},{"damage_healed":0,"gold_gain":0,"player_choice":"Gave Potion","damage_taken":0,"relics_obtained":["Anchor"],"max_hp_gain":0,"max_hp_loss":0,"event_name":"WeMeetAgain","floor":12,"gold_loss":0},{"damage_healed":0,"gold_gain":0,"player_choice":"Ignored","damage_taken":0,"max_hp_gain":0,"max_hp_loss":0,"event_name":"Beggar","floor":19,"gold_loss":0},{"cards_removed":["Strike_P"],"damage_healed":0,"gold_gain":0,"player_choice":"Offered Basic","damage_taken":0,"max_hp_gain":0,"max_hp_loss":0,"event_name":"Bonfire Elementals","floor":37,"gold_loss":0}],"is_beta":false,"boss_relics":[{"not_picked":["Pandora\u0027s Box","Ectoplasm"],"picked":"Fusion Hammer"},{"not_picked":["Sozu","Philosopher\u0027s Stone"],"picked":"SlaversCollar"}],"items_purged_floors":[47],"is_endless":false,"potions_floor_spawned":[2,7,16,23,25,31,38,40,42],"ascension_level":2}}