{"host":"nug5xkek4sujf8as","time":1614103116,"event":{"mods":["Act Like it!","Aspiration","BaseMod","Booster Modes","CapriCore","Colored Powertips","Conspire","Energized Spire","Gensokyo","Minty Spire (QoL Compilation)","Permanent Neow","Quick Restart","Reimu£®≤©¿ˆ¡È√Œ£©","Replay The Spire","Shop Mod","Spicy Shops","StSLib","°æπ¶ƒ‹Mod°øªÏ„Á÷Æª∑–ﬁ∏¥≤π∂°","°æ“≈ŒÔø®≈∆°øREMEMod","ÛÙª÷∏ƒœ"],"gold_per_floor":[114,34,48,48,48,48,382,398,398,235,251,266,266,279,279,355,355,365,365,365,24,124,157,157,173,225,255,255,53,371,385,118,190,190,205,205,14,14,14,29,29,29],"floor_reached":41,"language":"ZHS","playtime":2073,"items_purged":["Pain","Strike_P"],"score":1108,"play_id":"cf987219-82a1-4d64-a306-21a4ed2e1141","local_time":"20210224015836","is_ascension_mode":true,"campfire_choices":[{"data":"Eruption","floor":6.0,"key":"SMITH"},{"data":"Scrawl","floor":13.0,"key":"SMITH"},{"floor":28,"key":"REST"}],"circlet_count":0,"master_deck":["AscendersBane","Eruption+1","Vigilance+1","Immolate","EmptyBody","Replay:Anticipation+1","REME_WorshipGod+1","Scrawl+1","Wallop+1","MasterReality","TalkToTheHand","WheelKick","LessonLearned","ClearTheMind+1","Gensokyo:TekeTeke","Transmutation+1","Discovery","Calculated Gamble","Sneak Up","ReplayTheSpireMod:Necrosis","Purity","Concentrate+1","Tantrum","Flash of Steel","SpreadBorder2:ReiMu+1","Reboot","MentalFortress","Scrawl","Jack Of All Trades","ReplayTheSpireMod:Necrosis","Defend_G","Eviscerate","Gensokyo:TarnishedGold","Gensokyo:ScrapIron","Gensokyo:BlemishedSteel","Expertise"],"relics":["PureWater","REME_ComplimentaryCards","aspiration:Nostalgia","FlyPower:ReiMu","Gensokyo:LunaticRedEyes","Old Coin","conspire:Flyswatter","REME_LowDesire","Strawberry","Blue Doll","Gensokyo:MosesMiracle","PrismaticShard","Ice Cream","Replay:Arrowhead","conspire:DecoderRing","conspire:TopHat","HornCleat","Membership Card","Orrery","REME_LimitBreaker","Pocketwatch","Pantograph","REME_HandOfSuture","Replay:Grab Bag","Fusion Hammer","energizedSpire:OgreHead","Pandora\u0027s Box"],"acts_visited":["Gensokyo:Gensokyo","Gensokyo:Gensokyoer","Gensokyo:Gensokyoest"],"potions_floor_usage":[27,30,32,33,41],"damage_taken":[{"damage":6.0,"enemies":"Gensokyo:Gryphon","floor":1.0,"turns":3.0},{"damage":9.0,"enemies":"Gensokyo:2_Kodama","floor":3.0,"turns":6.0},{"damage":11.0,"enemies":"Gensokyo:Cirno","floor":7.0,"turns":5.0},{"damage":2.0,"enemies":"Gensokyo:Python","floor":8.0,"turns":5.0},{"damage":8.0,"enemies":"Gensokyo:5_Fairies","floor":11.0,"turns":4.0},{"damage":0.0,"enemies":"Gensokyo:Gryphon_and_Rabbit","floor":12.0,"turns":3.0},{"damage":4.0,"enemies":"Gensokyo:VengefulSpirit","floor":14.0,"turns":5.0},{"damage":0.0,"enemies":"Gensokyo:Yukari","floor":16.0,"turns":8.0},{"damage":1.0,"enemies":"Gensokyo:3_Dogs","floor":18.0,"turns":4.0},{"damage":28.0,"enemies":"Gensokyo:3_Dogs","floor":22.0,"turns":8.0},{"damage":0.0,"enemies":"Gensokyo:Tenshi","floor":23.0,"turns":7.0},{"damage":3.0,"enemies":"Gensokyo:AngelMirror","floor":25.0,"turns":3.0},{"damage":29,"enemies":"Gensokyo:Koishi","floor":27,"turns":6},{"damage":0,"enemies":"Gensokyo:Slime_Group","floor":30,"turns":4},{"damage":0,"enemies":"Gensokyo:3_Gloops","floor":31,"turns":2},{"damage":24,"enemies":"Gensokyo:Kaguya","floor":33,"turns":9},{"damage":0,"enemies":"Gensokyo:3_Bats","floor":35,"turns":3},{"damage":29,"enemies":"Gensokyo:AncientGuardian","floor":40,"turns":5},{"damage":28,"enemies":"Gensokyo:Dusk_and_Dawn","floor":41,"turns":3}],"seed_played":"5506244958880819946","potions_obtained":[{"floor":1.0,"key":"ZuzhouPotion:ReiMu"},{"floor":11.0,"key":"Toxic Potion"},{"floor":16.0,"key":"CultistPotion"},{"floor":27,"key":"GamblersBrew"},{"floor":31,"key":"REME_GoldPotion"},{"floor":40,"key":"Block Potion"}],"is_trial":false,"path_per_floor":["M","COS","M","?","?","R","E","M","T","$","M","M","R","M","R","B",null,"M","?","?","COS","?","E","?","M","T","E","R","$","M","M","R","B",null,"M","?","COS","PTL","PTL","M","M"],"character_chosen":"WATCHER","items_purchased":["MasterReality","Membership Card","Orrery","Pantograph","REME_HandOfSuture"],"campfire_rested":1,"item_purchase_floors":[10,29,29,32,32],"current_hp_per_floor":[55,55,46,46,46,46,35,33,33,33,25,25,25,21,41,41,68,67,66,66,66,38,38,38,35,35,6,25,25,25,25,25,26,56,56,56,56,56,56,27,0,0],"gold":29,"neow_bonus":"NOSTALGIA","is_daily":false,"chose_seed":false,"campfire_upgraded":2,"win_rate":0.0,"timestamp":1614103116,"path_taken":["M","COS","M","?","?","R","E","M","T","$","M","M","R","M","R","BOSS","M","?","?","COS","?","E","?","?","T","E","R","$","M","M","R","BOSS","M","?","COS","PTL","PTL","?","M"],"items_purchased_type":["Card","Relic","Relic","Relic","Relic"],"build_version":"2020-12-22","purchased_purges":2,"victory":false,"max_hp_per_floor":[68,68,68,68,68,68,68,68,68,68,68,68,68,68,68,68,75,75,66,66,66,66,66,66,66,66,66,66,66,66,66,66,66,66,66,66,66,66,66,66,66,66],"card_choices":[{"not_picked":["ClearTheMind","Collect"],"picked":"EmptyBody","floor":1.0},{"not_picked":["EmptyFist+1","BattleHymn+1"],"picked":"Replay:Anticipation+1","floor":3.0},{"not_picked":["ClearTheMind","FlyingSleeves"],"picked":"BowlingBash","floor":3.0},{"not_picked":["WreathOfFlame","ThirdEye","EmptyBody"],"picked":"SKIP","floor":7.0},{"not_picked":["Replay:AllIn","ConjureBlade"],"picked":"Scrawl","floor":8.0},{"not_picked":["FlyingSleeves","Alpha"],"picked":"Wallop","floor":8.0},{"not_picked":["Conclude","SashWhip"],"picked":"TalkToTheHand","floor":11.0},{"not_picked":["Crescendo","Replay:BluntJabs","FlyingSleeves"],"picked":"SKIP","floor":12.0},{"not_picked":["Crescendo","Replay:BluntJabs","FlyingSleeves"],"picked":"SKIP","floor":12.0},{"not_picked":["BowlingBash","Replay:AtTheReady"],"picked":"WheelKick","floor":14.0},{"not_picked":["MasterReality","SpiritShield"],"picked":"LessonLearned","floor":16.0},{"not_picked":["Replay:Anticipation","SandsOfTime","Sadistic Nature"],"picked":"ClearTheMind+1","floor":18.0},{"not_picked":["Gensokyo:LittleGreenMen","Gensokyo:EightFeetTall"],"picked":"Gensokyo:TekeTeke","floor":19.0},{"not_picked":["Stack","Fasting2","AirManeuver:ReiMu"],"picked":"Transmutation","floor":22.0},{"not_picked":["YinYangSange:ReiMu","CrushJoints","Swift Strike"],"picked":"Discovery","floor":23.0},{"not_picked":["FollowUp","Flying Knee","Intimidate"],"picked":"Purity","floor":25.0},{"not_picked":["Prepared","Protect","Transmutation"],"picked":"Concentrate+1","floor":27},{"not_picked":["Dagger Throw","Heavy Blade","REME_MagicPocketWatch"],"picked":"Tantrum","floor":29},{"not_picked":["Body Slam","REME_Compress","Bane"],"picked":"Flash of Steel","floor":29},{"not_picked":["FollowUp","Coolheaded","REME_TheoryOfElimination"],"picked":"SpreadBorder2:ReiMu+1","floor":30},{"not_picked":["AlertArray:ReiMu","Rage","Prostrate","Panacea"],"picked":"SKIP","floor":31},{"not_picked":["ReplayTheSpireMod:Necrosis","Replay:Bag of Tricks","REME_ShortnessOfBreath"],"picked":"Reboot","floor":33},{"not_picked":["Steam","Bloodletting","Violence"],"picked":"Jack Of All Trades","floor":35},{"not_picked":["Beam Cell","Havoc+1","Dramatic Entrance"],"picked":"Expertise","floor":40}],"player_experience":996995,"relics_obtained":[{"floor":7.0,"key":"Old Coin"},{"floor":9.0,"key":"conspire:Flyswatter"},{"floor":17.0,"key":"Strawberry"},{"floor":17.0,"key":"Blue Doll"},{"floor":22.0,"key":"Ice Cream"},{"floor":22.0,"key":"Replay:Arrowhead"},{"floor":23.0,"key":"conspire:DecoderRing"},{"floor":25.0,"key":"Gensokyo:MosesMiracle"},{"floor":26.0,"key":"conspire:TopHat"},{"floor":27,"key":"HornCleat"}],"event_choices":[],"is_beta":false,"boss_relics":[{"not_picked":["HolyWater","conspire:SlowCooker"],"picked":"REME_LowDesire"},{"not_picked":["energizedSpire:MagnifyingGlass","energizedSpire:CrystalSphere"],"picked":"Replay:Grab Bag"},{"not_picked":["energizedSpire:EnergizedDie","Philosopher\u0027s Stone"],"picked":"Fusion Hammer"},{"not_picked":["Velvet Choker","Cursed Key"],"picked":"energizedSpire:OgreHead"},{"not_picked":["Black Star","aspiration:RitualDagger"],"picked":"Pandora\u0027s Box"}],"items_purged_floors":[10,32],"is_endless":false,"potions_floor_spawned":[1,11,16,23,25,27,31,40],"killed_by":"Gensokyo:Dusk_and_Dawn","ascension_level":20}}