{"host":"lufzn74xe9ct3rkf","time":1614045568,"event":{"mods":["AchievementEnabler","BaseMod","Evolution","Minty Spire (QoL Compilation)","StSLib"],"gold_per_floor":[117,128,139,214,214,242,9,86,86,104,104,164,164,176,176,278,278,298,312,17,28,44,44,58,76,76,86,86,86,106,106,106,211,211,227,0,50,50,124,159,159,159,159,7,7,7,7,26,26,26],"floor_reached":51,"language":"ENG","playtime":2259,"items_purged":[],"score":725,"play_id":"a5483e0d-9df3-4961-bb55-cb633af8ac0e","local_time":"20210222175928","is_ascension_mode":false,"campfire_choices":[{"data":"Apotheosis","floor":11,"key":"SMITH"},{"floor":13,"key":"REST"},{"data":"Bludgeon","floor":15,"key":"SMITH"},{"floor":23,"key":"REST"},{"data":"Seeing Red","floor":28,"key":"SMITH"},{"floor":32,"key":"REST"},{"data":"Madness","floor":41,"key":"SMITH"},{"data":"Madness","floor":45,"key":"SMITH"},{"data":"Double Tap","floor":47,"key":"SMITH"},{"floor":49,"key":"REST"}],"circlet_count":0,"master_deck":["Headbutt","Headbutt","Headbutt","Headbutt","Headbutt","Defend_R","Defend_R","Defend_R","Bash+1","Anger","Headbutt","Reckless Charge","Shrug It Off","Apotheosis+1","Thunderclap","Cleave","Bludgeon+1","Armaments","Reaper","Uppercut","Pommel Strike","Dropkick","Iron Wave+1","Double Tap+1","Anger+1","Thunderclap+1","Seeing Red+1","Cleave+1","Berserk","Warcry","Pommel Strike+1","Madness+1","Madness+1","Inflame","Hemokinesis+1","Armaments","Thunderclap+1","Dropkick+1","Wild Strike+1"],"relics":["Burning Blood","EVO:Axolotl","PreservedInsect","Self Forming Clay","Bag of Marbles","Lantern","Runic Cube","Molten Egg 2","Mango","MutagenicStrength","Runic Pyramid","Red Mask","TungstenRod","Paper Frog","Bronze Scales","Ornamental Fan"],"acts_visited":["Exordium","TheCity","TheBeyond"],"potions_floor_usage":[6,16,19,22,33,33,33,40,50],"damage_taken":[{"damage":6,"enemies":"Jaw Worm","floor":1,"turns":2},{"damage":0,"enemies":"2 Louse","floor":2,"turns":2},{"damage":0,"enemies":"Small Slimes","floor":3,"turns":2},{"damage":22,"enemies":"3 Sentries","floor":6,"turns":5},{"damage":10,"enemies":"Exordium Thugs","floor":10,"turns":3},{"damage":0,"enemies":"Gremlin Nob","floor":12,"turns":2},{"damage":0,"enemies":"Blue Slaver","floor":14,"turns":1},{"damage":26,"enemies":"The Guardian","floor":16,"turns":5},{"damage":16,"enemies":"2 Thieves","floor":18,"turns":3},{"damage":20,"enemies":"Spheric Guardian","floor":19,"turns":4},{"damage":15,"enemies":"3 Cultists","floor":21,"turns":4},{"damage":14,"enemies":"Sentry and Sphere","floor":22,"turns":4},{"damage":0,"enemies":"Snecko","floor":24,"turns":3},{"damage":20,"enemies":"3 Cultists","floor":25,"turns":5},{"damage":12,"enemies":"Centurion and Healer","floor":27,"turns":4},{"damage":20,"enemies":"Snake Plant","floor":30,"turns":3},{"damage":12,"enemies":"Collector","floor":33,"turns":5},{"damage":11,"enemies":"Orb Walker","floor":35,"turns":3},{"damage":0,"enemies":"Mind Bloom Boss Battle","floor":37,"turns":4},{"damage":25,"enemies":"Giant Head","floor":40,"turns":6},{"damage":13,"enemies":"3 Shapes","floor":48,"turns":3},{"damage":104,"enemies":"Time Eater","floor":50,"turns":10}],"seed_played":"1493522553680245213","potions_obtained":[{"floor":3,"key":"Block Potion"},{"floor":6,"key":"SkillPotion"},{"floor":16,"key":"Block Potion"},{"floor":18,"key":"Dexterity Potion"},{"floor":21,"key":"Strength Potion"},{"floor":24,"key":"CultistPotion"},{"floor":27,"key":"Swift Potion"},{"floor":30,"key":"DistilledChaos"},{"floor":37,"key":"Block Potion"},{"floor":48,"key":"Regen Potion"}],"is_trial":false,"path_per_floor":["M","M","M","?","?","E","$","T","T","M","R","?","R","M","R","B",null,"M","M","$","M","M","R","M","M","T","M","R","?","M","?","R","B",null,"M","?","?","?","T","E","R","?","T","$","R","$","R","M","R","B",null],"character_chosen":"IRONCLAD","items_purchased":["Apotheosis","Thunderclap","Dropkick","Molten Egg 2","Armaments","Thunderclap+1","Dropkick+1"],"campfire_rested":4,"item_purchase_floors":[7,7,20,20,44,44,44],"current_hp_per_floor":[80,80,80,69,69,53,53,53,53,49,49,55,79,80,80,60,80,70,56,56,47,39,63,69,55,69,63,63,63,49,49,77,71,94,89,89,94,83,83,64,64,64,64,64,64,64,64,62,90,13],"gold":26,"neow_bonus":"UPGRADE_CARD","is_daily":false,"chose_seed":false,"campfire_upgraded":6,"win_rate":0.0,"timestamp":1614045568,"path_taken":["M","M","M","?","?","E","?","?","T","M","R","?","R","M","R","BOSS","M","M","$","M","M","R","M","M","T","M","R","?","M","?","R","BOSS","M","?","?","?","?","E","R","?","T","$","R","$","R","M","R","BOSS"],"items_purchased_type":["Card","Card","Card","Relic","Card","Card","Card"],"build_version":"2020-12-22","purchased_purges":0,"victory":true,"max_hp_per_floor":[80,80,80,80,80,80,80,80,80,80,80,80,80,80,80,80,80,80,80,80,80,80,80,80,80,94,94,94,94,94,94,94,94,94,94,94,94,94,94,94,94,94,94,94,94,94,94,94,94,94],"card_choices":[{"not_picked":["Twin Strike","Pommel Strike"],"picked":"Anger","floor":1},{"not_picked":["Sword Boomerang","Perfected Strike"],"picked":"Headbutt","floor":2},{"not_picked":["Power Through","Sever Soul"],"picked":"Reckless Charge","floor":3},{"not_picked":["Sever Soul","Thunderclap"],"picked":"Shrug It Off","floor":6},{"not_picked":["Thunderclap","Second Wind"],"picked":"Cleave","floor":10},{"not_picked":["Clash","Thunderclap"],"picked":"Bludgeon","floor":12},{"not_picked":["Flame Barrier","Shrug It Off"],"picked":"Armaments","floor":14},{"not_picked":["Fiend Fire","Bludgeon"],"picked":"Reaper","floor":16},{"not_picked":["Cleave","Sword Boomerang"],"picked":"Uppercut","floor":18},{"not_picked":["Shrug It Off","Thunderclap"],"picked":"Pommel Strike","floor":19},{"not_picked":["Warcry+1","Flex"],"picked":"Iron Wave+1","floor":21},{"not_picked":["Armaments","Body Slam+1"],"picked":"Double Tap","floor":22},{"not_picked":["Perfected Strike+1","Rage"],"picked":"Anger+1","floor":24},{"not_picked":["Ghostly Armor","Searing Blow+1"],"picked":"Thunderclap+1","floor":25},{"not_picked":["Pommel Strike+1","Headbutt+1"],"picked":"Seeing Red","floor":27},{"not_picked":["Clash+1","Wild Strike+1"],"picked":"Cleave+1","floor":30},{"not_picked":["Bludgeon+1","Reaper+1"],"picked":"Berserk","floor":33},{"not_picked":["Body Slam+1","Wild Strike+1"],"picked":"Warcry","floor":35},{"not_picked":["Shrug It Off","Battle Trance"],"picked":"Pommel Strike+1","floor":37},{"not_picked":["Flex+1","Heavy Blade+1"],"picked":"Inflame","floor":40},{"not_picked":["Dark Embrace","Armaments+1"],"picked":"Wild Strike+1","floor":48}],"player_experience":18813,"relics_obtained":[{"floor":6,"key":"PreservedInsect"},{"floor":8,"key":"Self Forming Clay"},{"floor":9,"key":"Bag of Marbles"},{"floor":26,"key":"Mango"},{"floor":37,"key":"TungstenRod"},{"floor":39,"key":"Paper Frog"},{"floor":40,"key":"Bronze Scales"},{"floor":43,"key":"Ornamental Fan"}],"event_choices":[{"damage_healed":0,"gold_gain":75,"player_choice":"Gather Gold","damage_taken":11,"max_hp_gain":0,"max_hp_loss":0,"event_name":"World of Goop","floor":4,"gold_loss":0},{"damage_healed":0,"gold_gain":0,"player_choice":"Fled","damage_taken":0,"max_hp_gain":0,"max_hp_loss":0,"event_name":"Scrap Ooze","floor":5,"gold_loss":0},{"damage_healed":0,"gold_gain":0,"player_choice":"Searched \u00272\u0027 times","damage_taken":0,"relics_obtained":["Lantern"],"max_hp_gain":0,"max_hp_loss":0,"event_name":"Dead Adventurer","floor":12,"gold_loss":0},{"damage_healed":0,"gold_gain":0,"player_choice":"Ignored","damage_taken":0,"max_hp_gain":0,"max_hp_loss":0,"event_name":"Ghosts","floor":29,"gold_loss":0},{"damage_healed":0,"gold_gain":0,"player_choice":"Inject Mutagens","damage_taken":0,"relics_obtained":["MutagenicStrength"],"max_hp_gain":0,"max_hp_loss":0,"event_name":"Drug Dealer","floor":31,"gold_loss":0},{"damage_healed":0,"gold_gain":0,"player_choice":"Paid","damage_taken":0,"relics_obtained":["Red Mask"],"max_hp_gain":0,"max_hp_loss":0,"event_name":"Tomb of Lord Red Mask","floor":36,"gold_loss":227},{"damage_healed":0,"gold_gain":0,"player_choice":"Fight","damage_taken":0,"max_hp_gain":0,"max_hp_loss":0,"event_name":"MindBloom","floor":37,"gold_loss":0},{"damage_healed":0,"gold_gain":0,"player_choice":"Embrace Madness","damage_taken":12,"max_hp_gain":0,"max_hp_loss":0,"event_name":"Winding Halls","floor":38,"gold_loss":0,"cards_obtained":["Madness","Madness"]},{"damage_healed":0,"gold_gain":0,"cards_transformed":["Defend_R"],"player_choice":"Transformed","damage_taken":0,"max_hp_gain":0,"max_hp_loss":0,"event_name":"Transmorgrifier","floor":42,"gold_loss":0,"cards_obtained":["Hemokinesis"]}],"is_beta":false,"boss_relics":[{"not_picked":["Velvet Choker","Coffee Dripper"],"picked":"Runic Cube"},{"not_picked":["Sozu","SacredBark"],"picked":"Runic Pyramid"}],"items_purged_floors":[],"is_endless":false,"potions_floor_spawned":[3,6,16,18,21,24,27,30,37,48],"ascension_level":0}}