{"host":"birdoosa9v9yfc1w","time":1614070592,"event":{"mods":["2.2 Compatiblity","BaseMod","Bossed Relics","Colored Map","Colored Powertips","Dark Map","Halation","Highlight Path","Minty Spire (QoL Compilation)","Rare Cards Sparkle","Relic Filter","SacredBarkPlus","StSLib","The Jungle","Thrall Mod"],"gold_per_floor":[117,190,209,222,10,42,42,61,61,77,4,31,31,48,48,151,151,171,171,191,209,52,52,52],"floor_reached":23,"language":"ENG","playtime":835,"items_purged":[],"score":325,"play_id":"184a7b56-12ed-4c37-bbe9-b74b052bfb14","local_time":"20210223035632","is_ascension_mode":true,"campfire_choices":[{"floor":7.0,"key":"REST"},{"floor":15.0,"key":"REST"}],"circlet_count":0,"master_deck":["AscendersBane","Strike_Thrall","Strike_Thrall","Strike_Thrall","Strike_Thrall","Strike_Thrall","Defend_Thrall","Defend_Thrall","Defend_Thrall","Defend_Thrall","Defend_Thrall","Lightningbolt","Thecoin","Devolve","Earthshock","Forkedlightning","Doomhammer","Dustdevil","Avalanche","Shudderwock","Flametonguetotem","Hallazeal+1","Elementaldestruction"],"relics":["Totem","NeowsBlessing","HandDrill","Singing Bowl","Frozen Eye","halation:SelfBoilingWater","halation:Prosthetics"],"acts_visited":["Exordium","TheCity"],"potions_floor_usage":[23],"damage_taken":[{"damage":0.0,"enemies":"2 Louse","floor":1.0,"turns":1.0},{"damage":0.0,"enemies":"Small Slimes","floor":3.0,"turns":2.0},{"damage":0.0,"enemies":"Jaw Worm","floor":4.0,"turns":1.0},{"damage":39.0,"enemies":"Lagavulin","floor":6.0,"turns":5.0},{"damage":10.0,"enemies":"Lots of Slimes","floor":8.0,"turns":2.0},{"damage":0.0,"enemies":"Blue Slaver","floor":10.0,"turns":2.0},{"damage":23.0,"enemies":"Gremlin Nob","floor":12.0,"turns":3.0},{"damage":0.0,"enemies":"Large Slime","floor":14.0,"turns":4.0},{"damage":19.0,"enemies":"Hexaghost","floor":16.0,"turns":9.0},{"damage":14.0,"enemies":"Chosen","floor":18.0,"turns":6.0},{"damage":39.0,"enemies":"3 Byrds","floor":20.0,"turns":8.0},{"damage":44.0,"enemies":"Centurion and Healer","floor":21.0,"turns":7.0},{"damage":90,"enemies":"Book of Stabbing","floor":23,"turns":7}],"seed_played":"6142529896681505956","potions_obtained":[{"floor":4.0,"key":"PowerPotion"},{"floor":6.0,"key":"Explosive Potion"},{"floor":10.0,"key":"LiquidMemories"},{"floor":14.0,"key":"BlessingOfTheForge"},{"floor":20.0,"key":"GamblersBrew"}],"is_trial":false,"path_per_floor":["M","?","M","M","$","E","R","M","T","M","$","E","?","M","R","B",null,"M","?","M","M","$","E"],"character_chosen":"THRALL","items_purchased":["HandDrill","Doomhammer","Flametonguetotem","Elementaldestruction"],"campfire_rested":2,"item_purchase_floors":[5,5,11,22],"current_hp_per_floor":[63,63,63,63,63,26,47,37,37,37,37,16,4,6,28,9,32,41,41,43,44,44,0,0],"gold":52,"neow_bonus":"THREE_ENEMY_KILL","is_daily":false,"chose_seed":false,"campfire_upgraded":0,"win_rate":0.0,"timestamp":1614070592,"path_taken":["M","?","M","M","$","E","R","M","T","M","$","E","?","M","R","BOSS","M","?","?","?","?","E"],"items_purchased_type":["Relic","Card","Card","Card"],"build_version":"2020-12-22","purchased_purges":0,"victory":false,"max_hp_per_floor":[70,70,70,70,70,70,70,70,70,70,70,72,72,74,74,74,39,41,41,43,45,45,45,45],"card_choices":[{"not_picked":["Totemicsmash","Frostshock"],"picked":"Devolve","floor":1.0},{"not_picked":["Menacingnimbus","Witchsapprentice"],"picked":"Earthshock","floor":3.0},{"not_picked":["Tidalsurge","Cryostasis"],"picked":"Forkedlightning","floor":4.0},{"not_picked":["Snowfurygiant","Zap"],"picked":"Dustdevil","floor":6.0},{"not_picked":["Frostshock","Fireguard"],"picked":"Avalanche","floor":8.0},{"not_picked":["Dunemaul","Dustdevil"],"picked":"Shudderwock","floor":10.0},{"not_picked":["Thecoin","Healingrain","Frostshock"],"picked":"Singing Bowl","floor":12.0},{"not_picked":["Rockbiter","Elementaryreaction","Thecoin"],"picked":"Singing Bowl","floor":14.0},{"not_picked":["Lavaburst","Unstable"],"picked":"Hallazeal","floor":16.0},{"not_picked":["Thecoin","Dustdevil","Murksparkeel+1"],"picked":"Singing Bowl","floor":18.0},{"not_picked":["Dustdevil","Earthelemental","Fireelemental+1"],"picked":"Singing Bowl","floor":20.0},{"not_picked":["Menacingnimbus","Forkedlightning","Jadecheiftain"],"picked":"Singing Bowl","floor":21.0}],"player_experience":661437,"relics_obtained":[{"floor":6.0,"key":"Singing Bowl"},{"floor":9.0,"key":"Frozen Eye"},{"floor":12.0,"key":"halation:SelfBoilingWater"}],"event_choices":[{"damage_healed":0.0,"max_hp_gain":0.0,"max_hp_loss":0.0,"gold_gain":73.0,"event_name":"Golden Wing","player_choice":"Gained Gold","floor":2.0,"gold_loss":0.0,"damage_taken":0.0},{"damage_healed":0.0,"max_hp_gain":0.0,"max_hp_loss":0.0,"gold_gain":0.0,"event_name":"Scrap Ooze","player_choice":"Fled","floor":13.0,"gold_loss":0.0,"damage_taken":12.0},{"damage_healed":0.0,"max_hp_gain":0.0,"max_hp_loss":0.0,"gold_gain":0.0,"event_name":"Upgrade Shrine","player_choice":"Upgraded","floor":19.0,"gold_loss":0.0,"damage_taken":0.0,"cards_upgraded":["Hallazeal"]}],"is_beta":false,"boss_relics":[{"not_picked":["halation:SmartPhone","Fusion Hammer"],"picked":"halation:Prosthetics"}],"items_purged_floors":[],"is_endless":false,"potions_floor_spawned":[4,6,10,14,20],"killed_by":"Book of Stabbing","ascension_level":12}}