{"host":"dz5pb68w9r4hdro8","time":1614079402,"event":{"mods":["AchievementEnabler","BaseMod","Better Skull","Better Third Choice","Challenge The Spire","Colored Map","Colored Powertips","DeckTracker","Googly Eyes","Highlight Path","Minty Spire (QoL Compilation)","Permanent Neow","Quick Restart","StSLib","SuperFastMode"],"gold_per_floor":[119,119,12,87,107,139,139,139,221,249,265,265,290,305,305,402,402,402,327,327,327,327,327,327,327,327,327,327,327,327,327,327,327,327,327,327,327,38,38,38,38,38,38,38,38,38,38,38,38,38],"floor_reached":51,"language":"ENG","playtime":1892,"items_purged":["Strike_G"],"score":958,"play_id":"f70e772d-baf3-4672-800a-c48e957f9af2","local_time":"20210223032322","is_ascension_mode":true,"campfire_choices":[{"data":"Noxious Fumes","floor":7,"key":"SMITH"},{"data":"Crippling Poison","floor":12,"key":"SMITH"},{"floor":15,"key":"REST"},{"data":"Catalyst","floor":23,"key":"SMITH"},{"data":"Crippling Poison","floor":30,"key":"SMITH"},{"data":"Concentrate","floor":32,"key":"SMITH"},{"data":"Bane","floor":41,"key":"SMITH"},{"data":"Footwork","floor":44,"key":"SMITH"},{"data":"Dodge and Roll","floor":49,"key":"SMITH"}],"circlet_count":0,"master_deck":["Strike_G","Strike_G","Strike_G+1","Defend_G","Defend_G","Defend_G","Defend_G","Defend_G","Survivor","Neutralize","Dodge and Roll+1","Noxious Fumes+1","Footwork+1","Bane+1","Backflip","Crippling Poison+1","Catalyst+1","Concentrate+1","Backflip+1","Crippling Poison+1"],"relics":["Velvet Choker","Bottled Tornado","SsserpentHead","Singing Bowl","White Beast Statue","Dream Catcher","Ectoplasm","Enchiridion","Snake Skull","MealTicket","Whetstone","Sundial","Pear","SlaversCollar","The Specimen","Happy Flower","Bag of Marbles","Meat on the Bone","Anchor"],"acts_visited":["Exordium","TheCity","TheBeyond"],"potions_floor_usage":[6,27,33,33,45],"damage_taken":[{"damage":0,"enemies":"Small Slimes","floor":1,"turns":5},{"damage":0,"enemies":"Cultist","floor":5,"turns":4},{"damage":27,"enemies":"Gremlin Nob","floor":6,"turns":5},{"damage":14,"enemies":"3 Sentries","floor":10,"turns":6},{"damage":0,"enemies":"2 Louse","floor":11,"turns":3},{"damage":4,"enemies":"Gremlin Nob","floor":13,"turns":4},{"damage":7,"enemies":"Looter","floor":14,"turns":3},{"damage":28,"enemies":"Slime Boss","floor":16,"turns":10},{"damage":0,"enemies":"3 Byrds","floor":18,"turns":3},{"damage":0,"enemies":"Chosen","floor":20,"turns":5},{"damage":0,"enemies":"3 Cultists","floor":24,"turns":3},{"damage":10,"enemies":"Snake Plant","floor":25,"turns":4},{"damage":19,"enemies":"Book of Stabbing","floor":27,"turns":6},{"damage":5,"enemies":"Gremlin Leader","floor":29,"turns":5},{"damage":0,"enemies":"Chosen and Byrds","floor":31,"turns":3},{"damage":19,"enemies":"Collector","floor":33,"turns":7},{"damage":8,"enemies":"3 Shapes","floor":35,"turns":5},{"damage":11,"enemies":"3 Darklings","floor":37,"turns":4},{"damage":16,"enemies":"Maw","floor":39,"turns":7},{"damage":35,"enemies":"Giant Head","floor":40,"turns":11},{"damage":42,"enemies":"Nemesis","floor":42,"turns":7},{"damage":0,"enemies":"Reptomancer","floor":45,"turns":5},{"damage":1,"enemies":"Transient","floor":46,"turns":5},{"damage":5,"enemies":"4 Shapes","floor":47,"turns":4},{"damage":65,"enemies":"Time Eater","floor":50,"turns":15}],"seed_played":"-519885805224867577","potions_obtained":[{"floor":1,"key":"Explosive Potion"},{"floor":2,"key":"SteroidPotion"},{"floor":2,"key":"DistilledChaos"},{"floor":6,"key":"AttackPotion"},{"floor":14,"key":"Poison Potion"},{"floor":18,"key":"CultistPotion"},{"floor":27,"key":"SpeedPotion"},{"floor":33,"key":"DuplicationPotion"},{"floor":35,"key":"Block Potion"},{"floor":45,"key":"FearPotion"}],"is_trial":false,"path_per_floor":["M","?","$","?","M","E","R","?","T","E","M","R","E","M","R","B",null,"M","$","M","?","?","R","M","M","T","E","?","E","R","M","R","B",null,"M","?","M","$","M","E","R","E","T","R","E","M","M","?","R","B",null],"character_chosen":"THE_SILENT","items_purchased":["Noxious Fumes","Crippling Poison","The Specimen"],"campfire_rested":1,"item_purchase_floors":[3,3,38],"current_hp_per_floor":[70,70,70,59,59,32,32,32,32,20,20,20,16,9,32,6,76,78,78,78,62,29,29,29,21,21,2,80,87,87,89,89,72,96,90,90,81,96,82,49,49,9,9,9,21,34,43,96,96,43],"gold":38,"neow_bonus":"BOSS_RELIC","is_daily":false,"chose_seed":false,"campfire_upgraded":8,"win_rate":0.0,"timestamp":1614079402,"path_taken":["M","?","?","?","M","E","R","?","T","E","M","R","E","M","R","BOSS","M","?","M","?","?","R","?","M","T","E","?","E","R","?","R","BOSS","M","?","M","$","M","E","R","E","T","R","E","M","M","?","R","BOSS"],"items_purchased_type":["Card","Card","Relic"],"build_version":"2020-12-22","purchased_purges":1,"victory":true,"max_hp_per_floor":[70,70,70,70,70,70,70,70,70,72,72,72,72,72,74,76,76,78,78,78,78,78,78,78,80,80,80,80,92,92,94,94,96,96,98,98,100,100,102,104,104,106,106,106,106,108,110,96,96,96],"card_choices":[{"not_picked":["Riddle With Holes","Infinite Blades"],"picked":"Dodge and Roll","floor":1},{"not_picked":["Deflect","Heel Hook","Slice"],"picked":"SKIP","floor":5},{"not_picked":["Predator","Masterful Stab"],"picked":"Footwork","floor":6},{"not_picked":["Infinite Blades","Outmaneuver","Sucker Punch"],"picked":"Singing Bowl","floor":10},{"not_picked":["Poisoned Stab","Dagger Throw"],"picked":"Bane","floor":11},{"not_picked":["Prepared","Cloak And Dagger"],"picked":"Backflip","floor":13},{"not_picked":["Caltrops","Finisher"],"picked":"Crippling Poison","floor":14},{"not_picked":["Prepared","Backflip","Grand Finale"],"picked":"Singing Bowl","floor":15},{"not_picked":["A Thousand Cuts","Adrenaline","Malaise"],"picked":"Singing Bowl","floor":16},{"not_picked":["Dagger Spray+1","Quick Slash","Poisoned Stab+1"],"picked":"Singing Bowl","floor":18},{"not_picked":["Finisher+1","Infinite Blades"],"picked":"Catalyst","floor":20},{"not_picked":["Masterful Stab","PiercingWail+1"],"picked":"Concentrate","floor":24},{"not_picked":["Dagger Spray","Bane","Outmaneuver"],"picked":"Singing Bowl","floor":25},{"not_picked":["Eviscerate","Deflect"],"picked":"Backflip+1","floor":27},{"not_picked":["A Thousand Cuts","Sucker Punch","Cloak And Dagger"],"picked":"Singing Bowl","floor":29},{"not_picked":["Blade Dance","All Out Attack+1","Quick Slash"],"picked":"Singing Bowl","floor":31},{"not_picked":["Malaise","Wraith Form v2","Bullet Time"],"picked":"Singing Bowl","floor":33},{"not_picked":["Underhanded Strike+1","Acrobatics+1","Choke"],"picked":"Singing Bowl","floor":35},{"not_picked":["PiercingWail","Setup","Bane+1"],"picked":"Singing Bowl","floor":37},{"not_picked":["Acrobatics","PiercingWail+1","Quick Slash+1"],"picked":"Singing Bowl","floor":39},{"not_picked":["Quick Slash","Leg Sweep","Slice"],"picked":"Singing Bowl","floor":40},{"not_picked":["Predator","Heel Hook+1","Backstab"],"picked":"Singing Bowl","floor":42},{"not_picked":["Leg Sweep+1","Concentrate+1"],"picked":"Crippling Poison+1","floor":45},{"not_picked":["PiercingWail+1","Deflect+1","All Out Attack+1"],"picked":"Singing Bowl","floor":46},{"not_picked":["Calculated Gamble","Underhanded Strike","Eviscerate"],"picked":"Singing Bowl","floor":47}],"player_experience":451978,"relics_obtained":[{"floor":6,"key":"Bottled Tornado"},{"floor":9,"key":"Singing Bowl"},{"floor":10,"key":"White Beast Statue"},{"floor":13,"key":"Dream Catcher"},{"floor":21,"key":"Enchiridion"},{"floor":26,"key":"Whetstone"},{"floor":27,"key":"Sundial"},{"floor":29,"key":"Pear"},{"floor":40,"key":"Happy Flower"},{"floor":42,"key":"Bag of Marbles"},{"floor":43,"key":"Meat on the Bone"},{"floor":45,"key":"Anchor"}],"event_choices":[{"damage_healed":0,"gold_gain":0,"player_choice":"Got Potions","damage_taken":0,"max_hp_gain":0,"max_hp_loss":0,"event_name":"Lab","floor":2,"gold_loss":0},{"damage_healed":0,"gold_gain":75,"player_choice":"Gold","damage_taken":11,"max_hp_gain":0,"max_hp_loss":0,"event_name":"betterThird:BetterGoop","floor":4,"gold_loss":0},{"damage_healed":0,"gold_gain":0,"player_choice":"Trade","damage_taken":0,"relics_obtained":["SsserpentHead"],"max_hp_gain":0,"max_hp_loss":0,"event_name":"FaceTrader","floor":8,"gold_loss":0},{"damage_healed":0,"gold_gain":0,"player_choice":"Obtained Book","damage_taken":16,"max_hp_gain":0,"max_hp_loss":0,"event_name":"Cursed Tome","floor":21,"gold_loss":0},{"damage_healed":0,"gold_gain":0,"player_choice":"RE RE ","damage_taken":37,"relics_obtained":["Snake Skull","MealTicket"],"max_hp_gain":0,"max_hp_loss":0,"event_name":"betterSkull:BetterSkull","floor":22,"gold_loss":0,"cards_upgraded":[]},{"cards_removed":["Crippling Poison"],"damage_healed":78,"gold_gain":0,"player_choice":"Offered Uncommon","damage_taken":0,"max_hp_gain":0,"max_hp_loss":0,"event_name":"Bonfire Elementals","floor":28,"gold_loss":0},{"cards_removed":["Strike_G"],"damage_healed":0,"gold_gain":0,"player_choice":"Removed Attack","damage_taken":0,"max_hp_gain":0,"max_hp_loss":0,"event_name":"Falling","floor":36,"gold_loss":0},{"damage_healed":96,"gold_gain":0,"player_choice":"Heal","damage_taken":0,"max_hp_gain":0,"max_hp_loss":14,"event_name":"The Moai Head","floor":48,"gold_loss":0}],"is_beta":false,"boss_relics":[{"not_picked":["Fusion Hammer","Calling Bell"],"picked":"Ectoplasm"},{"not_picked":["SacredBark","WristBlade"],"picked":"SlaversCollar"}],"items_purged_floors":[19],"is_endless":false,"potions_floor_spawned":[1,6,10,11,13,14,16,18,20,24,25,27,29,31,33,35,37,39,40,42,45,46,47],"ascension_level":1}}