{"host":"onk0sru1v5nf4gev","time":1614093107,"event":{"mods":["AchievementEnabler","BaseMod","Colored Map","Colored Powertips","Downfall","Googly Eyes","Infinite Spire","Minty Spire (QoL Compilation)","Quick Restart","Replay The Spire","StSLib","SuperFastMode","The Cursed"],"gold_per_floor":[115,115,190,42,42,42,82,102,183,202,226,242,378,378,378,504,504,489,489,315,315,315,315,315,315,315,315,315,315,315,315,315,315,315,315,315,315,315,315,315,315,315,315],"floor_reached":42,"language":"FRA","playtime":2351,"items_purged":[],"score":880,"play_id":"85603519-0db0-4566-8d48-3020072b1300","local_time":"20210223161147","is_ascension_mode":true,"campfire_choices":[{"data":"Infernal Blade","floor":6.0,"key":"SMITH"},{"data":"ReplayTheSpireMod:Limb From Limb","floor":15.0,"key":"SMITH"},{"data":"Mayhem","floor":23.0,"key":"SMITH"},{"data":"Berserk","floor":27.0,"key":"SMITH"},{"data":"Offering","floor":29.0,"key":"SMITH"},{"floor":34.0,"key":"REST"}],"circlet_count":0,"master_deck":["Strike_R","Strike_R","Strike_R","Strike_R","Strike_R","Defend_R","Defend_R","Defend_R","Defend_R","Bash","Thunderclap","Offering+1","Infernal Blade+1","Headbutt+1","ReplayTheSpireMod:Limb From Limb+1","Pommel Strike+1","Carnage","Clash","Dropkick","Thunderclap","Warcry","Berserk+1","Cleave","Bloodletting","Mayhem+1","Armaments+1","Sword Boomerang+1","Demonic Infusion","Disarm+1","Headbutt+1","Ghostly Armor+1"],"relics":["Burning Blood","NeowsBlessing","Golden Idol","infinitespire:ShieldingShard","Counterbalance","infinitespire:CheckeredPen","Replay:Grab Bag","Ectoplasm","Electric Blood","infinitespire:Burning Sword","Red Mask","infinitespire:Beetle Shell","Oddly Smooth Stone","Whetstone","infinitespire:EvilPickle","Ring of Chaos"],"acts_visited":["Exordium","TheCity","TheBeyond"],"potions_floor_usage":[42,42,42],"damage_taken":[{"damage":0.0,"enemies":"2 Louse","floor":1.0,"turns":1.0},{"damage":0.0,"enemies":"Gremlin Nob","floor":7.0,"turns":1.0},{"damage":0.0,"enemies":"Jaw Worm","floor":8.0,"turns":1.0},{"damage":3.0,"enemies":"Cultist","floor":10.0,"turns":2.0},{"damage":5.0,"enemies":"Large Slime","floor":11.0,"turns":3.0},{"damage":3.0,"enemies":"2 Fungi Beasts","floor":12.0,"turns":2.0},{"damage":0.0,"enemies":"Slime Boss","floor":16.0,"turns":3.0},{"damage":9.0,"enemies":"2 Thieves","floor":18.0,"turns":2.0},{"damage":0.0,"enemies":"Masked Bandits","floor":19.0,"turns":2.0},{"damage":0.0,"enemies":"Spheric Guardian","floor":22.0,"turns":2.0},{"damage":9.0,"enemies":"Slavers","floor":24.0,"turns":2.0},{"damage":9.0,"enemies":"Gremlin Leader","floor":30.0,"turns":2.0},{"damage":10.0,"enemies":"Shelled Parasite and Fungi","floor":31.0,"turns":3.0},{"damage":11.0,"enemies":"Chosen and Byrds","floor":32.0,"turns":2.0},{"damage":52.0,"enemies":"Pondfish","floor":35.0,"turns":7.0},{"damage":15.0,"enemies":"Orb Walker","floor":37.0,"turns":2.0},{"damage":0.0,"enemies":"3 Darklings","floor":39.0,"turns":2.0},{"damage":13.0,"enemies":"Spire Growth","floor":40.0,"turns":3.0},{"damage":59,"enemies":"Giant Head","floor":42,"turns":5}],"seed_played":"-6265073525154945396","potions_obtained":[{"floor":7.0,"key":"BloodPotion"},{"floor":10.0,"key":"Guardian:BlockOnCardUsePotion"},{"floor":12.0,"key":"SteroidPotion"},{"floor":19.0,"key":"Toxic Potion"},{"floor":30.0,"key":"AttackPotion"},{"floor":37.0,"key":"Dexterity Potion"},{"floor":40.0,"key":"hexamod:SoulburnPotion"},{"floor":41.0,"key":"ColorlessPotion"},{"floor":41.0,"key":"DuplicationPotion"}],"is_trial":false,"path_per_floor":["M","?","?","$","T","R","E","M","T","M","M","M","?","?","R","B",null,"M","?","$","?","M","R","E","PTL","PTL","R","T","R","E","M","M","?","R","B",null,"M","?","M","M","?","E"],"character_chosen":"IRONCLAD","items_purchased":["Offering","Infernal Blade","Mayhem"],"campfire_rested":1,"item_purchase_floors":[4,4,20],"current_hp_per_floor":[80,60,49,49,49,49,71,77,77,80,80,80,60,80,80,80,80,77,80,80,80,80,80,77,77,77,77,77,77,74,70,65,65,80,34,69,60,60,66,59,59,0,0],"gold":315,"neow_bonus":"THREE_ENEMY_KILL","is_daily":false,"chose_seed":false,"campfire_upgraded":5,"win_rate":0.0,"timestamp":1614093107,"path_taken":["M","?","?","?","?","R","E","M","T","?","M","?","?","?","R","BOSS","M","?","$","?","M","R","E","PTL","PTL","R","T","R","E","?","M","?","R","BOSS","M","?","?","M","?","E"],"items_purchased_type":["Card","Card","Card"],"build_version":"2020-12-22","purchased_purges":0,"victory":false,"max_hp_per_floor":[80,80,80,80,80,80,80,80,80,80,80,80,80,80,80,80,80,80,80,80,80,80,80,80,80,80,80,80,80,80,80,80,80,80,80,80,80,80,80,80,80,80,80],"card_choices":[{"not_picked":["Fire Breathing","Warcry"],"picked":"Thunderclap","floor":1.0},{"not_picked":["Body Slam","Metallicize"],"picked":"Headbutt","floor":7.0},{"not_picked":["Entrench","Warcry"],"picked":"ReplayTheSpireMod:Limb From Limb","floor":8.0},{"not_picked":["Shrug It Off","Clothesline"],"picked":"Pommel Strike","floor":10.0},{"not_picked":["Hemokinesis","Wild Strike"],"picked":"Carnage","floor":11.0},{"not_picked":["Wild Strike","Offering"],"picked":"Clash","floor":12.0},{"not_picked":["True Grit","Havoc"],"picked":"Dropkick","floor":13.0},{"not_picked":["Clash","ReplayTheSpireMod:Corrosion Curse"],"picked":"Thunderclap","floor":13.0},{"not_picked":["Havoc","Iron Wave"],"picked":"Warcry","floor":13.0},{"not_picked":["Double Tap","Brutality"],"picked":"Berserk","floor":16.0},{"not_picked":["ReplayTheSpireMod:Strike From Hell","Reckless Charge"],"picked":"Cleave","floor":18.0},{"not_picked":["Pommel Strike","Sword Boomerang"],"picked":"Bloodletting","floor":19.0},{"not_picked":["Massacre+1","ReplayTheSpireMod:LeadingStrike+1"],"picked":"Armaments+1","floor":22.0},{"not_picked":["Wild Strike","Shrug It Off"],"picked":"Sword Boomerang+1","floor":24.0},{"not_picked":["Wild Strike","Anger","Corruption"],"picked":"SKIP","floor":30.0},{"not_picked":["Run Through","True Grit","Body Slam"],"picked":"SKIP","floor":31.0},{"not_picked":["Shrug It Off","Corruption","Wild Strike"],"picked":"SKIP","floor":32.0},{"not_picked":["Eclipse","Limit Break"],"picked":"Demonic Infusion","floor":35.0},{"not_picked":["Defy Death+1","Armaments"],"picked":"Disarm+1","floor":37.0},{"not_picked":["Clash+1","Shrug It Off+1"],"picked":"Headbutt+1","floor":39.0},{"not_picked":["Run Through+1","ReplayTheSpireMod:Strike From Hell"],"picked":"Ghostly Armor+1","floor":40.0}],"player_experience":305033,"relics_obtained":[{"floor":5.0,"key":"infinitespire:ShieldingShard"},{"floor":7.0,"key":"Counterbalance"},{"floor":9.0,"key":"infinitespire:CheckeredPen"},{"floor":19.0,"key":"Red Mask"},{"floor":24.0,"key":"infinitespire:Beetle Shell"},{"floor":28.0,"key":"Oddly Smooth Stone"},{"floor":30.0,"key":"Whetstone"}],"event_choices":[{"damage_healed":0.0,"max_hp_gain":0.0,"max_hp_loss":0.0,"gold_gain":0.0,"event_name":"Golden Idol","player_choice":"Take Damage","floor":2.0,"gold_loss":0.0,"damage_taken":20.0,"relics_obtained":["Golden Idol"]},{"damage_healed":0.0,"max_hp_gain":0.0,"max_hp_loss":0.0,"gold_gain":75.0,"event_name":"World of Goop","player_choice":"Gather Gold","floor":3.0,"gold_loss":0.0,"damage_taken":11.0},{"damage_healed":26.0,"max_hp_gain":0.0,"max_hp_loss":0.0,"gold_gain":0.0,"event_name":"Big Fish","player_choice":"Banana","floor":14.0,"gold_loss":0.0,"damage_taken":0.0},{"damage_healed":0.0,"max_hp_gain":0.0,"max_hp_loss":0.0,"gold_gain":0.0,"event_name":"Masked Bandits","player_choice":"Fought Bandits","floor":19.0,"gold_loss":0.0,"damage_taken":0.0},{"damage_healed":0.0,"max_hp_gain":0.0,"max_hp_loss":0.0,"gold_gain":0.0,"event_name":"FaceTrader","player_choice":"Leave","floor":21.0,"gold_loss":0.0,"damage_taken":0.0},{"damage_healed":0.0,"max_hp_gain":0.0,"max_hp_loss":0.0,"gold_gain":0.0,"event_name":"SecretPortal","player_choice":"Ignored","floor":38.0,"gold_loss":0.0,"damage_taken":0.0},{"damage_healed":0.0,"max_hp_gain":0.0,"max_hp_loss":0.0,"gold_gain":0.0,"event_name":"Lab","player_choice":"Got Potions","floor":41.0,"gold_loss":0.0,"damage_taken":0.0}],"is_beta":false,"boss_relics":[{"not_picked":["Honey Jar","Empty Cage"],"picked":"Replay:Grab Bag"},{"not_picked":["Sozu","Replay:Wanted Poster"],"picked":"Ectoplasm"},{"not_picked":["ChewingGum","Busted Crown"],"picked":"Electric Blood"},{"not_picked":["SlaversCollar","ReplayTheSpireMod:SealedPack"],"picked":"infinitespire:Burning Sword"},{"not_picked":["Tiny House","Replay:Bronze Core"],"picked":"Ring of Chaos"}],"items_purged_floors":[],"is_endless":false,"potions_floor_spawned":[1,7,10,12,19,30,37,40],"killed_by":"Giant Head","ascension_level":5}}