{"host":"7kbs9tkabmhxmc03","time":1614079864,"event":{"mods":["A Magickal Journey","Bartender","BaseMod","BetterRewards","CatGirl Mod","Conspire","Friendly Minions","GifTheSpireLib","Hermit","Hubris","Jedi Mod","Koishi","LagranYue(???·?)","Marisa????????","Minty Spire (QoL Compilation)","Prisma Mod","Railgun Mod","Remilia??????","Replay The Spire","Shapeshifter Mod","StSLib","Td1madao Mod","The Animator","The Blackbeard","The Bladedancer","The Bug Knight","The Construct","The Cursed","The Death Knight","The Disciple","The Dragon Tamer","The Druid","The Gatherer","The Hierophant","The Marked","The Mystic","The Necromancer","The Poker Player","The Runesmith","The Senshi","The Servant 0.9.4","The Vixen","TheBandit","TheFirefly","TheSwordswoman","Waifu the Spire","Yuri Mod"],"gold_per_floor":[116,129,99998942,99998942,99997998,99998010,99998010,99998010,99998034,99998034,99998052,99998064,99998098,99998112,99998112,99998221,99998221,99998241,99998267,99997253,99997268,99997268,99997268,99997287,99997304,99997304,99997304,99997336,99997336,99997336,99997336],"floor_reached":30,"language":"ENG","playtime":5722,"items_purged":["wariomod:Step"],"score":277,"play_id":"21ff244e-f020-488c-a0a7-387bab3568b7","local_time":"20210223123104","is_ascension_mode":false,"campfire_choices":[{"data":"LagranYue:PowerDarkTempleCard","floor":8.0,"key":"SMITH"},{"data":"animator:Defend_OnePunchMan","floor":10.0,"key":"SMITH"},{"data":"LagranYue:AttackCrowCrossbowCard","floor":15.0,"key":"SMITH"},{"data":"LagranYue:AttackCrowCrossbowCard","floor":23,"key":"SMITH"},{"floor":27,"key":"REST"}],"circlet_count":0,"master_deck":["LagranYue:BaseAttackCard","LagranYue:BaseAttackCard","LagranYue:BaseAttackCard","LagranYue:BaseDefendCard","LagranYue:BaseDefendCard","LagranYue:BaseDefendCard","LagranYue:AttackTopazCard","LagranYue:SkillBrokenSwordCard","LagranYue:BaseAttackCard","LagranYue:BaseDefendCard","animator:Defend_OnePunchMan+1","LagranYue:PowerDarkTempleCard+1","LagranYue:AttackEnchantmentCard","LagranYue:AttackGoldCard","LagranYue:AttackCrowCrossbowCard+1","LagranYue:SkillEightFeetJadeCard","LagranYue:LifeForgingCard","LagranYue:PowerTwelveTrialsCard+1","Discovery","ReplayTheSpireMod:Necrogeddon","LagranYue:AttackSummerCard+1","LagranYue:AttackFireCard+1","LagranYue:MultipleThornsCard+1","LagranYue:PowerKingTreasureCard+1","LagranYue:SkillBlazingSevenRingsCard+1","Poisoned Strike+1","Mind Blast+1","LagranYue:AttackKillerCard","LagranYue:AttackBetterCard","LagranYue:SkillDeadlyBloomCard","LagranYue:AttackCrowCrossbowCard+1","LagranYue:SkillBrokenShieldCard","LagranYue:SkillCocoonEvolutionCard+1","LagranYue:SkillGaeBolgCard","LagranYue:SkillDeadlyBloomCard","LagranYue:ForgingCard+1","LagranYue:SkillWoodSpearCard+1","LagranYue:AttackDivineGuidanceCard+1","LagranYue:SkillDistortionCard+1","LagranYue:PowerKingTreasureCard+1","Magnetism+1","Trip+1","LagranYue:AttackDegenerateCard","LagranYue:PowerTwelveTrialsCard","LagranYue:BaseAttackCard","LagranYue:AttackEngravingRoseCard","LagranYue:SapphirePrayerCard+1","LagranYue:SkillTestamentCard+1","LagranYue:BraveTemperamentCard+1"],"relics":["LagranYue:ArmsProficiencyRelics","LagranYue:RandomDrawCardRelic","Pet Ghost","Golden Egg","LagranYue:NewUniverseRelic","hubris:CuriousFeather","Toy Ornithopter","BargainBundle","Bag of Preparation","LagranYue:DarkRelics","MealTicket","conspire:SlowCooker","Chemical X","HollowMod:PaleOreRelic","Ancient Tea Set","Toxic Egg 2","PreservedInsect","ReplayTheSpireMod:Shallot"],"acts_visited":["Exordium","TheCity"],"potions_floor_usage":[28],"damage_taken":[{"damage":0.0,"enemies":"Small Slimes","floor":1.0,"turns":3.0},{"damage":5.0,"enemies":"Cultist","floor":2.0,"turns":4.0},{"damage":8.0,"enemies":"conspire:RoseBush","floor":6.0,"turns":2.0},{"damage":5.0,"enemies":"conspire:2 RoseBushes","floor":11.0,"turns":5.0},{"damage":13.0,"enemies":"Exordium Thugs","floor":12.0,"turns":2.0},{"damage":4.0,"enemies":"HollowMod:MossKnight","floor":13.0,"turns":10.0},{"damage":6.0,"enemies":"Red Slaver","floor":14.0,"turns":2.0},{"damage":43.0,"enemies":"The Guardian","floor":16.0,"turns":8.0},{"damage":0.0,"enemies":"3 Byrds","floor":18.0,"turns":4.0},{"damage":1.0,"enemies":"conspire:FuzzyDice","floor":19.0,"turns":5.0},{"damage":61.0,"enemies":"Sentry and Sphere","floor":21.0,"turns":7.0},{"damage":8,"enemies":"Snake Plant","floor":24,"turns":5},{"damage":13,"enemies":"Shelled Parasite and Fungi","floor":25,"turns":5},{"damage":40,"enemies":"HollowMod:Nosk","floor":28,"turns":8},{"damage":17,"enemies":"Sentry and Sphere","floor":30,"turns":4}],"seed_played":"-7606537510288567474","potions_obtained":[{"floor":1.0,"key":"SneckoOil"},{"floor":2.0,"key":"Elixir"},{"floor":4.0,"key":"Venom Potion"},{"floor":16.0,"key":"DeathKnight:RimePotion"},{"floor":21,"key":"Elixir"},{"floor":24,"key":"Strength Potion"}],"is_trial":false,"path_per_floor":["M","M","$","?","$","M","?","R","T","R","M","M","E","M","R","B",null,"M","M","$","M","?","R","M","M","T","R","E","T","M"],"character_chosen":"LagranYueCharacter","items_purchased":["LagranYue:AttackGoldCard","LagranYue:AttackCrowCrossbowCard","LagranYue:SkillEightFeetJadeCard","LagranYue:LifeForgingCard","LagranYue:PowerTwelveTrialsCard+1","Discovery","ReplayTheSpireMod:Necrogeddon","Pet Ghost","Golden Egg","LagranYue:NewUniverseRelic","LagranYue:AttackSummerCard","LagranYue:AttackFireCard","hubris:CuriousFeather","Toy Ornithopter","BargainBundle","LagranYue:MultipleThornsCard","LagranYue:PowerKingTreasureCard+1","LagranYue:SkillBlazingSevenRingsCard","Poisoned Strike","Mind Blast","Chemical X","HollowMod:PaleOreRelic","Ancient Tea Set","LagranYue:ForgingCard","LagranYue:SkillWoodSpearCard","LagranYue:AttackDivineGuidanceCard","LagranYue:SkillDistortionCard","LagranYue:PowerKingTreasureCard","Magnetism","Trip"],"campfire_rested":1,"item_purchase_floors":[3,3,3,3,3,3,3,3,3,3,5,5,5,5,5,5,5,5,5,5,20,20,20,20,20,20,20,20,20,20],"current_hp_per_floor":[89,84,84,84,84,76,73,73,73,73,68,60,56,50,50,12,89,89,88,89,46,46,46,38,25,25,51,16,16,0,0],"gold":99997336,"neow_bonus":"TWENTY_PERCENT_HP_BONUS","is_daily":false,"chose_seed":false,"campfire_upgraded":4,"win_rate":0.0,"timestamp":1614079864,"path_taken":["M","M","$","?","$","?","?","R","T","R","M","M","E","M","R","BOSS","M","M","$","M","?","R","?","M","T","R","E","?","M"],"items_purchased_type":["Card","Card","Card","Card","Card","Card","Card","Relic","Relic","Relic","Card","Card","Relic","Relic","Relic","Card","Card","Card","Card","Card","Relic","Relic","Relic","Card","Card","Card","Card","Card","Card","Card"],"build_version":"2020-12-22","purchased_purges":1,"victory":false,"max_hp_per_floor":[89,89,89,89,89,89,89,89,89,89,89,89,89,89,89,89,89,89,89,89,89,89,89,89,89,89,89,89,89,89,89],"card_choices":[{"not_picked":["LagranYue:SkillKadeboSwordCard","LagranYue:AttackFutureCard"],"picked":"LagranYue:PowerDarkTempleCard","floor":1.0},{"not_picked":["LagranYue:SkillWoodSpearCard","LagranYue:PowerKingTreasureCard"],"picked":"LagranYue:AttackEnchantmentCard","floor":2.0},{"not_picked":["LagranYue:AttackKingCard","LagranYue:SkillBrokenSwordCard"],"picked":"LagranYue:AttackKillerCard","floor":6.0},{"not_picked":["LagranYue:SkillIncompleteArchCard","LagranYue:AttackRubyCard"],"picked":"LagranYue:AttackBetterCard","floor":11.0},{"not_picked":["LagranYue:SkillBrokenShieldCard","LagranYue:AttackIceCard"],"picked":"LagranYue:SkillDeadlyBloomCard","floor":12.0},{"not_picked":["LagranYue:SkillChiharaHoundCard","LagranYue:AttackFireCard"],"picked":"LagranYue:AttackCrowCrossbowCard","floor":13.0},{"not_picked":["LagranYue:SkillChiharaHoundCard","LagranYue:MultipleThornsCard"],"picked":"LagranYue:SkillBrokenShieldCard","floor":14.0},{"not_picked":["LagranYue:PowerWindKingEnchantmentCard","LagranYue:PowerDreamCard"],"picked":"LagranYue:SkillCocoonEvolutionCard","floor":16.0},{"not_picked":["LagranYue:AttackKingCard","LagranYue:AttackKillerCard"],"picked":"LagranYue:SkillGaeBolgCard","floor":18.0},{"not_picked":["LagranYue:AttackDivineGuidanceCard","LagranYue:PowerRemoveArmorCard"],"picked":"LagranYue:SkillDeadlyBloomCard","floor":19.0},{"not_picked":["LagranYue:GoldForgingCard","LagranYue:EatTigerCard"],"picked":"LagranYue:AttackDegenerateCard","floor":21},{"not_picked":["LagranYue:SkillBlazingSevenRingsCard","LagranYue:EatTigerCard"],"picked":"LagranYue:AttackEngravingRoseCard","floor":24},{"not_picked":["LagranYue:SkillFalseAerialAceCard+1","LagranYue:AttackFireCard"],"picked":"LagranYue:SapphirePrayerCard+1","floor":24},{"not_picked":["LagranYue:SkillWoodSpearCard","LagranYue:DefendBetterCard"],"picked":"LagranYue:SkillTestamentCard+1","floor":25},{"not_picked":["LagranYue:AttackMagicMoonCard","LagranYue:SkillTestamentCard+1"],"picked":"LagranYue:BraveTemperamentCard+1","floor":28}],"player_experience":69054,"relics_obtained":[{"floor":9.0,"key":"LagranYue:DarkRelics"},{"floor":13.0,"key":"MealTicket"},{"floor":26,"key":"Toxic Egg 2"},{"floor":28,"key":"PreservedInsect"},{"floor":29,"key":"ReplayTheSpireMod:Shallot"}],"event_choices":[{"damage_healed":0.0,"max_hp_gain":0.0,"max_hp_loss":0.0,"gold_gain":0.0,"event_name":"Lab","player_choice":"Got Potions","floor":4.0,"gold_loss":0.0,"damage_taken":0.0},{"damage_healed":0.0,"max_hp_gain":0.0,"max_hp_loss":0.0,"gold_gain":0.0,"event_name":"Scrap Ooze","player_choice":"Success","floor":7.0,"gold_loss":0.0,"damage_taken":3.0,"relics_obtained":["Bag of Preparation"]},{"damage_healed":0,"gold_gain":0,"player_choice":"2 cards matched","damage_taken":0,"max_hp_gain":0,"max_hp_loss":0,"event_name":"Match and Keep!","floor":22,"gold_loss":0,"cards_obtained":["LagranYue:PowerTwelveTrialsCard","LagranYue:BaseAttackCard"]}],"is_beta":false,"boss_relics":[{"not_picked":["Cursed Key","Snecko Eye"],"picked":"conspire:SlowCooker"}],"items_purged_floors":[5],"is_endless":false,"potions_floor_spawned":[1,2,16,21,24,25],"killed_by":"Sentry and Sphere","ascension_level":0}}