{"host":"qbjtml023iza03hb","time":1614079382,"event":{"mods":["AchievementEnabler","BaseMod","Better Sensory Stone","Better Skull","Minty Spire (QoL Compilation)","StSLib","The Animator"],"gold_per_floor":[15,57,57,11,0,37,66,66,66,84,113,113,78,89,89,203,203,220,220,238,337,337,372,372,24,24,24,24,54,54,67,67,167,167,178,178,53,78,96,96,128,147,147,188,22,22,56,76,76,76,76,76,489,539,594,665,892,149,224,304,304,57,152,152,152,16,131,131,131,131],"floor_reached":69,"language":"FRA","playtime":7705,"items_purged":["animator:Defend"],"score":1035,"play_id":"68228a7e-d46b-4adb-89f7-0338c2a38a17","local_time":"20210223122302","is_ascension_mode":false,"campfire_choices":[{"data":"animator:KrulTepes","floor":8.0,"key":"SMITH"},{"data":"animator:Hibiki","floor":12.0,"key":"SMITH"},{"data":"animator:Shichika","floor":15.0,"key":"SMITH"},{"data":"animator:Guren","floor":24.0,"key":"SMITH"},{"data":"animator:Konayuki","floor":27.0,"key":"SMITH"},{"data":"animator:Kaijin","floor":30.0,"key":"SMITH"},{"data":"animator:Shichika","floor":32.0,"key":"SMITH"},{"data":"animator:Hitei","floor":40.0,"key":"SMITH"},{"data":"animator:Zero","floor":46.0,"key":"SMITH"},{"floor":49.0,"key":"RECALL"},{"data":"animator:Shichika","floor":52.0,"key":"SMITH"},{"floor":68.0,"key":"REST"}],"circlet_count":0,"master_deck":["animator:Strike_GoblinSlayer+1","animator:Strike+1","animator:LizardPriest+1","animator:DwarfShaman+1","animator:Hibiki+1","animator:Shichika+1","animator:Emonzaemon+1","animator:Pride+1","animator:KrulTepes+1","animator:Konayuki+1","animator:Shichika+1","animator:CrowleyEusford+1","animator:Guren+1","animator:Kuribayashi+1","animator:Gluttony+1","animator:RoryMercury+1","J.A.X.+1","animator:Shichika+1","animator:FeridBathory+1","animator:IchigoKurosaki+1","animator:CowGirl+1","animator:Witch+1","animator:HigakiRinne+1","animator:YaoHaDucy+1","animator:Shinoa+1","animator:Kaijin+1","animator:Shinoa+1","animator:FeridBathory+1","animator:Hitei+1","animator:GoblinSlayer+1","animator:Priestess+1","animator:Pride+1","animator:Rimuru","animator:HighElfArcher+1","animator:Zero+1","animator:Togame+1","animator:CowGirl+1","animator:RoyMustang+1","animator:Hitei+1","animator:ZankiKiguchi+1","animator:SwordMaiden+1","animator:ZankiKiguchi"],"relics":["animator:TheEgnaroPiece","animator:LivingPicture","animator:TheMissingPiece","animator:AncientMedallion"],"acts_visited":["Exordium","TheCity","TheBeyond","TheEnding","EYB:TheUnnamedReign"],"potions_floor_usage":[69,69],"damage_taken":[{"damage":4.0,"enemies":"Cultist","floor":1.0,"turns":4.0},{"damage":29.0,"enemies":"Gremlin Nob","floor":6.0,"turns":5.0},{"damage":3.0,"enemies":"2 Louse","floor":7.0,"turns":4.0},{"damage":0.0,"enemies":"Small Slimes","floor":10.0,"turns":3.0},{"damage":21.0,"enemies":"Lagavulin","floor":11.0,"turns":8.0},{"damage":0.0,"enemies":"Looter","floor":14.0,"turns":3.0},{"damage":25.0,"enemies":"The Guardian","floor":16.0,"turns":9.0},{"damage":15.0,"enemies":"Shell Parasite","floor":18.0,"turns":4.0},{"damage":15.0,"enemies":"3 Byrds","floor":20.0,"turns":4.0},{"damage":41.0,"enemies":"animator:HornedBat","floor":23.0,"turns":8.0},{"damage":13.0,"enemies":"Gremlin Leader","floor":29.0,"turns":6.0},{"damage":3.0,"enemies":"Centurion and Healer","floor":31.0,"turns":5.0},{"damage":85.0,"enemies":"Automaton","floor":33.0,"turns":8.0},{"damage":5.0,"enemies":"Orb Walker","floor":35.0,"turns":3.0},{"damage":1.0,"enemies":"3 Shapes","floor":39.0,"turns":4.0},{"damage":8.0,"enemies":"Nemesis","floor":41.0,"turns":4.0},{"damage":23.0,"enemies":"Writhing Mass","floor":42.0,"turns":5.0},{"damage":44.0,"enemies":"Reptomancer","floor":44.0,"turns":6.0},{"damage":0.0,"enemies":"Giant Head","floor":47.0,"turns":6.0},{"damage":2.0,"enemies":"Sphere and 2 Shapes","floor":48.0,"turns":4.0},{"damage":27.0,"enemies":"Donu and Deca","floor":50.0,"turns":6.0},{"damage":4.0,"enemies":"animator:UNNAMED_HAT","floor":54.0,"turns":9.0},{"damage":13.0,"enemies":"animator:UNNAMED_CULTIST_1","floor":55.0,"turns":8.0},{"damage":55.0,"enemies":"animator:UNNAMED_CULTIST_2","floor":59.0,"turns":7.0},{"damage":3.0,"enemies":"animator:TRIPLE_LAGAVULIN","floor":60.0,"turns":4.0},{"damage":9.0,"enemies":"animator:ULTIMATE_CUBE","floor":63.0,"turns":8.0},{"damage":12.0,"enemies":"animator:ULTIMATE_CRYSTAL","floor":67.0,"turns":7.0},{"damage":91,"enemies":"animator:TheUnnamed","floor":69,"turns":7}],"seed_played":"8600455672218027252","potions_obtained":[{"floor":6.0,"key":"BlessingOfTheForge"},{"floor":14.0,"key":"SpeedPotion"},{"floor":16.0,"key":"Fruit Juice"},{"floor":20.0,"key":"FairyPotion"},{"floor":23.0,"key":"animator:FalseLifePotion"},{"floor":29.0,"key":"Dexterity Potion"},{"floor":31.0,"key":"ColorlessPotion"},{"floor":33.0,"key":"EssenceOfSteel"},{"floor":35.0,"key":"animator:GrowthPotion"},{"floor":39.0,"key":"Swift Potion"},{"floor":41.0,"key":"Weak Potion"},{"floor":42.0,"key":"FairyPotion"},{"floor":47.0,"key":"Block Potion"},{"floor":48.0,"key":"SpeedPotion"},{"floor":54.0,"key":"animator:FalseLifePotion"},{"floor":55.0,"key":"animator:FalseLifePotion"},{"floor":59.0,"key":"animator:FalseLifePotion"},{"floor":60.0,"key":"animator:FalseLifePotion"},{"floor":63.0,"key":"animator:FalseLifePotion"},{"floor":67.0,"key":"animator:FalseLifePotion"}],"is_trial":false,"path_per_floor":["M","?","?","$","?","E","M","R","T","M","E","R","?","M","R","B",null,"M","?","M","?","T","E","R","$","T","R","$","E","R","M","R","B",null,"M","?","$","T","M","R","E","M","T","E","$","R","E","M","R","B",null,"R","??","M","M","T","?","$","M","M","?","$","E","T","?","$","E","R","B"],"character_chosen":"THE_ANIMATOR","items_purchased":["animator:Emonzaemon","animator:IchigoKurosaki","Orrery","PreservedInsect","animator:GoblinSlayer","animator:Priestess","animator:Zero","animator:AncientMedallion","animator:AncientMedallion","animator:AncientMedallion","animator:AncientMedallion","animator:SwordMaiden"],"campfire_rested":1,"item_purchase_floors":[4,25,25,25,37,37,45,58,58,58,62,66],"current_hp_per_floor":[62,62,67,67,67,38,35,35,35,35,14,14,31,34,34,11,72,61,61,50,50,50,18,18,39,39,39,54,45,45,48,48,20,79,74,74,79,79,79,79,75,56,56,20,35,35,49,63,63,52,79,79,86,87,74,74,74,74,36,53,53,53,68,68,68,68,79,87,0,0],"gold":131,"neow_bonus":"RANDOM_COLORLESS_2","is_daily":false,"chose_seed":false,"campfire_upgraded":10,"win_rate":0.0,"timestamp":1614079382,"path_taken":["M","?","?","$","?","E","M","R","T","M","E","R","?","M","R","BOSS","M","?","M","?","?","E","R","?","T","R","$","E","R","M","R","BOSS","M","?","?","?","M","R","E","?","T","E","$","R","E","M","R","BOSS","R","??","M","M","T","?","$","M","M","?","$","E","T","?","$","E","R","BOSS"],"items_purchased_type":["Card","Card","Relic","Relic","Card","Card","Card","Relic","Relic","Relic","Relic","Card"],"build_version":"2020-12-22","purchased_purges":1,"victory":false,"max_hp_per_floor":[66,66,71,71,71,71,71,71,71,71,71,71,71,72,72,72,72,72,72,72,72,72,73,73,79,79,79,79,79,79,79,79,79,79,79,79,79,79,79,79,79,79,79,79,79,79,79,79,79,79,79,79,86,87,87,87,87,87,87,87,87,87,87,87,87,87,87,87,87,87],"card_choices":[{"not_picked":["animator:Lelouch","animator:HououinKyouma"],"picked":"animator:Hibiki","floor":0.0},{"not_picked":["animator:ElricEdward","animator:MaesHughes"],"picked":"animator:Shichika","floor":1.0},{"not_picked":["animator:Vesta","animator:Togame"],"picked":"animator:Pride","floor":6.0},{"not_picked":["animator:RoyMustang","animator:Mitsuba"],"picked":"animator:KrulTepes","floor":7.0},{"not_picked":["animator:Togame","animator:UneriGinkaku"],"picked":"animator:Konayuki","floor":10.0},{"not_picked":["animator:RoyMustang","animator:Tyuule"],"picked":"animator:Shichika","floor":11.0},{"not_picked":["animator:UneriGinkaku","animator:Azekura"],"picked":"animator:CrowleyEusford","floor":14.0},{"not_picked":["animator:Father","animator:ItamiYouji"],"picked":"animator:Guren","floor":16.0},{"not_picked":["animator:ZankiKiguchi","animator:Priestess","animator:Souei"],"picked":"SKIP","floor":18.0},{"not_picked":["animator:Emonzaemon","animator:Konayuki"],"picked":"animator:Shichika","floor":20.0},{"not_picked":["animator:GazelDwargon","animator:ElricEdward"],"picked":"animator:FeridBathory","floor":23.0},{"not_picked":["animator:Benimaru","animator:ZankiKiguchi"],"picked":"animator:CowGirl+1","floor":25.0},{"not_picked":["animator:WinryRockbell+1","animator:ElricAlphonse+1"],"picked":"animator:Witch","floor":25.0},{"not_picked":["animator:TukaLunaMarceau+1","animator:Priestess"],"picked":"animator:HigakiRinne","floor":25.0},{"not_picked":["animator:RoryMercury","animator:Sloth"],"picked":"animator:YaoHaDucy+1","floor":25.0},{"not_picked":["animator:Azekura","animator:ChaikaTrabant"],"picked":"animator:Shinoa","floor":25.0},{"not_picked":["animator:AcuraAkari","animator:Shion"],"picked":"animator:Kaijin","floor":29.0},{"not_picked":["animator:Souei","animator:Benimaru+1"],"picked":"animator:Shinoa+1","floor":31.0},{"not_picked":["animator:Envy","animator:ChaikaTrabant"],"picked":"animator:FeridBathory","floor":33.0},{"not_picked":["animator:UneriGinkaku","animator:Biyorigo"],"picked":"animator:Hitei","floor":35.0},{"not_picked":["animator:TukaLunaMarceau+1","animator:HiiragiShinya"],"picked":"animator:Pride+1","floor":39.0},{"not_picked":["animator:Hitei+1","animator:WinryRockbell"],"picked":"animator:Rimuru","floor":41.0},{"not_picked":["animator:Gillette+1","animator:Konayuki","animator:ChaikaBohdan"],"picked":"SKIP","floor":42.0},{"not_picked":["animator:Priestess","animator:Witch"],"picked":"animator:HighElfArcher","floor":44.0},{"not_picked":["animator:Shinoa","animator:RoryMercury"],"picked":"animator:Togame","floor":47.0},{"not_picked":["animator:LeleiLaLalena","animator:HighElfArcher"],"picked":"animator:CowGirl+1","floor":48.0},{"not_picked":["animator:Viivi","animator:LeleiLaLalena"],"picked":"animator:RoyMustang","floor":54.0},{"not_picked":["animator:Nanami","animator:Emonzaemon"],"picked":"animator:Hitei","floor":55.0},{"not_picked":["animator:RoyMustang","animator:Millim+1","animator:Gluttony"],"picked":"SKIP","floor":59.0},{"not_picked":["animator:Nanami","animator:ElricAlphonse"],"picked":"animator:ZankiKiguchi+1","floor":60.0},{"not_picked":["animator:ElricAlphonse+1","animator:Shinoa+1","animator:HighElfArcher"],"picked":"SKIP","floor":63.0},{"not_picked":["animator:UneriGinkaku","animator:Hitei"],"picked":"animator:ZankiKiguchi","floor":67.0}],"player_experience":512979,"relics_obtained":[{"floor":6.0,"key":"MealTicket"},{"floor":9.0,"key":"Art of War"},{"floor":11.0,"key":"Blood Vial"},{"floor":11.0,"key":"Tiny Chest"},{"floor":16.0,"key":"Blood Vial"},{"floor":22.0,"key":"White Beast Statue"},{"floor":23.0,"key":"Boot"},{"floor":26.0,"key":"animator:OldCoffin"},{"floor":29.0,"key":"Blood Vial"},{"floor":29.0,"key":"War Paint"},{"floor":33.0,"key":"Blood Vial"},{"floor":41.0,"key":"Du-Vu Doll"},{"floor":43.0,"key":"Ornamental Fan"},{"floor":44.0,"key":"Blood Vial"},{"floor":44.0,"key":"HornCleat"},{"floor":47.0,"key":"animator:ExquisiteBloodVial"},{"floor":47.0,"key":"Juzu Bracelet"},{"floor":53.0,"key":"animator:TheEgnaroPiece"},{"floor":56.0,"key":"animator:AncientMedallion"},{"floor":63.0,"key":"animator:AncientMedallion"},{"floor":64.0,"key":"animator:AncientMedallion"},{"floor":67.0,"key":"animator:AncientMedallion"},{"floor":67.0,"key":"animator:AncientMedallion"}],"event_choices":[{"damage_healed":0.0,"max_hp_gain":5.0,"max_hp_loss":0.0,"gold_gain":0.0,"event_name":"Big Fish","player_choice":"Donut","floor":3.0,"gold_loss":0.0,"damage_taken":0.0},{"damage_healed":0.0,"max_hp_gain":0.0,"max_hp_loss":0.0,"gold_gain":0.0,"event_name":"World of Goop","player_choice":"Left Gold","floor":5.0,"gold_loss":11.0,"damage_taken":0.0},{"damage_healed":17.0,"max_hp_gain":0.0,"max_hp_loss":0.0,"gold_gain":0.0,"event_name":"The Cleric","player_choice":"Healed","floor":13.0,"gold_loss":35.0,"damage_taken":0.0},{"damage_healed":0.0,"max_hp_gain":0.0,"max_hp_loss":0.0,"gold_gain":0.0,"event_name":"Drug Dealer","player_choice":"Obtain J.A.X.","floor":19.0,"gold_loss":0.0,"damage_taken":0.0,"cards_obtained":["J.A.X."]},{"damage_healed":0.0,"max_hp_gain":0.0,"max_hp_loss":0.0,"gold_gain":99.0,"event_name":"Nest","player_choice":"Stole From Cult","floor":21.0,"gold_loss":0.0,"damage_taken":0.0},{"cards_removed":["animator:Defend"],"damage_healed":0.0,"max_hp_gain":0.0,"max_hp_loss":0.0,"gold_gain":0.0,"event_name":"Bonfire Elementals","player_choice":"Offered Basic","floor":36.0,"gold_loss":0.0,"damage_taken":0.0}],"is_beta":false,"boss_relics":[{"not_picked":["Cursed Key","animator:CursedBlade"],"picked":"Astrolabe"},{"not_picked":["Calling Bell","Velvet Choker"],"picked":"Coffee Dripper"}],"items_purged_floors":[45],"is_endless":false,"potions_floor_spawned":[6,14,16,20,23,29,31,33,35,39,41,42,44,47,48,59,60,67],"killed_by":"animator:TheUnnamed","ascension_level":0}}