{"host":"8is2j71l4wmybkoi","time":1614077972,"event":{"mods":["AchievementEnabler","BaseMod","Colored Map","DeckTracker","Minty Spire (QoL Compilation)","Rare Cards Sparkle","Relic Stats","StSLib","SuperFastMode"],"gold_per_floor":[112,124,124,137,10,10,22,22,22,48,58,74,107,7,7,86,86,106,31,43,43,58,58,58,58],"floor_reached":24,"language":"KOR","playtime":2845,"items_purged":["Strike_R","Strike_R"],"score":368,"play_id":"783bbfa7-ae8f-46b7-8ee0-aadd742aed06","local_time":"20210223195932","is_ascension_mode":true,"campfire_choices":[{"data":"Infernal Blade","floor":6,"key":"SMITH"},{"data":"Carnage","floor":8,"key":"SMITH"},{"data":"Bludgeon","floor":15,"key":"SMITH"},{"data":"Dark Embrace","floor":23,"key":"SMITH"}],"circlet_count":0,"master_deck":["AscendersBane","Strike_R","Strike_R","Defend_R+1","Defend_R","Defend_R","Defend_R+1","Bash","True Grit+1","Pommel Strike","Infernal Blade+1","Carnage+1","Fire Breathing","Shrug It Off","Bludgeon+1","Impervious","Dark Embrace+1"],"relics":["Burning Blood","NeowsBlessing","Regal Pillow","Question Card","War Paint","Sozu"],"acts_visited":["Exordium","TheCity"],"potions_floor_usage":[7,10,18,21],"damage_taken":[{"damage":0,"enemies":"Cultist","floor":1,"turns":1},{"damage":0,"enemies":"Jaw Worm","floor":2,"turns":1},{"damage":0,"enemies":"Small Slimes","floor":4,"turns":1},{"damage":0,"enemies":"Gremlin Gang","floor":7,"turns":3},{"damage":25,"enemies":"Lagavulin","floor":10,"turns":4},{"damage":17,"enemies":"Lots of Slimes","floor":11,"turns":5},{"damage":0,"enemies":"2 Fungi Beasts","floor":12,"turns":3},{"damage":34,"enemies":"Gremlin Nob","floor":13,"turns":4},{"damage":12,"enemies":"Slime Boss","floor":16,"turns":7},{"damage":0,"enemies":"Chosen","floor":18,"turns":4},{"damage":8,"enemies":"2 Thieves","floor":20,"turns":4},{"damage":0,"enemies":"Snake Plant","floor":21,"turns":1},{"damage":19,"enemies":"Shelled Parasite and Fungi","floor":22,"turns":4},{"damage":51,"enemies":"Gremlin Leader","floor":24,"turns":8}],"seed_played":"-7104352176577471458","potions_obtained":[{"floor":4,"key":"ElixirPotion"},{"floor":7,"key":"FearPotion"},{"floor":11,"key":"Swift Potion"},{"floor":16,"key":"SmokeBomb"}],"is_trial":false,"path_per_floor":["M","M","?","M","$","R","M","R","T","E","M","M","E","$","R","B",null,"M","?","M","M","M","R","E"],"character_chosen":"IRONCLAD","items_purchased":["Explosive Potion"],"campfire_rested":0,"item_purchase_floors":[5],"current_hp_per_floor":[74,75,75,75,75,75,75,75,75,56,45,51,23,23,23,17,61,67,67,65,71,58,58,7,7],"gold":58,"neow_bonus":"THREE_ENEMY_KILL","is_daily":false,"chose_seed":false,"campfire_upgraded":4,"win_rate":0.0,"timestamp":1614077972,"path_taken":["M","?","?","?","?","R","M","R","T","E","M","M","E","?","R","BOSS","M","?","?","?","M","R","E"],"items_purchased_type":["Potion"],"build_version":"2020-12-22","purchased_purges":2,"victory":false,"max_hp_per_floor":[75,75,75,75,75,75,75,75,75,75,75,75,75,75,75,75,75,75,75,75,75,75,75,75,75],"relic_stats":{"Sozu":1,"Regal Pillow":0,"counters":[14,50],"War Paint":["Defend_R","Defend_R"],"Question Card":7,"obtain_stats":[{"Sozu":17,"Regal Pillow":9,"NeowsBlessing":0,"War Paint":13,"Question Card":10,"Burning Blood":0},{"Sozu":9,"Regal Pillow":4,"NeowsBlessing":0,"War Paint":8,"Question Card":5,"Burning Blood":0},{"Sozu":29,"Regal Pillow":6,"NeowsBlessing":0,"War Paint":22,"Question Card":10,"Burning Blood":0}],"Burning Blood":61},"card_choices":[{"not_picked":["Armaments","Rupture"],"picked":"True Grit","floor":1},{"not_picked":["Iron Wave","Havoc"],"picked":"Pommel Strike","floor":2},{"not_picked":["Sever Soul","Clash"],"picked":"Infernal Blade","floor":4},{"not_picked":["Burning Pact","Havoc"],"picked":"Carnage","floor":7},{"not_picked":["Cleave","Clash"],"picked":"Fire Breathing","floor":10},{"not_picked":["Flex","Rampage","Burning Pact"],"picked":"Shrug It Off","floor":11},{"not_picked":["Seeing Red","Headbutt","Cleave"],"picked":"Bludgeon","floor":12},{"not_picked":["Sword Boomerang","Cleave","Twin Strike","Blood for Blood"],"picked":"SKIP","floor":13},{"not_picked":["Sword Boomerang","Cleave","Twin Strike","Blood for Blood"],"picked":"SKIP","floor":13},{"not_picked":["Double Tap","Corruption","Reaper"],"picked":"Impervious","floor":16},{"not_picked":["Ghostly Armor","Pommel Strike","Anger","Clothesline"],"picked":"SKIP","floor":18},{"not_picked":["Sword Boomerang","Intimidate","Warcry","Headbutt"],"picked":"SKIP","floor":20},{"not_picked":["Flex","Clothesline","Pummel"],"picked":"Dark Embrace","floor":22}],"player_experience":1315728,"relics_obtained":[{"floor":9,"key":"Regal Pillow"},{"floor":10,"key":"Question Card"},{"floor":13,"key":"War Paint"}],"event_choices":[{"damage_healed":0,"gold_gain":0,"player_choice":"Forge","damage_taken":0,"max_hp_gain":0,"max_hp_loss":0,"event_name":"Accursed Blacksmith","floor":3,"gold_loss":0,"cards_upgraded":["True Grit"]},{"cards_removed":["Strike_R"],"damage_healed":0,"gold_gain":0,"player_choice":"Single Remove","damage_taken":0,"max_hp_gain":0,"max_hp_loss":0,"event_name":"Designer","floor":19,"gold_loss":75}],"is_beta":false,"boss_relics":[{"not_picked":["Cursed Key","Calling Bell"],"picked":"Sozu"}],"items_purged_floors":[5,14],"is_endless":false,"potions_floor_spawned":[4,7,11,16,21,22],"killed_by":"Gremlin Leader","ascension_level":15}}