{"host":"ga4s3hj9m6nkn6gp","time":1614107172,"event":{"mods":["AchievementEnabler","BaseMod","Bestiary","Colored Powertips","Highlight Path","Minty Spire (QoL Compilation)","Relic Stats","everything is the same but u backflip on backflip"],"gold_per_floor":[111,121,121,121,46,46,66,76,156,170,205,222,222,222,222,222,222],"floor_reached":16,"language":"ENG","playtime":556,"items_purged":["Regret"],"score":204,"play_id":"d12aa555-8819-4985-abf1-31ece910205c","local_time":"20210223200612","is_ascension_mode":true,"campfire_choices":[{"data":"Riddle With Holes","floor":6.0,"key":"SMITH"},{"data":"Glass Knife","floor":15,"key":"SMITH"}],"circlet_count":0,"master_deck":["AscendersBane","Strike_G","Strike_G","Strike_G","Strike_G","Defend_G","Defend_G","Defend_G","Defend_G","Defend_G","Survivor","Neutralize","Riddle With Holes+1","Glass Knife+1","Infinite Blades","Cloak And Dagger+1","Die Die Die"],"relics":["Ring of the Snake","Tiny Chest","Bronze Scales","Toxic Egg 2","Blood Vial","Bottled Tornado"],"acts_visited":["Exordium"],"potions_floor_usage":[12,16,16],"damage_taken":[{"damage":4.0,"enemies":"Small Slimes","floor":1.0,"turns":5.0},{"damage":1.0,"enemies":"2 Louse","floor":2.0,"turns":4.0},{"damage":4.0,"enemies":"Jaw Worm","floor":7.0,"turns":3.0},{"damage":3.0,"enemies":"Looter","floor":8.0,"turns":3.0},{"damage":6.0,"enemies":"Red Slaver","floor":10.0,"turns":4.0},{"damage":26.0,"enemies":"Lagavulin","floor":11.0,"turns":9.0},{"damage":5,"enemies":"3 Louse","floor":12,"turns":2},{"damage":0,"enemies":"Slime Boss","floor":16,"turns":5}],"seed_played":"-7828421379827592915","potions_obtained":[{"floor":7.0,"key":"SteroidPotion"},{"floor":10.0,"key":"Energy Potion"},{"floor":12,"key":"SneckoOil"}],"is_trial":false,"path_per_floor":["M","M","?","?","$","R","M","M","T","M","E","M","?","T","R","B"],"character_chosen":"THE_SILENT","items_purchased":[],"campfire_rested":0,"item_purchase_floors":[],"current_hp_per_floor":[55,54,47,47,47,47,43,40,40,34,8,5,5,5,5,7,7],"gold":222,"neow_bonus":"RANDOM_COMMON_RELIC","is_daily":false,"chose_seed":false,"campfire_upgraded":2,"win_rate":0.0,"timestamp":1614107172,"path_taken":["M","M","?","?","$","R","M","M","T","M","E","M","?","?","R","BOSS"],"items_purchased_type":[],"build_version":"2020-12-22","purchased_purges":1,"victory":false,"max_hp_per_floor":[66,66,66,66,66,66,66,66,66,66,66,66,66,66,66,66,66],"relic_stats":{"Blood Vial":4,"counters":[8,35],"Bronze Scales":[42],"Tiny Chest":1,"obtain_stats":[{"Blood Vial":11,"Bronze Scales":4,"Tiny Chest":0,"Toxic Egg 2":9,"Bottled Tornado":14,"Ring of the Snake":0},{"Blood Vial":6,"Bronze Scales":2,"Tiny Chest":0,"Toxic Egg 2":4,"Bottled Tornado":7,"Ring of the Snake":0},{"Blood Vial":28,"Bronze Scales":9,"Tiny Chest":0,"Toxic Egg 2":15,"Bottled Tornado":30,"Ring of the Snake":0}],"Ring of the Snake":[16]},"card_choices":[{"not_picked":["Deadly Poison","Deflect","Outmaneuver"],"picked":"SKIP","floor":1.0},{"not_picked":["Accuracy","Outmaneuver"],"picked":"Riddle With Holes","floor":2.0},{"not_picked":["Flying Knee","Infinite Blades"],"picked":"Glass Knife","floor":7.0},{"not_picked":["Bane","Outmaneuver"],"picked":"Infinite Blades","floor":8.0},{"not_picked":["Sucker Punch","Bane"],"picked":"Cloak And Dagger+1","floor":10.0},{"not_picked":["Quick Slash","Flying Knee"],"picked":"Die Die Die","floor":11.0},{"not_picked":["Quick Slash","All Out Attack","Sucker Punch"],"picked":"SKIP","floor":12}],"player_experience":798384,"relics_obtained":[{"floor":9.0,"key":"Toxic Egg 2"},{"floor":11.0,"key":"Blood Vial"},{"floor":14,"key":"Bottled Tornado"}],"event_choices":[{"cards_removed":["Strike_G"],"damage_healed":0.0,"max_hp_gain":0.0,"max_hp_loss":0.0,"gold_gain":0.0,"event_name":"Golden Wing","player_choice":"Card Removal","floor":3.0,"gold_loss":0.0,"damage_taken":7.0},{"damage_healed":0.0,"max_hp_gain":0.0,"max_hp_loss":0.0,"gold_gain":0.0,"event_name":"Big Fish","player_choice":"Box","floor":4.0,"gold_loss":0.0,"damage_taken":0.0,"relics_obtained":["Bronze Scales"],"cards_obtained":["Regret"]},{"damage_healed":0,"gold_gain":0,"player_choice":"Ignored","damage_taken":0,"max_hp_gain":0,"max_hp_loss":0,"event_name":"Shining Light","floor":13,"gold_loss":0}],"is_beta":false,"boss_relics":[],"items_purged_floors":[5],"is_endless":false,"potions_floor_spawned":[7,10,12],"killed_by":"Slime Boss","ascension_level":20}}