{"host":"jsd6g3c2vo13e69c","time":1614048835,"event":{"mods":["2.2 Compatiblity","Act Like it!","BaseMod","Better Altar","Better Match","Better Note","Better Sensory Stone","Better Third Choice","BetterRewards","Colored Map","Colored Powertips","Curses Come First","Downfall","Friendly Minions","GifTheSpireLib","Googly Eyes","Gremlin Mod","Hermit","Hubris","Infinite Spire","Melee Mod","Minty Spire (QoL Compilation)","Permanent Neow","Quick Restart","Random Character Button","Replay The Spire","Shop Mod","Spire Arcade","StSLib","SuperFastMode","The Cursed","The Disciple","The Forsaken","The Jungle","The Spell Scribe","thorton"],"gold_per_floor":[119,119,294,294,369,369,369,369,369,384,408,426,426,450,450,450,450],"floor_reached":16,"language":"ENG","playtime":481,"items_purged":[],"score":90,"play_id":"cc4aaeb5-3fbe-40e4-85a3-533f17eebe6e","local_time":"20210222215355","is_ascension_mode":false,"campfire_choices":[{"data":"meleeMod_NoDI","floor":6,"key":"SMITH"},{"data":"meleeMod_NeutralAir","floor":8,"key":"SMITH"},{"data":"meleeMod_DashDance","floor":13,"key":"SMITH"}],"circlet_count":0,"master_deck":["meleeMod_Jab","meleeMod_Jab","meleeMod_Jab","meleeMod_Shield","meleeMod_Shield","meleeMod_Shield","meleeMod_Shield","meleeMod_NeutralAir+1","meleeMod_BackAir","meleeMod_NoDI+1","Doubt","meleeMod_NeutralAir","meleeMod_DashDance+1","meleeMod_WallJump+1","meleeMod_WallJump"],"relics":["meleeMod_LosersMang0","Ring of Panic","Ring of Peace","Golden Idol","HornCleat","Question Card"],"acts_visited":["Exordium"],"potions_floor_usage":[],"damage_taken":[{"damage":0,"enemies":"2 Louse","floor":1,"turns":2},{"damage":0,"enemies":"Jaw Worm","floor":10,"turns":2},{"damage":0,"enemies":"Small Slimes","floor":11,"turns":3},{"damage":0,"enemies":"Looter","floor":12,"turns":2},{"damage":10,"enemies":"Large Slime","floor":14,"turns":5},{"damage":69,"enemies":"Slime Boss","floor":16,"turns":14}],"seed_played":"-730857220936692066","potions_obtained":[{"floor":12,"key":"Venom Potion"}],"is_trial":false,"path_per_floor":["M","?","?","?","?","R","T","R","T","M","M","M","R","M","R_BF","B"],"character_chosen":"FALCON","items_purchased":[],"campfire_rested":0,"item_purchase_floors":[],"current_hp_per_floor":[85,85,85,64,53,53,53,53,53,53,53,53,53,43,68,0,0],"gold":450,"neow_bonus":"RANDOM_EVENT","is_daily":false,"chose_seed":false,"campfire_upgraded":3,"win_rate":0.0,"timestamp":1614048835,"path_taken":["M","?","?","?","?","R","?","R","T","?","M","M","R","M","R_BF","BOSS"],"items_purchased_type":[],"build_version":"2020-12-22","purchased_purges":0,"victory":false,"max_hp_per_floor":[85,85,85,85,85,85,85,85,85,85,85,85,85,85,85,85,85],"card_choices":[{"not_picked":["meleeMod_WaveLand","meleeMod_ShieldDrop"],"picked":"meleeMod_NoDI","floor":1},{"not_picked":["meleeMod_CommandGrab","meleeMod_RapidJabs","meleeMod_DownSmash"],"picked":"meleeMod_NeutralAir","floor":10},{"not_picked":["meleeMod_FalconKick","meleeMod_ShieldDrop","meleeMod_GetUpAttack"],"picked":"meleeMod_DashDance","floor":11},{"not_picked":["meleeMod_UpTilt","meleeMod_NoDI","meleeMod_TeamAttackOn"],"picked":"meleeMod_WallJump","floor":12},{"not_picked":["meleeMod_AirDodge","meleeMod_FalconKick","meleeMod_WaveLand"],"picked":"meleeMod_WallJump","floor":14}],"player_experience":398307,"relics_obtained":[{"floor":2,"key":"Ring of Panic"},{"floor":2,"key":"Ring of Peace"},{"floor":7,"key":"HornCleat"},{"floor":9,"key":"Question Card"}],"event_choices":[{"damage_healed":0,"gold_gain":175,"player_choice":"AGREE","damage_taken":119,"max_hp_gain":0,"max_hp_loss":0,"event_name":"betterThird:BetterSerpent","floor":3,"gold_loss":0},{"damage_healed":0,"gold_gain":0,"player_choice":"Take Damage","damage_taken":21,"relics_obtained":["Golden Idol"],"max_hp_gain":0,"max_hp_loss":0,"event_name":"Golden Idol","floor":4,"gold_loss":0},{"damage_healed":0,"gold_gain":75,"player_choice":"Gold","damage_taken":11,"max_hp_gain":0,"max_hp_loss":0,"event_name":"betterThird:BetterGoop","floor":5,"gold_loss":0}],"is_beta":false,"boss_relics":[],"items_purged_floors":[],"is_endless":false,"potions_floor_spawned":[12],"killed_by":"Slime Boss","ascension_level":0}}