{"host":"rm0ctv8qd8mnbkg1","time":1614102278,"event":{"mods":["Act Like it!","Aspiration","BaseMod","Beaked The Cultist","BetterRewards","Colored Map","DNKmod","Dark Map","Defuse TimeMaze Blight","Friendly Minions","Gensokyo","Hubris","Marisa????????","Minty Spire (QoL Compilation)","MostiFishMod","Permanent Neow","Rare Cards Sparkle","Relic Sorter","Reliquary","Replay The Spire","Ruina","RumiaBox-????????","Shade Mod","Shop Mod","Spicy Shops","Spire Arcade","StSLib","The Animator","The Construct","The Servant 0.9.4","TheVacant","Wandering Minibosses","??????REMEMod"],"gold_per_floor":[10020,10020,9196,9196,9196,9196,9213,9213,9236,9236,9254,9281,9297,9314,9314,9411,9411,9430,9430,9447,9460,9117,9150,8439,8439,8439,8464,8464,8477,8477,8509,8509,8611,8611,8630,8650,8660,8660,8676,8676,8711,8711,8736,8753,8773,8322,8322,8353,8353,8353],"floor_reached":51,"language":"ENG","playtime":2125,"items_purged":[],"score":1115,"play_id":"92fd7eab-fb46-41e3-a96f-d82b509f7968","local_time":"20210223174438","is_ascension_mode":false,"campfire_choices":[{"data":"Worship","floor":6,"key":"SMITH"},{"data":"Genetic Algorithm","floor":10,"key":"SMITH"},{"data":"ReplayTheSpireMod:Muscle Training","floor":15,"key":"SMITH"},{"data":"ruina:Thirst","floor":25,"key":"SMITH"},{"data":"ruina:LoveAndHate","floor":28,"key":"SMITH"},{"data":"MostiFishMod:FrostNova","floor":30,"key":"SMITH"},{"data":"Beam Cell","floor":32,"key":"SMITH"},{"data":"MostiFishMod:SpreadingSpore","floor":40,"key":"SMITH"},{"data":"FlyingSleeves","floor":42,"key":"SMITH"},{"data":"All Out Attack","floor":47,"key":"SMITH"},{"data":"Vault","floor":49,"key":"SMITH"}],"circlet_count":0,"master_deck":["Strike_P+1","Strike_P+1","Strike_P+1","Strike_P+1","Defend_P","Defend_P","Defend_P","Defend_P","Eruption","Vigilance","Worship+1","Genetic Algorithm+1","WeaponsOverheat+1","FollowUp","FlyingSleeves+1","Beam Cell+1","ReplayTheSpireMod:Muscle Training+1","Worship","Slice","ruina:Thirst+1","ruina:LoveAndHate+1","MostiFishMod:FrostNova+1","REME_Repentance+1","Replay:Battleflow+1","All Out Attack+1","MostiFishMod:SpreadingSpore+1","Dagger Spray+1","Dagger Spray+1","Dagger Spray+1","Deadly Poison+1","Vault+1"],"relics":["PureWater","REME_ComplimentaryCards","DaveBox","ExusiaiGun","aspiration:Nostalgia","Iron Core","aspiration:FetidBarrel","Magic Flower","reliquary:TuningFork","Gensokyo:OccultBall","reliquary:MudwinsCradle","aspiration:SilentSkillbook","PreservedInsect","Prayer Wheel","Replay:Bottled Eggs","Medical Kit","Pen Nib","Replay:Bottled Snecko","Damaru","GuanYuAspect","wanderingMiniBosses:Blackblade","REME_HandOfSuture","Melange","Replay:Rubber Ducky","Dodecahedron","Question Card"],"acts_visited":["Exordium","Gensokyo:Gensokyo","ruina:Briah"],"potions_floor_usage":[],"damage_taken":[{"damage":0,"enemies":"Gensokyo:Python","floor":1,"turns":1},{"damage":0,"enemies":"Gensokyo:Gryphon","floor":7,"turns":1},{"damage":0,"enemies":"Gensokyo:2_Kodama","floor":11,"turns":1},{"damage":0,"enemies":"Gensokyo:Mamizou","floor":12,"turns":3},{"damage":1,"enemies":"Gensokyo:LivingMonolith","floor":13,"turns":1},{"damage":0,"enemies":"Gensokyo:Python_and_Kodama","floor":14,"turns":1},{"damage":0,"enemies":"Gensokyo:Kokoro","floor":16,"turns":1},{"damage":11,"enemies":"ruina:2_Scarecrows","floor":18,"turns":1},{"damage":0,"enemies":"ruina:Nosferatu","floor":20,"turns":1},{"damage":0,"enemies":"ruina:KnightOfDespair","floor":21,"turns":1},{"damage":0,"enemies":"ruina:RoadHome","floor":23,"turns":1},{"damage":1,"enemies":"ruina:Mountain","floor":27,"turns":3},{"damage":0,"enemies":"ruina:3_Scarecrows","floor":29,"turns":1},{"damage":0,"enemies":"ruina:RoadHome","floor":31,"turns":1},{"damage":0,"enemies":"ruina:JesterOfNihil","floor":33,"turns":2},{"damage":0,"enemies":"Gensokyo:3_Bats","floor":35,"turns":1},{"damage":1,"enemies":"Gensokyo:3_Boulders","floor":36,"turns":2},{"damage":0,"enemies":"Gensokyo:AtlasGolem","floor":37,"turns":1},{"damage":0,"enemies":"Gensokyo:4_Bats","floor":39,"turns":1},{"damage":0,"enemies":"Gensokyo:Marisa","floor":41,"turns":1},{"damage":1,"enemies":"Gensokyo:Sharpion","floor":44,"turns":1},{"damage":0,"enemies":"Gensokyo:SeedOfUnknown","floor":45,"turns":2},{"damage":0,"enemies":"Gensokyo:Kasen","floor":48,"turns":1},{"damage":75,"enemies":"Gensokyo:Yuyuko","floor":50,"turns":1}],"seed_played":"1910739761511515072","potions_obtained":[{"floor":12,"key":"SpeedPotion"},{"floor":36,"key":"AttackPotion"},{"floor":44,"key":"Fire Potion"}],"is_trial":false,"path_per_floor":["M","?","$","?","?","R","M","?","T","R","M","E","M","M","R","B",null,"M","?","M","M","$","E","$","R","T","E","R","M","R","E","R","B",null,"M","M","M","?","M","R","E","R","T","M","M","$","R","E","R","B",null],"character_chosen":"WATCHER","items_purchased":["aspiration:FetidBarrel","Magic Flower","DevaForm","reliquary:TuningFork","FollowUp","PreservedInsect","ruina:Thirst","ruina:LoveAndHate","Replay:Bottled Eggs","Medical Kit","Pen Nib","Melange","Replay:Rubber Ducky","Dodecahedron"],"campfire_rested":0,"item_purchase_floors":[3,3,3,3,3,22,22,24,24,24,24,46,46,46],"current_hp_per_floor":[1000,1000,1000,1100,1100,1100,1100,1100,1100,1100,1100,1100,1099,1099,1099,1099,1100,1089,1089,1089,1089,1089,1089,1089,1089,1089,1088,1088,1088,1088,1088,1088,1088,550,550,550,550,550,550,550,550,550,550,550,550,550,550,550,550,491],"gold":8353,"neow_bonus":"NOSTALGIA","is_daily":false,"chose_seed":false,"campfire_upgraded":11,"win_rate":0.0,"timestamp":1614102278,"path_taken":["M","?","$","?","?","R","M","?","T","R","?","E","M","M","R","BOSS","M","?","M","M","$","E","$","R","T","E","R","M","R","E","R","BOSS","M","M","?","?","M","R","E","R","T","?","M","$","R","E","R","BOSS"],"items_purchased_type":["Relic","Relic","Card","Relic","Card","Relic","Card","Card","Relic","Relic","Relic","Relic","Relic","Relic"],"build_version":"2020-12-22","purchased_purges":0,"victory":true,"max_hp_per_floor":[1000,1000,1000,1100,1100,1100,1100,1100,1100,1100,1100,1100,1100,1100,1100,1100,1100,1100,1100,1100,1100,1100,1100,1100,1100,1100,1100,1100,1100,1100,1100,1100,1100,550,550,550,550,550,550,550,550,550,550,550,550,550,550,550,550,550],"card_choices":[{"not_picked":["ReachHeaven","Crescendo"],"picked":"Genetic Algorithm","floor":1},{"not_picked":["Weave","Wallop"],"picked":"FlyingSleeves","floor":7},{"not_picked":["Clash","Gash"],"picked":"Beam Cell","floor":11},{"not_picked":["MostiFishMod:Nomercy","Swivel"],"picked":"ReplayTheSpireMod:Muscle Training","floor":12},{"not_picked":["Replay:BluntJabs","Adaptation"],"picked":"Worship","floor":13},{"not_picked":["WheelKick","FollowUp","Crescendo"],"picked":"SKIP","floor":14},{"not_picked":["Quick Slash","JustLucky","Deflect"],"picked":"Slice","floor":18},{"not_picked":["Dagger Throw","Hidden Blade+1","SashWhip+1","Crescendo"],"picked":"SKIP","floor":20},{"not_picked":["Replay:Bag of Tricks","Halt","EmptyBody+1","Replay:AtTheReady+1"],"picked":"SKIP","floor":21},{"not_picked":["Blade Dance","CutThroughFate","Acrobatics","Halt+1"],"picked":"SKIP","floor":23},{"not_picked":["Replay:AtTheReady","CarveReality","MostiFishMod:Nomercy+1","CrushJoints+1"],"picked":"SKIP","floor":27},{"not_picked":["MentalFortress","Flying Knee","PathToVictory"],"picked":"MostiFishMod:FrostNova","floor":29},{"not_picked":["Prepared+1","Vengeance","MostiFishMod:StarWish","ThirdEye"],"picked":"SKIP","floor":29},{"not_picked":["Weave","Heel Hook+1","Dagger Throw","Crescendo"],"picked":"SKIP","floor":31},{"not_picked":["Accuracy","Underhanded Strike","Backflip"],"picked":"REME_Repentance+1","floor":35},{"not_picked":["Bane+1","Predator","ReplayTheSpireMod:Exploit Weakness+1","Deadly Poison+1"],"picked":"SKIP","floor":35},{"not_picked":["Vengeance","hubris:Counter+1","hubris:SlightOfHand"],"picked":"Replay:Battleflow+1","floor":36},{"not_picked":["Replay:Cycle+1","CrushJoints+1","JustLucky"],"picked":"All Out Attack","floor":36},{"not_picked":["wanderingMiniBosses:FinaleOfPromise"],"picked":"SKIP","floor":36},{"not_picked":["PiercingWail+1","MostiFishMod:PreservedThorns+1","Prostrate"],"picked":"MostiFishMod:SpreadingSpore","floor":37},{"not_picked":["hubris:Counter+1","Backflip+1","ReplayTheSpireMod:Tripwire+1","Underhanded Strike"],"picked":"SKIP","floor":37},{"not_picked":["Slice+1","EmptyFist","Replay:AtTheReady"],"picked":"Dagger Spray+1","floor":39},{"not_picked":["Blur","Flying Knee","FollowUp+1","Infinite Blades+1"],"picked":"SKIP","floor":39},{"not_picked":["Crescendo+1","FlurryOfBlows+1","Terror+1","ReachHeaven"],"picked":"SKIP","floor":41},{"not_picked":["Outmaneuver+1","REME_SpectralBlade","MostiFishMod:PerfectParry"],"picked":"Dagger Spray+1","floor":44},{"not_picked":["Crescendo+1","Replay:AtTheReady","Dash"],"picked":"Dagger Spray+1","floor":44},{"not_picked":["BowlingBash+1","MentalFortress","EmptyFist+1"],"picked":"Deadly Poison+1","floor":45},{"not_picked":["Flying Knee+1","Backflip+1","Prostrate","MostiFishMod:PathToVictory+1"],"picked":"SKIP","floor":45},{"not_picked":["Nirvana+1","Flying Knee+1","WindmillStrike+1"],"picked":"Vault","floor":48}],"player_experience":291994,"relics_obtained":[{"floor":11,"key":"Gensokyo:OccultBall"},{"floor":12,"key":"Gensokyo:OccultBall"},{"floor":12,"key":"reliquary:MudwinsCradle"},{"floor":16,"key":"Gensokyo:OccultBall"},{"floor":23,"key":"Prayer Wheel"},{"floor":26,"key":"Replay:Bottled Snecko"},{"floor":27,"key":"Damaru"},{"floor":33,"key":"Gensokyo:OccultBall"},{"floor":36,"key":"wanderingMiniBosses:Blackblade"},{"floor":37,"key":"Gensokyo:OccultBall"},{"floor":43,"key":"REME_HandOfSuture"},{"floor":48,"key":"Question Card"}],"event_choices":[],"is_beta":false,"boss_relics":[{"not_picked":["ChiXiaoBlade","EE1DDrone"],"picked":"aspiration:SilentSkillbook"},{"not_picked":["construct:ClawGrip","RhineFirstAidKit"],"picked":"GuanYuAspect"}],"items_purged_floors":[],"is_endless":false,"potions_floor_spawned":[12,16,21,29,35,36,37,44],"ascension_level":0}}