{"host":"v0xbo920qxoewo3e","time":1614091110,"event":{"mods":["Act Like it!","Aspiration","Astrologer","BaseMod","Conspire","Downfall","Friendly Minions","GifTheSpireLib","Halation","Hermit","Hubris","Infinite Spire","Jedi Mod","Jorbs\u0027s Wanderer Trilogy","Koishi","Marisa????????","Minty Spire (QoL Compilation)","Potionbrewer","Rare Cards Sparkle","Reimu??????","Remilia??????","Replay The Spire","StSLib","Stuff the Spire","The Animator","The Blackbeard","The Bladedancer","The Bug Knight","The Construct","The Cursed","The Disciple","The Gatherer","The Jungle","The Problem Sleuth","The Runesmith","The Servant 0.9.4","TheBandit","Unceasing Turn Reminder"],"gold_per_floor":[117,129,0,11,30,30,63,63,114,114,136,152,43,218,218,316,316,389,48,70,93,110,110,118,118],"floor_reached":24,"language":"ENG","playtime":1766,"items_purged":["hermit:Strike_Hermit","hermit:Strike_Hermit"],"score":230,"play_id":"5d8849bc-ae3e-4454-863d-0b3b8d212869","local_time":"20210223163830","is_ascension_mode":true,"campfire_choices":[{"data":"hermit:Magnum","floor":6,"key":"SMITH"},{"data":"hermit:Vantage","floor":8,"key":"SMITH"},{"data":"hermit:Defend_Hermit","floor":10,"key":"SMITH"},{"data":"hermit:Defend_Hermit","floor":15,"key":"SMITH"},{"data":"hermit:Roulette","floor":23,"key":"SMITH"}],"circlet_count":0,"master_deck":["hermit:Strike_Hermit","hermit:Strike_Hermit","hermit:Defend_Hermit","hermit:Defend_Hermit+1","hermit:Defend_Hermit","hermit:Defend_Hermit+1","hermit:Snapshot","hermit:Covet","hermit:Roulette+1","hermit:Misfire","hermit:Determination+1","hermit:LuckOfTheDraw","hermit:Magnum+1","hermit:Vantage+1","hermit:LoneWolf","hermit:Virtue","hermit:Roulette+1","Doubt","hermit:HighNoon","Inflame+1","hermit:Desperado+1","hermit:BodyArmor+1"],"relics":["hermit:Momento","aspiration:TomeofQuesting","halation:IllGainedPizza","Replay:Grab Bag","bronze:MakeshiftBattery","Replay:Bronze Core","aspiration:IroncladSkillbook","infinitespire:ShieldingShard"],"acts_visited":["Exordium","TheCity"],"potions_floor_usage":[12,18,18,20,24],"damage_taken":[{"damage":2,"enemies":"2 Louse","floor":1,"turns":3},{"damage":0,"enemies":"Cultist","floor":2,"turns":3},{"damage":15,"enemies":"Small Slimes","floor":4,"turns":3},{"damage":6,"enemies":"Exordium Thugs","floor":5,"turns":4},{"damage":11,"enemies":"Replay:BlueRogue","floor":7,"turns":2},{"damage":0,"enemies":"Looter","floor":11,"turns":3},{"damage":4,"enemies":"Lots of Slimes","floor":12,"turns":4},{"damage":13,"enemies":"Slime Boss","floor":16,"turns":9},{"damage":30,"enemies":"3 Byrds","floor":18,"turns":7},{"damage":13,"enemies":"Spheric Guardian","floor":20,"turns":4},{"damage":16,"enemies":"Centurion and Healer","floor":21,"turns":5},{"damage":0,"enemies":"Snecko","floor":22,"turns":3},{"damage":43,"enemies":"Book of Stabbing","floor":24,"turns":5}],"seed_played":"8509628278098435132","potions_obtained":[{"floor":2,"key":"Elixir"},{"floor":11,"key":"Guardian:BlockOnCardUsePotion"},{"floor":12,"key":"Languid Potion"},{"floor":16,"key":"potionbrewer:AcidPotion"},{"floor":21,"key":"potionbrewer:NoxiousPotion"}],"is_trial":false,"path_per_floor":["M","M","$","M","M","R","E","R","T","R","M","M","$","?","R","B",null,"M","$","M","M","M","R","E"],"character_chosen":"HERMIT","items_purchased":["hermit:Determination+1","hermit:LuckOfTheDraw","hermit:Roulette+1","infinitespire:ShieldingShard"],"campfire_rested":0,"item_purchase_floors":[3,3,13,19],"current_hp_per_floor":[80,80,80,65,59,59,48,48,48,48,48,44,44,44,44,31,82,57,57,48,36,40,40,0,0],"gold":118,"neow_bonus":"TEN_PERCENT_HP_BONUS","is_daily":false,"chose_seed":false,"campfire_upgraded":5,"win_rate":0.0,"timestamp":1614091110,"path_taken":["M","M","$","M","M","R","E","R","T","R","M","M","$","?","R","BOSS","M","$","M","M","M","R","E"],"items_purchased_type":["Card","Card","Card","Relic"],"build_version":"2020-12-22","purchased_purges":2,"victory":false,"max_hp_per_floor":[82,82,82,82,82,82,82,82,82,82,82,82,82,82,82,82,82,82,82,82,82,82,82,82,82],"card_choices":[{"not_picked":["hermit:WideOpen","hermit:ItchyTrigger"],"picked":"hermit:Roulette","floor":1},{"not_picked":["hermit:CalledShot","hermit:Desperado"],"picked":"hermit:Misfire","floor":2},{"not_picked":["hermit:Midnight","hermit:CalledShot"],"picked":"hermit:Magnum","floor":4},{"not_picked":["hermit:TakeAim","hermit:BigShot","hermit:Feint"],"picked":"SKIP","floor":5},{"not_picked":["hermit:LowProfile","hermit:FromBeyond"],"picked":"hermit:Vantage","floor":7},{"not_picked":["hermit:FullyLoaded","hermit:Midnight"],"picked":"hermit:LoneWolf","floor":11},{"not_picked":["hermit:SprayPray","hermit:Roulette"],"picked":"hermit:Virtue","floor":12},{"not_picked":["hermit:FinalCanter","hermit:OverwhelmingPower"],"picked":"hermit:HighNoon","floor":16},{"not_picked":["ReplayTheSpireMod:Strike From Hell","Metallicize","Shockwave+1"],"picked":"Inflame+1","floor":18},{"not_picked":["Cleave+1","hermit:NoHoldsBarred","Heavy Blade"],"picked":"hermit:Desperado+1","floor":20},{"not_picked":["Metallicize","Sentinel","hermit:Deadeye"],"picked":"hermit:BodyArmor+1","floor":21},{"not_picked":["Havoc","hermit:Combo","hermit:Quickdraw+1","Infernal Blade"],"picked":"SKIP","floor":22}],"player_experience":1542853,"relics_obtained":[{"floor":7,"key":"aspiration:TomeofQuesting"},{"floor":9,"key":"halation:IllGainedPizza"}],"event_choices":[{"damage_healed":0,"gold_gain":175,"player_choice":"AGREE","damage_taken":0,"max_hp_gain":0,"max_hp_loss":0,"event_name":"Liars Game","floor":14,"gold_loss":0,"cards_obtained":["Doubt"]}],"is_beta":false,"boss_relics":[{"not_picked":["halation:PinkAlligatorPlush","Pandora\u0027s Box"],"picked":"Replay:Grab Bag"},{"not_picked":["hubris:GrandSneckoEye","hubris:CrackedHourglass"],"picked":"bronze:MakeshiftBattery"},{"not_picked":["jedi:battlestandard","Busted Crown"],"picked":"Replay:Bronze Core"},{"not_picked":["halation:Risk","hubris:BlackHole"],"picked":"aspiration:IroncladSkillbook"}],"items_purged_floors":[13,19],"is_endless":false,"potions_floor_spawned":[2,11,12,16,21],"killed_by":"Book of Stabbing","ascension_level":3}}