{"host":"ul3z8ex5o8l5j7mh","time":1614105298,"event":{"mods":["2.2 Compatiblity","AchievementEnabler","BaseMod","Bestiary","Colored Map","Colored Powertips","Curses Come First","DeckTracker","Highlight Path","Keyboard Shortcuts","Minty Spire (QoL Compilation)","Relic Sorter","Relic Stats","StSLib","SuperFastMode"],"gold_per_floor":[110,110,129,143,68,93,110,139,139,139,174,174,204,220,220,323,323,342,30,41,1,12,12,111,111,163,163,188,9,9,9,9,113,113,133,151,206,206,225,225,8,21,21,21,41,52,71,91,91,91,91],"floor_reached":50,"language":"ENG","playtime":2380,"items_purged":["Defend_G","Defend_G","Defend_G","Defend_G"],"score":566,"play_id":"b5d45cc1-f87e-44ee-afea-59fbbaf648e9","local_time":"20210223193458","is_ascension_mode":true,"campfire_choices":[{"floor":10.0,"key":"REST"},{"floor":12.0,"key":"REST"},{"data":"Infinite Blades","floor":15.0,"key":"SMITH"},{"data":"Distraction","floor":23.0,"key":"SMITH"},{"data":"Infinite Blades","floor":25.0,"key":"SMITH"},{"data":"Backstab","floor":27.0,"key":"SMITH"},{"floor":32.0,"key":"REST"},{"data":"Blade Dance","floor":40.0,"key":"SMITH"},{"floor":44.0,"key":"REST"},{"floor":49.0,"key":"REST"}],"circlet_count":0,"master_deck":["Strike_G","Survivor","Neutralize+1","Dash","Infinite Blades+1","Distraction+1","Well Laid Plans","Infinite Blades+1","Phantasmal Killer","Backstab+1","Blur","Slice","Backstab","Blade Dance+1","Dark Shackles","Storm of Steel","Dagger Spray","Blade Dance+1","Underhanded Strike","Infinite Blades+1","Blur","Dodge and Roll+1","Endless Agony+1","Endless Agony+1","Dash+1"],"relics":["WristBlade","Meat on the Bone","Blood Vial","Ancient Tea Set","Sundial","White Beast Statue","Empty Cage","Membership Card","Whetstone","Boot","Mercury Hourglass","Lantern","Runic Pyramid","Lizard Tail","Mummified Hand","Molten Egg 2"],"acts_visited":["Exordium","TheCity","TheBeyond"],"potions_floor_usage":[50,50,50],"damage_taken":[{"damage":0.0,"enemies":"2 Louse","floor":1.0,"turns":4.0},{"damage":4.0,"enemies":"Cultist","floor":3.0,"turns":5.0},{"damage":2.0,"enemies":"Jaw Worm","floor":4.0,"turns":4.0},{"damage":37.0,"enemies":"Lagavulin","floor":6.0,"turns":8.0},{"damage":3.0,"enemies":"Blue Slaver","floor":7.0,"turns":4.0},{"damage":17.0,"enemies":"3 Sentries","floor":8.0,"turns":8.0},{"damage":19.0,"enemies":"Gremlin Nob","floor":11.0,"turns":4.0},{"damage":6.0,"enemies":"3 Sentries","floor":13.0,"turns":6.0},{"damage":1.0,"enemies":"Exordium Wildlife","floor":14.0,"turns":4.0},{"damage":44.0,"enemies":"Hexaghost","floor":16.0,"turns":10.0},{"damage":17.0,"enemies":"3 Byrds","floor":18.0,"turns":5.0},{"damage":16.0,"enemies":"Shell Parasite","floor":20.0,"turns":4.0},{"damage":6.0,"enemies":"3 Cultists","floor":22.0,"turns":5.0},{"damage":11.0,"enemies":"Slavers","floor":28.0,"turns":6.0},{"damage":16.0,"enemies":"Automaton","floor":33.0,"turns":6.0},{"damage":26.0,"enemies":"3 Darklings","floor":35.0,"turns":3.0},{"damage":1.0,"enemies":"Orb Walker","floor":36.0,"turns":2.0},{"damage":22.0,"enemies":"2 Orb Walkers","floor":37.0,"turns":2.0},{"damage":14.0,"enemies":"Sphere and 2 Shapes","floor":39.0,"turns":4.0},{"damage":40.0,"enemies":"4 Shapes","floor":42.0,"turns":3.0},{"damage":26.0,"enemies":"Maw","floor":45.0,"turns":5.0},{"damage":17.0,"enemies":"3 Darklings","floor":46.0,"turns":3.0},{"damage":31.0,"enemies":"Spire Growth","floor":47.0,"turns":3.0},{"damage":38.0,"enemies":"4 Shapes","floor":48.0,"turns":3.0},{"damage":51,"enemies":"Donu and Deca","floor":50,"turns":4}],"seed_played":"6805028219419681126","potions_obtained":[{"floor":4.0,"key":"Fire Potion"},{"floor":6.0,"key":"LiquidBronze"},{"floor":7.0,"key":"Weak Potion"},{"floor":11.0,"key":"Fruit Juice"},{"floor":14.0,"key":"Regen Potion"},{"floor":16.0,"key":"Swift Potion"},{"floor":18.0,"key":"Ancient Potion"},{"floor":20.0,"key":"ColorlessPotion"},{"floor":22.0,"key":"LiquidMemories"},{"floor":28.0,"key":"Strength Potion"},{"floor":33.0,"key":"DistilledChaos"},{"floor":35.0,"key":"EntropicBrew"},{"floor":36.0,"key":"ColorlessPotion"},{"floor":37.0,"key":"SteroidPotion"},{"floor":39.0,"key":"SpeedPotion"},{"floor":42.0,"key":"DuplicationPotion"},{"floor":45.0,"key":"Fire Potion"},{"floor":46.0,"key":"Weak Potion"},{"floor":47.0,"key":"Energy Potion"},{"floor":48.0,"key":"CunningPotion"}],"is_trial":false,"path_per_floor":["M","?","M","M","$","E","M","E","T","R","E","R","E","M","R","B",null,"M","$","M","$","M","R","?","R","T","R","E","$","?","$","R","B",null,"M","M","?","?","M","R","$","M","T","R","M","M","M","M","R","B"],"character_chosen":"THE_SILENT","items_purchased":["Membership Card","Blur","Whetstone","Backstab","Lantern","Dark Shackles","Mummified Hand","Blur"],"campfire_rested":5,"item_purchase_floors":[19,19,19,21,29,29,41,41],"current_hp_per_floor":[70,70,66,64,64,27,36,31,31,52,47,68,64,65,65,35,70,58,58,56,56,52,52,52,52,52,52,43,43,43,43,65,51,75,49,50,42,42,42,42,42,16,16,37,25,22,47,23,44,0,0],"gold":91,"neow_bonus":"BOSS_RELIC","is_daily":false,"chose_seed":false,"campfire_upgraded":5,"win_rate":0.0,"timestamp":1614105298,"path_taken":["M","?","M","M","$","E","M","E","T","R","E","R","E","M","R","BOSS","M","$","M","?","M","R","?","R","T","R","E","$","?","$","R","BOSS","M","M","?","?","M","R","?","?","T","R","M","M","M","M","R","BOSS"],"items_purchased_type":["Relic","Card","Relic","Card","Relic","Card","Relic","Card"],"build_version":"2020-12-22","purchased_purges":4,"victory":false,"max_hp_per_floor":[70,70,70,70,70,70,70,70,70,70,70,70,70,70,70,70,70,75,75,75,75,75,75,75,75,75,75,75,75,75,75,75,75,75,75,75,75,71,71,71,71,71,71,71,71,71,71,71,71,71,71],"relic_stats":{"Blood Vial":34,"Lizard Tail":35,"counters":[25,115],"Sundial":[10],"Mummified Hand":[9],"Whetstone":["Strike_G","Neutralize"],"Boot":[1],"obtain_stats":[{"Lantern":29,"Whetstone":19,"Ancient Tea Set":9,"Empty Cage":17,"Boot":26,"White Beast Statue":13,"Mercury Hourglass":28,"Blood Vial":8,"Lizard Tail":37,"WristBlade":0,"Sundial":11,"Mummified Hand":41,"Molten Egg 2":43,"Membership Card":19,"Ring of the Snake":0,"Meat on the Bone":6,"Runic Pyramid":34},{"Lantern":14,"Whetstone":11,"Ancient Tea Set":6,"Empty Cage":10,"Boot":13,"White Beast Statue":8,"Mercury Hourglass":14,"Blood Vial":6,"Lizard Tail":18,"WristBlade":0,"Sundial":7,"Mummified Hand":19,"Molten Egg 2":20,"Membership Card":11,"Ring of the Snake":0,"Meat on the Bone":4,"Runic Pyramid":15},{"Lantern":77,"Whetstone":62,"Ancient Tea Set":33,"Empty Cage":57,"Boot":71,"White Beast Statue":43,"Mercury Hourglass":77,"Blood Vial":33,"Lizard Tail":90,"WristBlade":0,"Sundial":37,"Mummified Hand":94,"Molten Egg 2":97,"Membership Card":62,"Ring of the Snake":0,"Meat on the Bone":21,"Runic Pyramid":83}],"Meat on the Bone":132,"Mercury Hourglass":[189]},"card_choices":[{"not_picked":["Flying Knee","Dodge and Roll","Deadly Poison"],"picked":"SKIP","floor":1.0},{"not_picked":["Poisoned Stab","Flying Knee"],"picked":"Dash","floor":3.0},{"not_picked":["Quick Slash","Wraith Form v2","Prepared"],"picked":"SKIP","floor":4.0},{"not_picked":["Footwork","Sucker Punch"],"picked":"Infinite Blades","floor":6.0},{"not_picked":["Bane","Dagger Spray","Flying Knee"],"picked":"SKIP","floor":7.0},{"not_picked":["PiercingWail","Envenom"],"picked":"Distraction","floor":8.0},{"not_picked":["Slice","Sucker Punch","Backflip"],"picked":"SKIP","floor":11.0},{"not_picked":["Footwork","Deflect"],"picked":"Well Laid Plans","floor":13.0},{"not_picked":["Underhanded Strike","Noxious Fumes"],"picked":"Infinite Blades","floor":14.0},{"not_picked":["Corpse Explosion","Wraith Form v2"],"picked":"Phantasmal Killer","floor":16.0},{"not_picked":["Bane","Deadly Poison"],"picked":"Backstab","floor":18.0},{"not_picked":["Reflex","Choke"],"picked":"Slice","floor":20.0},{"not_picked":["Poisoned Stab","Backflip","Prepared"],"picked":"SKIP","floor":22.0},{"not_picked":["Poisoned Stab","Backflip","Prepared"],"picked":"SKIP","floor":22.0},{"not_picked":["Reflex","Bouncing Flask"],"picked":"Blade Dance","floor":28.0},{"not_picked":["Reflex+1","Masterful Stab+1"],"picked":"Blade Dance+1","floor":35.0},{"not_picked":["Escape Plan+1","Backflip+1","Bouncing Flask"],"picked":"SKIP","floor":36.0},{"not_picked":["Choke+1","Sucker Punch"],"picked":"Underhanded Strike","floor":37.0},{"not_picked":["Dagger Spray","Sucker Punch+1"],"picked":"Infinite Blades+1","floor":39.0},{"not_picked":["PiercingWail+1","Catalyst+1"],"picked":"Dodge and Roll+1","floor":42.0},{"not_picked":["PiercingWail+1","Unload+1"],"picked":"Endless Agony+1","floor":45.0},{"not_picked":["Deadly Poison+1","Dagger Spray+1"],"picked":"Endless Agony+1","floor":46.0},{"not_picked":["Prepared","Heel Hook+1"],"picked":"Dash+1","floor":47.0},{"not_picked":["Prepared+1","Slice+1","Outmaneuver"],"picked":"SKIP","floor":48.0}],"player_experience":431454,"relics_obtained":[{"floor":6.0,"key":"Meat on the Bone"},{"floor":8.0,"key":"Blood Vial"},{"floor":9.0,"key":"Ancient Tea Set"},{"floor":11.0,"key":"Sundial"},{"floor":13.0,"key":"White Beast Statue"},{"floor":26.0,"key":"Boot"},{"floor":28.0,"key":"Mercury Hourglass"},{"floor":37.0,"key":"Lizard Tail"},{"floor":43.0,"key":"Molten Egg 2"}],"event_choices":[{"cards_removed":["Defend_G"],"damage_healed":0.0,"max_hp_gain":0.0,"max_hp_loss":0.0,"gold_gain":0.0,"event_name":"Wheel of Change","player_choice":"Card Removal","floor":2.0,"gold_loss":0.0,"damage_taken":0.0},{"damage_healed":0.0,"max_hp_gain":0.0,"max_hp_loss":0.0,"gold_gain":99.0,"event_name":"Nest","player_choice":"Stole From Cult","floor":24.0,"gold_loss":0.0,"damage_taken":0.0},{"damage_healed":0.0,"max_hp_gain":0.0,"max_hp_loss":0.0,"gold_gain":0.0,"cards_transformed":["Strike_G","Strike_G"],"event_name":"Drug Dealer","player_choice":"Became Test Subject","floor":30.0,"gold_loss":0.0,"damage_taken":0.0,"cards_obtained":["Storm of Steel","Dagger Spray"]},{"damage_healed":0.0,"max_hp_gain":0.0,"max_hp_loss":0.0,"gold_gain":0.0,"event_name":"Mysterious Sphere","player_choice":"Fight","floor":37.0,"gold_loss":0.0,"damage_taken":0.0},{"damage_healed":0.0,"max_hp_gain":0.0,"max_hp_loss":4.0,"gold_gain":0.0,"event_name":"Winding Halls","player_choice":"Max HP","floor":38.0,"gold_loss":0.0,"damage_taken":0.0}],"is_beta":false,"boss_relics":[{"not_picked":["Coffee Dripper","Snecko Eye"],"picked":"Empty Cage"},{"not_picked":["Astrolabe","Pandora\u0027s Box"],"picked":"Runic Pyramid"}],"items_purged_floors":[5,19,29,41],"is_endless":false,"potions_floor_spawned":[4,6,7,11,14,16,18,20,22,28,33,35,36,37,39,42,45,46,47,48],"killed_by":"Donu and Deca","ascension_level":3}}