{"host":"0mk07bycsqo1qk03","time":1614066069,"event":{"mods":["BaseMod","Downfall","Hermit","Hubris","Minty Spire (QoL Compilation)","Reliquary","Replay The Spire","Spicy Shops","StSLib","The Hierophant"],"gold_per_floor":[117,128,128,81,81,81,3,22,22,22,37,58,58,78,165,270,270,293,75,75,94,193,193,210,210,236,236,253,278,64,88,88,88,88],"floor_reached":33,"language":"ENG","playtime":1407,"items_purged":["hierophant:Strike_Hierophant"],"score":239,"play_id":"1ebbdbf2-ec90-4728-a6d8-37909de3e0bd","local_time":"20210223084109","is_ascension_mode":false,"campfire_choices":[{"data":"hierophant:RepressedViolence","floor":6.0,"key":"SMITH"},{"data":"hierophant:HolyVerse","floor":10.0,"key":"SMITH"},{"data":"Genetic Algorithm","floor":23.0,"key":"SMITH"},{"data":"Go for the Eyes","floor":25.0,"key":"SMITH"},{"data":"Coolheaded","floor":27.0,"key":"SMITH"},{"data":"hubris:Gluttony","floor":32,"key":"PURGE"}],"circlet_count":0,"master_deck":["hierophant:Strike_Hierophant","hierophant:Strike_Hierophant","hierophant:Strike_Hierophant","hierophant:Punish","hierophant:Defend_Hierophant","hierophant:Defend_Hierophant","hierophant:Defend_Hierophant","hierophant:Defend_Hierophant","hierophant:ChurchCoffers","hierophant:HolyVerse+1","hierophant:Alms","hierophant:RepressedViolence+1","hierophant:OrnateBuckler","hierophant:ThreeLashes","hierophant:FlamingChariot","Go for the Eyes+1","Undo","hierophant:Prophecy+1","Genetic Algorithm+1","hierophant:HolyVerse+1","Coolheaded+1","hierophant:OrnateBuckler","hierophant:HammerAndAnvil","hierophant:SealAway+1","Reprogram","hierophant:OrnateBuckler","hierophant:PassingBell","White Noise"],"relics":["hierophant:PropheticMaskRelic","NeowsBlessing","Torii","Replay:Wax Seal","reliquary:SharkskinSheath","Pondfish Scales","hubris:DisguiseKit","reliquary:ThirdArm","Prayer Wheel","Chemical X","reliquary:PorcupineQuills","ReplayTheSpireMod:CursedCoin","Peace Pipe"],"acts_visited":["Exordium","TheCity"],"potions_floor_usage":[29,33],"damage_taken":[{"damage":0.0,"enemies":"Small Slimes","floor":1.0,"turns":1.0},{"damage":0.0,"enemies":"Cultist","floor":2.0,"turns":1.0},{"damage":0.0,"enemies":"Jaw Worm","floor":8.0,"turns":2.0},{"damage":0.0,"enemies":"Blue Slaver","floor":11.0,"turns":6.0},{"damage":8.0,"enemies":"Large Slime","floor":12.0,"turns":7.0},{"damage":1.0,"enemies":"3 Louse","floor":14.0,"turns":2.0},{"damage":33.0,"enemies":"The Guardian","floor":16.0,"turns":16.0},{"damage":12.0,"enemies":"Spheric Guardian","floor":18.0,"turns":4.0},{"damage":1.0,"enemies":"Chosen","floor":21.0,"turns":6.0},{"damage":11.0,"enemies":"Snake Plant","floor":24.0,"turns":6.0},{"damage":10,"enemies":"Shelled Parasite and Fungi","floor":28,"turns":9},{"damage":0,"enemies":"3 Cultists","floor":29,"turns":5},{"damage":0,"enemies":"Sentry and Sphere","floor":31,"turns":2},{"damage":42,"enemies":"hubris:MusketHawk","floor":33,"turns":8}],"seed_played":"-3747500512801080606","potions_obtained":[{"floor":2.0,"key":"Swift Potion"},{"floor":8.0,"key":"Fire Potion"},{"floor":11.0,"key":"Slimebound:ThreeZeroPotion"},{"floor":14.0,"key":"SkillPotion"},{"floor":21.0,"key":"ColorlessPotion"},{"floor":28,"key":"Elixir"},{"floor":29,"key":"Block Potion"}],"is_trial":false,"path_per_floor":["M","M","?","$","T","R","$","M","T","R","M","M","?","M","R","B",null,"M","$","?","M","?","R","M","R","T","R","M","M","$","M","R","B"],"character_chosen":"HIEROPHANT","items_purchased":["hierophant:RepressedViolence","reliquary:SharkskinSheath","Chemical X","ReplayTheSpireMod:CursedCoin","Peace Pipe","hierophant:OrnateBuckler"],"campfire_rested":0,"item_purchase_floors":[4,7,19,30,30,30],"current_hp_per_floor":[75,75,75,75,75,75,75,75,75,75,75,67,67,66,66,33,75,63,63,63,62,62,62,51,51,51,51,41,41,41,41,41,0,0],"gold":88,"neow_bonus":"THREE_ENEMY_KILL","is_daily":false,"chose_seed":false,"campfire_upgraded":5,"win_rate":0.0,"timestamp":1614066069,"path_taken":["M","M","?","$","?","R","$","M","T","R","M","?","?","M","R","BOSS","M","$","?","M","?","R","M","R","T","R","M","M","$","M","R","BOSS"],"items_purchased_type":["Card","Relic","Relic","Relic","Relic","Card"],"build_version":"2020-12-22","purchased_purges":1,"victory":false,"max_hp_per_floor":[75,75,75,75,75,75,75,75,75,75,75,75,75,75,75,75,75,75,75,75,75,75,75,75,75,75,75,75,75,75,75,75,75,75],"card_choices":[{"not_picked":["hierophant:Doubloon","hierophant:FieryStrike"],"picked":"hierophant:HolyVerse","floor":1.0},{"not_picked":["hierophant:Dazzle","hierophant:FlamingChariot"],"picked":"hierophant:Alms","floor":2.0},{"not_picked":["hierophant:Flagellation","hierophant:Community"],"picked":"hierophant:OrnateBuckler","floor":8.0},{"not_picked":["hierophant:FlamingChariot","hierophant:AuricBeam"],"picked":"hierophant:ThreeLashes","floor":11.0},{"not_picked":["hierophant:CoinFling","hierophant:RepressedViolence"],"picked":"hierophant:FlamingChariot","floor":12.0},{"not_picked":["hierophant:ConvertCurrency","hierophant:Sermon","hierophant:Generosity"],"picked":"Go for the Eyes","floor":14.0},{"not_picked":["hierophant:Determination","hierophant:BulkyChest","hierophant:Cornucopia"],"picked":"ReplayTheSpireMod:Fabricate Wheel","floor":16.0},{"not_picked":["hierophant:ThreeLashes","hierophant:Encroach+1","hierophant:Doomsaying"],"picked":"Undo","floor":18.0},{"not_picked":["hierophant:Chorus+1","hierophant:Encroach+1","Aggregate"],"picked":"hierophant:Prophecy+1","floor":18.0},{"not_picked":["hierophant:Prophecy+1","hierophant:Refuge","hierophant:HammerAndAnvil+1"],"picked":"Genetic Algorithm","floor":21.0},{"not_picked":["hierophant:Shelter","hierophant:Community","Sweeping Beam"],"picked":"hierophant:HolyVerse+1","floor":21.0},{"not_picked":["hierophant:Doubloon","hierophant:Remorse","hierophant:Charity"],"picked":"Coolheaded","floor":24.0},{"not_picked":["hierophant:RepressedViolence","hierophant:PristineSoul","Gash"],"picked":"hierophant:OrnateBuckler","floor":24.0},{"not_picked":["hierophant:FaithHealing","hierophant:Encroach","Go for the Eyes"],"picked":"hierophant:HammerAndAnvil","floor":28},{"not_picked":["hierophant:FlamingChariot","hierophant:RecallFunds+1","Go for the Eyes"],"picked":"hierophant:SealAway+1","floor":28},{"not_picked":["hierophant:Purify","hierophant:SecretStash+1","hierophant:FlamingChariot"],"picked":"Reprogram","floor":29},{"not_picked":["hierophant:HammerAndAnvil+1","hierophant:OrnateBuckler","hierophant:FaithHealing","Go for the Eyes"],"picked":"SKIP","floor":29},{"not_picked":["hierophant:MorningPrayer","hierophant:Smite","Beam Cell"],"picked":"hierophant:PassingBell","floor":31},{"not_picked":["hierophant:Smite","hierophant:Charity","hierophant:Mercenaries"],"picked":"White Noise","floor":31}],"player_experience":1057504,"relics_obtained":[{"floor":5.0,"key":"Replay:Wax Seal"},{"floor":9.0,"key":"Pondfish Scales"},{"floor":26.0,"key":"reliquary:PorcupineQuills"}],"event_choices":[{"damage_healed":0.0,"max_hp_gain":0.0,"max_hp_loss":0.0,"gold_gain":0.0,"event_name":"WeMeetAgain","player_choice":"Gave Potion","floor":3.0,"gold_loss":0.0,"damage_taken":0.0,"relics_obtained":["Torii"]},{"damage_healed":0.0,"max_hp_gain":0.0,"max_hp_loss":0.0,"gold_gain":99.0,"event_name":"Nest","player_choice":"Stole From Cult","floor":22.0,"gold_loss":0.0,"damage_taken":0.0}],"is_beta":false,"boss_relics":[{"not_picked":["hubris:Stopwatch","Kintsugi"],"picked":"reliquary:ThirdArm"}],"items_purged_floors":[19],"is_endless":false,"potions_floor_spawned":[2,8,11,14,21,28,29],"killed_by":"hubris:MusketHawk","ascension_level":0}}