{"host":"4qp30tywltrhkmjj","time":1614085220,"event":{"mods":["2.2 Compatiblity","AchievementEnabler","Act Like it!","Ascension Unlocker","Aspiration","BaseMod","Beaked The Cultist","Bestiary","Better Altar","Better Match","Better Note","Better Skull","Better Third Choice","BetterRewards","CCEM2","CapriCore","Challenge The Spire","Colored Map","Colored Powertips","Conjunction","Conspire","Defuse TimeMaze Blight","Displayed Cursed Tome","Downfall","EXCEPTION","Emptier Cage","Energized Spire","Exacting","Gold Saver","Halation","Highlight Path","Hubris","Infinite Spire","Jedi Mod","Lobotomy","LobotomyExtend","Minty Spire (QoL Compilation)","Poor People Problems","Replay The Spire","Reworked Bosses","Ruina","SacredBarkPlus","Shop Mod","Spicy Shops","Spire Arcade","StSLib","The Animator","The Blue Laboratory","Transform Curses","Uncapped","Unceasing Turn Reminder","Wandering Minibosses","Yuri Mod"],"gold_per_floor":[1763,1231,1231,1231,910,942,959,28,28,57,57,69,1031,1031,956,1056,1056,1100,1120,1120,1270,1298,1348,1348,1377,1377,1419,1460,1460,1460,1460,1460,1538,1538,1552,1386,1404,1420,1445,1496,1526,1571,1571,1571,1617,1617,1686,1686,1733,1733,1948,2138,2138,2138,2138,2703,5761,6016],"floor_reached":59,"language":"ENG","playtime":4646,"items_purged":["Shame","Writhe"],"score":3237,"play_id":"15aa81ca-0877-4bfd-8b2c-573c8108e7d9","local_time":"20210223140020","is_ascension_mode":true,"campfire_choices":[{"floor":12.0,"key":"REST"},{"floor":24.0,"key":"REST"},{"data":"Apotheosis","floor":30.0,"key":"SMITH"},{"floor":32.0,"key":"DIG"},{"floor":50.0,"key":"RECALL"},{"data":"ReplayTheSpireMod:??????????????????????","floor":54.0,"key":"SMITH"}],"circlet_count":0,"master_deck":["BlueStar","QueenOfHatred","AscendersBane","animator:Strike_HitsugiNoChaika","animator:Defend_HitsugiNoChaika","animator:Strike","animator:Strike","animator:Defend","animator:Defend","animator:Defend","animator:AcuraAkari+1","animator:Gillette","animator:Fredrika","animator:Viivi","Apotheosis+1","animator:AcuraTooru","animator:Hitei","animator:Layla","animator:ZankiKiguchi","animator:MumenRider","animator:Demiurge","animator:AcuraShin","OSAHOGD","animator:ChaikaBohdan","Parasite","animator:TsurugaMeisai","animator:ChaikaTrabant","animator:Melzalgald","animator:KrulTepes","animator:SilverFang","animator:AcuraShin","animator:Sora","animator:Guren","animator:MetalKnight","animator:Bozes+1","animator:PandorasActor+1","animator:Guy","animator:Geryuganshoop","animator:Guren","animator:Shalltear","ReplayTheSpireMod:??????????????????????+1","animator:Sonic","animator:Viivi","animator:MisakiNakahara","animator:TakanashiRikka","animator:FielNirvalen","animator:TsurugaMeisai","animator:Laby","animator:Chung","animator:AcuraShin"],"relics":["animator:LivingPicture","animator:TheMissingPiece","animator:PurgingStone","CogitoBucket","LetterFromLob","Replay:Wax Seal","Medical Kit","Dream Catcher","MerchantsRug","BargainBundle","aspiration:HatOfInfinitePower","Replay:Mystery Machine","CaptainsWheel","animator:Hoodie","DataDisk","Orichalcum","Heaven_r","LaetitiaHeart","animator:OldCoffin","Tiny Chest","Nunchaku","Guardian:PocketSentry","conspire:TreasureMap","TheAbacus","Replay:Baseball","PreservedInsect","ReplayTheSpireMod:Ring of Addiction","Potion Belt","hubris:EmptyBottle","Ring of Panic","Logging_r","CENSORED_r","aspiration:RandomNobGenerator","Frozen Eye","AdjustmentMirror","Lamp_r","ruina:Goodbye","ReplayTheSpireMod:CursedCoin","hubris:FruitBowl","Ornamental Fan","infinitespire:CheckeredPen","Eternal Feather","InTheNameOfLoveAndHate_r","Justitia_r","Bag of Marbles","aspiration:FetidBarrel","CCEMRelics:LatexGloves","Honey Jar","aspiration:Nostalgia","Sizzling Blood","AtMidnight","BehaviorAdjustment","aspiration:TomeofQuesting","Replay:Bandana","MealTicket","animator:Buoy","SwordSharpenedByTears_r","SoundOfStar_r","hubris:NiceRug","Letter Opener","CCEMRelics:SpiritsEdge","CCEMRelics:ModularBuildingCube","Toy Ornithopter","Replay:PocketPolymizer","TwistedFunnel","wanderingMiniBosses:OtherGremlinHorn","Blood Vial","ReplayFunnel"],"acts_visited":["Exordium","ruina:Briah","TheBeyond","TheEnding"],"potions_floor_usage":[57,57,58,58,58,58],"damage_taken":[{"damage":1.0,"enemies":"Cultist","floor":1.0,"turns":3.0},{"damage":0.0,"enemies":"Lagavulin","floor":6.0,"turns":5.0},{"damage":0.0,"enemies":"conspire:RoseBush","floor":7.0,"turns":3.0},{"damage":21.0,"enemies":"Gremlin Nob","floor":8.0,"turns":2.0},{"damage":1.0,"enemies":"Gremlin Nob","floor":8.0,"turns":2.0},{"damage":20.0,"enemies":"Gremlin Nob","floor":10.0,"turns":2.0},{"damage":3.0,"enemies":"2 Louse","floor":13.0,"turns":2.0},{"damage":1.0,"enemies":"Slime Boss","floor":16.0,"turns":8.0},{"damage":2.0,"enemies":"ruina:2_Scarecrows","floor":18.0,"turns":3.0},{"damage":24.0,"enemies":"ruina:BadWolf","floor":19.0,"turns":5.0},{"damage":3.0,"enemies":"ruina:QueenOfHate","floor":22.0,"turns":3.0},{"damage":9.0,"enemies":"ruina:RoadHome","floor":23.0,"turns":2.0},{"damage":5.0,"enemies":"ruina:ServantOfWrath","floor":25.0,"turns":3.0},{"damage":16.0,"enemies":"ruina:KnightOfDespair","floor":27.0,"turns":4.0},{"damage":0.0,"enemies":"ruina:RoadHome","floor":28.0,"turns":4.0},{"damage":8.0,"enemies":"ruina:Red_and_Wolf","floor":33.0,"turns":4.0},{"damage":0.0,"enemies":"3 Shapes","floor":35.0,"turns":2.0},{"damage":0.0,"enemies":"Orb Walker","floor":37.0,"turns":1.0},{"damage":0.0,"enemies":"Transient","floor":38.0,"turns":3.0},{"damage":1.0,"enemies":"Sphere and 2 Shapes","floor":39.0,"turns":2.0},{"damage":1.0,"enemies":"Giant Head","floor":40.0,"turns":2.0},{"damage":0.0,"enemies":"Jaw Worm Horde","floor":41.0,"turns":2.0},{"damage":0.0,"enemies":"Reptomancer","floor":42.0,"turns":1.0},{"damage":0.0,"enemies":"3 Darklings","floor":47.0,"turns":1.0},{"damage":82.0,"enemies":"bossMod:newShapes","floor":51.0,"turns":6.0},{"damage":10.0,"enemies":"infinitespire:MassOfShapes","floor":52.0,"turns":3.0},{"damage":2,"enemies":"hubris:Merchant","floor":56,"turns":4},{"damage":0,"enemies":"Shield and Spear","floor":57,"turns":3},{"damage":11,"enemies":"The Heart","floor":58,"turns":5}],"seed_played":"5485281957162856440","potions_obtained":[{"floor":10.0,"key":"FearPotion"},{"floor":10.0,"key":"GamblersBrew"},{"floor":14.0,"key":"blueLaboratory:BottleOfRum"},{"floor":14.0,"key":"LifebloodPotion"},{"floor":16.0,"key":"champ:CounterPotion"},{"floor":19.0,"key":"blueLaboratory:LouseDecoction"},{"floor":22.0,"key":"SpeedPotion"},{"floor":25.0,"key":"blueLaboratory:LouseDecoction"},{"floor":27.0,"key":"blueLaboratory:RememoryPotion"},{"floor":33.0,"key":"jedi:hoardpotion"},{"floor":39.0,"key":"Elixir"},{"floor":41.0,"key":"jedi:mysterypotion"},{"floor":42.0,"key":"blueLaboratory:PhilterOfMotion"},{"floor":47.0,"key":"blueLaboratory:ExaltedPotion"},{"floor":56,"key":"SteroidPotion"},{"floor":56,"key":"SteroidPotion"},{"floor":56,"key":"Explosive Potion"},{"floor":56,"key":"blueLaboratory:LouseDecoction"},{"floor":57,"key":"Block Potion"}],"is_trial":false,"path_per_floor":["M","$","?","?","$","E","M","E","T","E","$","R","M","?","R_BF","B",null,"M","M","?","$","M","E","R","E","T","M","E","T","R","?","R_BF","B",null,"M","$","M","M","M","E","M","E","T","?","T","?","M","?","T","R_BF","B","B",null,"R","??","$","E","B",null],"character_chosen":"THE_ANIMATOR","items_purchased":["Replay:Wax Seal","animator:Viivi","Medical Kit","Dream Catcher","MerchantsRug","BargainBundle","aspiration:HatOfInfinitePower","Replay:Mystery Machine","CaptainsWheel","animator:Hoodie","animator:AcuraTooru","animator:Hitei","jedi:StrikingPotion","DataDisk","animator:ZankiKiguchi","animator:OldCoffin","Tiny Chest","Nunchaku","Guardian:PocketSentry","conspire:TreasureMap","TheAbacus","ReplayTheSpireMod:CursedCoin","hubris:FruitBowl","aspiration:Nostalgia"],"campfire_rested":2,"item_purchase_floors":[2,2,2,2,2,5,5,5,5,5,5,5,5,5,8,8,8,8,8,8,8,21,21,36],"current_hp_per_floor":[53,53,53,53,53,57,60,38,38,18,18,38,35,35,35,34,59,58,37,37,13,10,1,21,19,19,3,13,13,28,32,47,45,62,67,73,79,84,87,87,91,95,92,69,69,64,81,89,89,96,21,21,75,93,90,90,94,88],"gold":6016,"neow_bonus":"","is_daily":false,"chose_seed":false,"campfire_upgraded":2,"win_rate":0.0,"timestamp":1614085220,"path_taken":["M","$","?","?","?","E","?","E","T","E","$","R","M","?","R_BF","BOSS","M","M","?","?","M","E","R","E","T","M","E","?","R","?","R_BF","BOSS","M","$","?","M","M","E","M","E","T","?","?","?","?","?","?","R_BF","BOSS","BOSS","R","??","$","E","BOSS"],"items_purchased_type":["Relic","Card","Relic","Relic","Relic","Relic","Relic","Relic","Relic","Relic","Card","Card","Potion","Relic","Card","Relic","Relic","Relic","Relic","Relic","Relic","Relic","Relic","Relic"],"build_version":"2020-12-22","purchased_purges":2,"victory":true,"max_hp_per_floor":[60,60,60,60,60,64,67,67,67,67,67,67,67,67,67,67,67,68,68,68,68,68,65,66,66,66,66,70,70,70,70,67,67,67,72,78,79,84,87,87,91,95,92,92,92,92,99,96,96,96,93,93,93,93,90,90,94,94],"card_choices":[{"not_picked":["Wellcheers","Yin","FairyFestival"],"picked":"Singing Bowl","floor":1.0},{"not_picked":["animator:Demiurge","animator:Jibril"],"picked":"animator:Fredrika","floor":1.0},{"not_picked":["Wellcheers","MeatLantern","Murderer"],"picked":"Singing Bowl","floor":6.0},{"not_picked":["animator:Genos","animator:DolaRiku"],"picked":"animator:Layla","floor":6.0},{"not_picked":["CherryBlossoms","BigBadWolf","UniverseFragment"],"picked":"Singing Bowl","floor":7.0},{"not_picked":["RedShoes","FairyFestival"],"picked":"CENSORED","floor":7.0},{"not_picked":["animator:ChlammyZell","animator:Jibril","animator:Chung"],"picked":"SKIP","floor":7.0},{"not_picked":["WallGazer","VoidDream","QueenBee"],"picked":"Singing Bowl","floor":10.0},{"not_picked":["animator:RoryMercury","animator:Yoichi"],"picked":"animator:MumenRider","floor":12.0},{"not_picked":["LittleHelper","NakedNest"],"picked":"Woodsman","floor":13.0},{"not_picked":["animator:SilverFang","animator:Layla"],"picked":"animator:Demiurge","floor":13.0},{"not_picked":["animator:Eve","animator:Guren"],"picked":"animator:AcuraShin","floor":16.0},{"not_picked":["LittlePrince","SingingMachine","MeltingLove"],"picked":"Singing Bowl","floor":16.0},{"not_picked":["WallGazer","HeroicMonk"],"picked":"OSAHOGD","floor":16.0},{"not_picked":["DreamingCurrent","FairyFestival"],"picked":"BigBird","floor":18.0},{"not_picked":["animator:SakuraMatou","animator:DolaRiku+1"],"picked":"animator:ChaikaBohdan","floor":18.0},{"not_picked":["RedShoes","QueenBee","PunishingBird"],"picked":"Singing Bowl","floor":19.0},{"not_picked":["CrumblingArmor","Wellcheers"],"picked":"QueenOfHatred","floor":19.0},{"not_picked":["animator:Assassin","animator:Azekura","animator:Megumin+1"],"picked":"SKIP","floor":19.0},{"not_picked":["ShyLook","WallGazer","QueenBee"],"picked":"Singing Bowl","floor":22.0},{"not_picked":["animator:Hitei","animator:UneriGinkaku"],"picked":"animator:TsurugaMeisai","floor":22.0},{"not_picked":["GreedKing","MHz","Laetitia"],"picked":"Singing Bowl","floor":23.0},{"not_picked":["animator:Viivi","animator:MetalKnight"],"picked":"animator:ChaikaTrabant","floor":23.0},{"not_picked":["animator:FielNirvalen","animator:Fredrika"],"picked":"animator:Melzalgald","floor":24.0},{"not_picked":["WallGazer","UniverseFragment","FairyFestival"],"picked":"Singing Bowl","floor":25.0},{"not_picked":["animator:SilverFang","animator:Genos"],"picked":"animator:KrulTepes","floor":25.0},{"not_picked":["ResearcherNoteRelic","SkinProphecyRelic","HellTrainRelic"],"picked":"Singing Bowl","floor":27.0},{"not_picked":["GalaxyChild","HappyTeddy"],"picked":"LongBird","floor":27.0},{"not_picked":["LaLuna","Freischutz"],"picked":"DespairKnight","floor":27.0},{"not_picked":["animator:Elsword","animator:Berserker","animator:Rena+1"],"picked":"SKIP","floor":27.0},{"not_picked":["PunishingBird","ShyLook","CherryBlossoms"],"picked":"Singing Bowl","floor":28.0},{"not_picked":["animator:MumenRider","animator:Melzalgald"],"picked":"animator:SilverFang","floor":28.0},{"not_picked":["LaLuna","RedShoes","Funeral"],"picked":"Singing Bowl","floor":33.0},{"not_picked":["Alriune","Scarecrow","SingingMachine"],"picked":"Singing Bowl","floor":35.0},{"not_picked":["CherryBlossoms","SpiderBud"],"picked":"BlueStar","floor":35.0},{"not_picked":["animator:Nanami","animator:YaoHaDucy","animator:Assassin"],"picked":"animator:MetalKnight","floor":35.0},{"not_picked":["FairyFestival","QueenBee","BlackArmy"],"picked":"Singing Bowl","floor":37.0},{"not_picked":["animator:SilverFang","animator:ChaikaBohdan+1","animator:Konayuki"],"picked":"animator:Bozes+1","floor":37.0},{"not_picked":["GreedKing","VoidDream","Mercenary"],"picked":"Singing Bowl","floor":38.0},{"not_picked":["animator:Shichika","animator:RoryMercury","animator:Emonzaemon"],"picked":"animator:PandorasActor+1","floor":38.0},{"not_picked":["GalaxyChild","ShyLook","LaLuna"],"picked":"Singing Bowl","floor":39.0},{"not_picked":["animator:AcuraTooru","animator:Layla","animator:ChaikaTrabant"],"picked":"animator:Guy","floor":39.0},{"not_picked":["RedShoes","BigBird","CrumblingArmor"],"picked":"Singing Bowl","floor":40.0},{"not_picked":["animator:IzunaHatsuse+1","animator:Entoma","animator:SakuraMatou"],"picked":"animator:Geryuganshoop","floor":40.0},{"not_picked":["BlackSwan","Alriune","BodiesMountain"],"picked":"Singing Bowl","floor":41.0},{"not_picked":["animator:IzunaHatsuse","animator:ZankiKiguchi","animator:Jibril"],"picked":"animator:Guren","floor":41.0},{"not_picked":["Variant","Scarecrow","Alriune"],"picked":"Singing Bowl","floor":42.0},{"not_picked":["animator:ChlammyZell","animator:YaoHaDucy","animator:Tyuule"],"picked":"animator:Shalltear","floor":42.0},{"not_picked":["infinitespire:FinalStrike","infinitespire:Gouge"],"picked":"ReplayTheSpireMod:??????????????????????","floor":44.0},{"not_picked":["animator:MumenRider","animator:Tatsumaki","animator:SilverFang"],"picked":"animator:Sonic","floor":47.0},{"not_picked":["Alriune","NakedNest","BodiesMountain"],"picked":"Singing Bowl","floor":47.0},{"not_picked":[],"picked":"animator:Viivi","floor":56},{"not_picked":[],"picked":"animator:MisakiNakahara","floor":56},{"not_picked":[],"picked":"animator:TakanashiRikka","floor":56},{"not_picked":["Rudolta","MeltingLove","NothingThere"],"picked":"Singing Bowl","floor":56},{"not_picked":[],"picked":"animator:FielNirvalen","floor":56},{"not_picked":[],"picked":"animator:TsurugaMeisai","floor":56},{"not_picked":[],"picked":"animator:Laby","floor":56},{"not_picked":[],"picked":"animator:Chung","floor":56},{"not_picked":["WhiteNight","DespairKnight","SingingMachine"],"picked":"Singing Bowl","floor":57},{"not_picked":["animator:Shinoa+1","animator:Sonic","animator:Nanami"],"picked":"animator:AcuraShin","floor":57}],"player_experience":588912,"relics_obtained":[{"floor":1.0,"key":"LetterFromLob"},{"floor":6.0,"key":"Orichalcum"},{"floor":9.0,"key":"Replay:Baseball"},{"floor":10.0,"key":"PreservedInsect"},{"floor":14.0,"key":"ReplayTheSpireMod:Ring of Addiction"},{"floor":14.0,"key":"Potion Belt"},{"floor":14.0,"key":"hubris:EmptyBottle"},{"floor":14.0,"key":"Ring of Panic"},{"floor":23.0,"key":"Ornamental Fan"},{"floor":25.0,"key":"infinitespire:CheckeredPen"},{"floor":26.0,"key":"Eternal Feather"},{"floor":28.0,"key":"Bag of Marbles"},{"floor":29.0,"key":"aspiration:FetidBarrel"},{"floor":32.0,"key":"CCEMRelics:LatexGloves"},{"floor":38.0,"key":"AtMidnight"},{"floor":40.0,"key":"aspiration:TomeofQuesting"},{"floor":42.0,"key":"Replay:Bandana"},{"floor":45.0,"key":"MealTicket"},{"floor":49.0,"key":"animator:Buoy"},{"floor":56,"key":"Letter Opener"},{"floor":56,"key":"CCEMRelics:SpiritsEdge"},{"floor":56,"key":"CCEMRelics:ModularBuildingCube"},{"floor":56,"key":"Toy Ornithopter"},{"floor":56,"key":"Replay:PocketPolymizer"},{"floor":56,"key":"TwistedFunnel"},{"floor":56,"key":"wanderingMiniBosses:OtherGremlinHorn"},{"floor":57,"key":"Blood Vial"},{"floor":57,"key":"ReplayFunnel"}],"event_choices":[{"damage_healed":53.0,"max_hp_gain":0.0,"max_hp_loss":60.0,"gold_gain":0.0,"event_name":"betterThird:BetterShining","player_choice":"Embrace","floor":4.0,"gold_loss":1.0,"damage_taken":0.0},{"cards_removed":["Delirium"],"damage_healed":0.0,"max_hp_gain":0.0,"max_hp_loss":0.0,"gold_gain":0.0,"event_name":"The Cleric","player_choice":"Card Removal","floor":15.0,"gold_loss":75.0,"damage_taken":0.0},{"damage_healed":0.0,"max_hp_gain":0.0,"max_hp_loss":0.0,"gold_gain":0.0,"event_name":"conspire:Investor","player_choice":"Leave","floor":46.0,"gold_loss":0.0,"damage_taken":0.0}],"is_beta":false,"boss_relics":[{"not_picked":["Calling Bell","conspire:SpecialSausage"],"picked":"aspiration:RandomNobGenerator"},{"not_picked":["CCEMRelics:ReaperScythe","hubris:VirtuousBlindfold"],"picked":"Honey Jar"}],"items_purged_floors":[5,21],"is_endless":false,"potions_floor_spawned":[7,8,10,13,16,19,22,25,27,33,39,41,42,47,57],"ascension_level":20}}