{"host":"bg8va46pgqgvtzim","time":1614097567,"event":{"mods":["BaseMod","Minty Spire (QoL Compilation)","Quick Restart","StSLib","SuperFastMode"],"gold_per_floor":[117,128,143,67,85,103,178,178,213,213,223,250,262,304,266,278,290,327,359,371,383,418,430,442,577,589,616,648,660,686,719,202,226,42,42,82,181,205,257,284,322,322,322,348,363,374,374,391,391,391,486,486,503,503,520,537,537,556,656,670,670,698,710,735,758,786,802,385,411,423,437,437,449,498,498,498,498,498,498,42,71,71],"floor_reached":83,"language":"ZHS","playtime":3217,"items_purged":["Strike_P","Strike_P","Strike_P+1","Strike_P+1"],"score":1820,"play_id":"0684cba7-177e-4071-b3fa-43cfb7bec37f","local_time":"20210224002607","is_ascension_mode":true,"campfire_choices":[{"data":"CrushJoints","floor":8.0,"key":"SMITH"},{"data":"FlurryOfBlows","floor":10.0,"key":"SMITH"},{"data":"Prostrate","floor":16.0,"key":"SMITH"},{"data":"Devotion","floor":23.0,"key":"SMITH"},{"data":"Meditate","floor":24.0,"key":"SMITH"},{"floor":35.0,"key":"REST"},{"floor":42,"key":"REST"},{"floor":49,"key":"REST"},{"data":"1","floor":50,"key":"LIFT"},{"data":"2","floor":61,"key":"LIFT"},{"data":"3","floor":72,"key":"LIFT"},{"floor":75,"key":"RECALL"},{"floor":76,"key":"REST"},{"floor":79,"key":"REST"}],"circlet_count":0,"master_deck":["Defend_P+1","Defend_P+1","Defend_P+1","Eruption+1","Vigilance+1","CrushJoints+1","Prostrate+1","Brilliance+1","Perseverance+1","FlurryOfBlows+1","Devotion+1","InnerPeace+1","Prostrate+1","Adaptation+1","Meditate+1","DeusExMachina+1","LessonLearned+1","Purity+1","ClearTheMind+1","Establishment+1","Scrawl+1","SpiritShield+1","Flash of Steel+1","Master of Strategy","Impatience+1","EmptyMind+1","Study+1","Pray+1","DevaForm+1","Blade Dance+1","Finesse","Seeing Red+1"],"relics":["HolyWater","Eternal Feather","MawBank","Lantern","Bag of Marbles","Art of War","Bloody Idol","OrangePellets","Girya","Dream Catcher","Omamori","Oddly Smooth Stone","Gremlin Horn","InkBottle","Fusion Hammer","Boot","Toy Ornithopter","Vajra","Ornamental Fan","PrismaticShard","Bag of Preparation","Pocketwatch","Shuriken","Happy Flower"],"acts_visited":["Exordium","TheCity","TheBeyond","TheEnding"],"potions_floor_usage":[41,46,74,82,82],"damage_taken":[{"damage":0.0,"enemies":"Jaw Worm","floor":1.0,"turns":5.0},{"damage":0.0,"enemies":"2 Louse","floor":2.0,"turns":2.0},{"damage":2.0,"enemies":"Small Slimes","floor":3.0,"turns":4.0},{"damage":2.0,"enemies":"Looter","floor":5.0,"turns":2.0},{"damage":9.0,"enemies":"Exordium Thugs","floor":6.0,"turns":7.0},{"damage":0.0,"enemies":"Gremlin Nob","floor":9.0,"turns":2.0},{"damage":0.0,"enemies":"Large Slime","floor":11.0,"turns":4.0},{"damage":0.0,"enemies":"3 Sentries","floor":14.0,"turns":3.0},{"damage":0.0,"enemies":"Gremlin Nob","floor":18.0,"turns":2.0},{"damage":0.0,"enemies":"Blue Slaver","floor":19.0,"turns":2.0},{"damage":0.0,"enemies":"3 Louse","floor":22.0,"turns":2.0},{"damage":2.0,"enemies":"The Guardian","floor":25.0,"turns":5.0},{"damage":0.0,"enemies":"Shell Parasite","floor":27.0,"turns":4.0},{"damage":0.0,"enemies":"Spheric Guardian","floor":28.0,"turns":3.0},{"damage":6.0,"enemies":"Snecko","floor":30.0,"turns":5.0},{"damage":20.0,"enemies":"Centurion and Healer","floor":31.0,"turns":4.0},{"damage":20.0,"enemies":"Snake Plant","floor":33.0,"turns":4.0},{"damage":32.0,"enemies":"Book of Stabbing","floor":36.0,"turns":5.0},{"damage":3.0,"enemies":"Cultist and Chosen","floor":38.0,"turns":5.0},{"damage":16,"enemies":"Gremlin Leader","floor":41,"turns":4},{"damage":39,"enemies":"Slavers","floor":44,"turns":4},{"damage":0,"enemies":"Snecko","floor":45,"turns":5},{"damage":3,"enemies":"3 Cultists","floor":46,"turns":4},{"damage":5,"enemies":"Sentry and Sphere","floor":48,"turns":3},{"damage":0,"enemies":"Automaton","floor":51,"turns":4},{"damage":24,"enemies":"Orb Walker","floor":53,"turns":4},{"damage":0,"enemies":"3 Shapes","floor":55,"turns":1},{"damage":0,"enemies":"Spire Growth","floor":56,"turns":4},{"damage":0,"enemies":"Maw","floor":58,"turns":4},{"damage":0,"enemies":"Transient","floor":60,"turns":5},{"damage":29,"enemies":"Reptomancer","floor":62,"turns":3},{"damage":0,"enemies":"4 Shapes","floor":63,"turns":2},{"damage":13,"enemies":"Giant Head","floor":66,"turns":3},{"damage":0,"enemies":"Maw","floor":67,"turns":3},{"damage":0,"enemies":"Nemesis","floor":69,"turns":3},{"damage":0,"enemies":"Transient","floor":70,"turns":4},{"damage":2,"enemies":"Writhing Mass","floor":71,"turns":3},{"damage":0,"enemies":"Jaw Worm Horde","floor":73,"turns":2},{"damage":7,"enemies":"2 Orb Walkers","floor":74,"turns":3},{"damage":0,"enemies":"Donu and Deca","floor":77,"turns":2},{"damage":0,"enemies":"Shield and Spear","floor":81,"turns":2},{"damage":11,"enemies":"The Heart","floor":82,"turns":4}],"seed_played":"3709338485101918623","potions_obtained":[{"floor":1.0,"key":"Energy Potion"},{"floor":5.0,"key":"Explosive Potion"},{"floor":18.0,"key":"EssenceOfSteel"},{"floor":22.0,"key":"DistilledChaos"},{"floor":31.0,"key":"Dexterity Potion"},{"floor":33.0,"key":"CultistPotion"},{"floor":36.0,"key":"LiquidMemories"},{"floor":44,"key":"BottledMiracle"},{"floor":45,"key":"BlessingOfTheForge"},{"floor":58,"key":"SkillPotion"},{"floor":60,"key":"CultistPotion"},{"floor":63,"key":"DuplicationPotion"},{"floor":67,"key":"PowerPotion"},{"floor":70,"key":"DistilledChaos"}],"is_trial":false,"path_per_floor":["M","M","M","$","M","M","?","R","E","R","M","T","T","E","?","R","?","E","M","?","$","M","R","R","B",null,"M","M","?","M","M","$","M","$","R","E","?","M","T","T","E","R","?","E","M","M","?","M","R","R","B",null,"M","?","M","M","?","M","?","M","R","E","M","T","T","E","M","$","E","M","M","R","M","?","R","R","B",null,"R","$","E","B",null],"character_chosen":"WATCHER","items_purchased":["Brilliance","OrangePellets","Girya","Purity","PrismaticShard","DevaForm","Shuriken","Strength Potion"],"campfire_rested":5,"item_purchase_floors":[4,32,32,34,68,68,80,80],"current_hp_per_floor":[72,72,70,70,68,59,48,48,48,57,57,57,57,57,57,66,63,63,63,45,45,45,54,63,61,72,72,72,72,66,46,46,26,26,59,27,27,24,24,24,8,41,41,7,12,14,14,14,47,59,64,72,53,43,48,53,53,58,63,68,68,44,49,54,59,51,56,56,61,66,68,68,68,66,68,68,68,68,68,68,68,57],"gold":71,"neow_bonus":"UPGRADE_CARD","is_daily":false,"chose_seed":false,"campfire_upgraded":5,"win_rate":0.0,"timestamp":1614097567,"path_taken":["M","M","M","$","M","M","?","R","E","R","M","T","T","E","?","R","?","E","M","?","$","M","R","R","BOSS","M","M","?","M","M","$","M","?","R","E","?","M","T","T","E","R","?","E","?","M","?","M","R","R","BOSS","M","?","M","M","?","M","?","M","R","E","M","T","T","E","M","$","E","M","?","R","M","?","R","R","BOSS","R","$","E","BOSS"],"items_purchased_type":["Card","Relic","Relic","Card","Relic","Card","Relic","Potion"],"build_version":"2020-12-22","purchased_purges":4,"victory":true,"max_hp_per_floor":[72,72,72,72,72,72,72,72,72,72,72,72,72,72,72,72,72,72,72,72,72,72,72,72,72,72,72,72,72,72,72,72,72,72,72,72,72,72,72,72,72,72,72,72,72,72,72,72,72,72,72,72,72,72,72,72,68,68,68,68,68,68,68,68,68,68,68,68,68,68,68,68,68,68,68,68,68,68,68,68,68,68],"card_choices":[{"not_picked":["FearNoEvil","FlyingSleeves"],"picked":"CrushJoints","floor":1.0},{"not_picked":["Crescendo","PathToVictory","EmptyFist"],"picked":"SKIP","floor":2.0},{"not_picked":["ClearTheMind","FlyingSleeves"],"picked":"Prostrate","floor":3.0},{"not_picked":["Study","FlyingSleeves"],"picked":"Perseverance","floor":5.0},{"not_picked":["ThirdEye","Evaluate"],"picked":"FlurryOfBlows","floor":6.0},{"not_picked":["FlyingSleeves","SignatureMove"],"picked":"Devotion","floor":9.0},{"not_picked":["Nirvana","SashWhip","WindmillStrike"],"picked":"SKIP","floor":11.0},{"not_picked":["Protect","JustLucky"],"picked":"InnerPeace","floor":14.0},{"not_picked":["FearNoEvil","SashWhip"],"picked":"Prostrate","floor":18.0},{"not_picked":["EmptyFist","WaveOfTheHand"],"picked":"Adaptation","floor":19.0},{"not_picked":["WreathOfFlame","Protect"],"picked":"Meditate","floor":22.0},{"not_picked":["ConjureBlade","Omniscience"],"picked":"DeusExMachina","floor":25.0},{"not_picked":["FlurryOfBlows+1","WreathOfFlame","ReachHeaven+1"],"picked":"SKIP","floor":27.0},{"not_picked":["SashWhip+1","FollowUp","Consecrate"],"picked":"SKIP","floor":28.0},{"not_picked":["SashWhip","Nirvana+1","Consecrate"],"picked":"SKIP","floor":30.0},{"not_picked":["EmptyBody+1","Prostrate"],"picked":"LessonLearned","floor":31.0},{"not_picked":["Swivel","FollowUp","BowlingBash"],"picked":"SKIP","floor":33.0},{"not_picked":["LessonLearned","FollowUp","Blasphemy"],"picked":"SKIP","floor":36.0},{"not_picked":["SashWhip","ThirdEye","EmptyBody"],"picked":"SKIP","floor":38.0},{"not_picked":["Conclude","EmptyBody","Evaluate"],"picked":"SKIP","floor":41},{"not_picked":["JustLucky","ThirdEye+1"],"picked":"ClearTheMind+1","floor":44},{"not_picked":["EmptyFist","JustLucky"],"picked":"Establishment","floor":45},{"not_picked":["Perseverance+1","ThirdEye","ClearTheMind"],"picked":"SKIP","floor":46},{"not_picked":["FollowUp","Halt","EmptyBody"],"picked":"SKIP","floor":48},{"not_picked":["Halt","PathToVictory"],"picked":"Scrawl","floor":49},{"not_picked":["Wish","ConjureBlade"],"picked":"SpiritShield","floor":51},{"not_picked":["Protect+1","CutThroughFate","EmptyBody+1"],"picked":"SKIP","floor":53},{"not_picked":["Panache","Metamorphosis"],"picked":"Flash of Steel","floor":54},{"not_picked":["Secret Weapon","PanicButton"],"picked":"Master of Strategy","floor":54},{"not_picked":["Discovery","Jack Of All Trades"],"picked":"Impatience","floor":54},{"not_picked":["Worship","EmptyFist+1","SashWhip"],"picked":"SKIP","floor":55},{"not_picked":["Conclude+1","Indignation","SashWhip+1"],"picked":"SKIP","floor":56},{"not_picked":["FlyingSleeves","Consecrate"],"picked":"EmptyMind","floor":58},{"not_picked":["Halt+1","BowlingBash+1","SignatureMove"],"picked":"SKIP","floor":60},{"not_picked":["InnerPeace+1","WreathOfFlame"],"picked":"Study","floor":62},{"not_picked":["PathToVictory+1","ThirdEye+1","Halt"],"picked":"SKIP","floor":63},{"not_picked":["InnerPeace+1","EmptyFist+1","Evaluate+1"],"picked":"SKIP","floor":66},{"not_picked":["Halt+1","Protect+1"],"picked":"Pray","floor":67},{"not_picked":["Wireheading","Tools of the Trade","Metamorphosis"],"picked":"SKIP","floor":69},{"not_picked":["Leap+1","Steam Power+1","Quick Slash+1"],"picked":"SKIP","floor":70},{"not_picked":["BootSequence+1","Wild Strike","CutThroughFate+1"],"picked":"SKIP","floor":71},{"not_picked":["Glacier","Fiend Fire","Redo"],"picked":"SKIP","floor":73},{"not_picked":["Deadly Poison+1","Go for the Eyes+1"],"picked":"Blade Dance+1","floor":76},{"not_picked":["Steam","EmptyFist"],"picked":"Finesse","floor":79},{"not_picked":["Barrage","Study+1"],"picked":"Seeing Red+1","floor":81}],"player_experience":2523210,"relics_obtained":[{"floor":9.0,"key":"Eternal Feather"},{"floor":12.0,"key":"MawBank"},{"floor":14.0,"key":"Lantern"},{"floor":18.0,"key":"Art of War"},{"floor":36.0,"key":"Dream Catcher"},{"floor":39.0,"key":"Omamori"},{"floor":40.0,"key":"Oddly Smooth Stone"},{"floor":41,"key":"Gremlin Horn"},{"floor":44,"key":"InkBottle"},{"floor":62,"key":"Boot"},{"floor":64,"key":"Toy Ornithopter"},{"floor":65,"key":"Vajra"},{"floor":66,"key":"Ornamental Fan"},{"floor":69,"key":"Bag of Preparation"},{"floor":74,"key":"Pocketwatch"},{"floor":81,"key":"Happy Flower"}],"event_choices":[{"damage_healed":0.0,"max_hp_gain":0.0,"max_hp_loss":0.0,"gold_gain":75.0,"event_name":"World of Goop","player_choice":"Gather Gold","floor":7.0,"gold_loss":0.0,"damage_taken":11.0},{"cards_removed":["Defend_P"],"damage_healed":0.0,"max_hp_gain":0.0,"max_hp_loss":0.0,"gold_gain":0.0,"event_name":"The Cleric","player_choice":"Card Removal","floor":15.0,"gold_loss":50.0,"damage_taken":0.0},{"damage_healed":0.0,"max_hp_gain":0.0,"max_hp_loss":0.0,"gold_gain":0.0,"event_name":"Scrap Ooze","player_choice":"Success","floor":17.0,"gold_loss":0.0,"damage_taken":3.0,"relics_obtained":["Bag of Marbles"]},{"damage_healed":0.0,"max_hp_gain":0.0,"max_hp_loss":0.0,"gold_gain":0.0,"event_name":"Golden Idol","player_choice":"Take Damage","floor":20.0,"gold_loss":0.0,"damage_taken":18.0,"relics_obtained":["Golden Idol"]},{"damage_healed":0.0,"max_hp_gain":0.0,"max_hp_loss":0.0,"gold_gain":0.0,"event_name":"Accursed Blacksmith","player_choice":"Forge","floor":29.0,"gold_loss":0.0,"damage_taken":0.0,"cards_upgraded":["Prostrate"]},{"damage_healed":0.0,"max_hp_gain":0.0,"max_hp_loss":0.0,"gold_gain":99.0,"event_name":"Nest","player_choice":"Stole From Cult","floor":37.0,"gold_loss":0.0,"damage_taken":0.0},{"damage_healed":0,"gold_gain":0,"player_choice":"Gave Idol","damage_taken":0,"relics_obtained":["Bloody Idol"],"max_hp_gain":0,"max_hp_loss":0,"event_name":"Forgotten Altar","floor":43,"relics_lost":["Golden Idol"],"gold_loss":0},{"damage_healed":0,"gold_gain":0,"player_choice":"Ignored","damage_taken":0,"max_hp_gain":0,"max_hp_loss":0,"event_name":"Ghosts","floor":47,"gold_loss":0},{"damage_healed":0,"gold_gain":0,"player_choice":"Memory 3","damage_taken":10,"max_hp_gain":0,"max_hp_loss":0,"event_name":"SensoryStone","floor":54,"gold_loss":0},{"damage_healed":0,"gold_gain":0,"player_choice":"Max HP","damage_taken":0,"max_hp_gain":0,"max_hp_loss":4,"event_name":"Winding Halls","floor":57,"gold_loss":0},{"damage_healed":0,"gold_gain":100,"player_choice":"Pray","damage_taken":0,"max_hp_gain":0,"max_hp_loss":0,"event_name":"Golden Shrine","floor":59,"gold_loss":0},{"damage_healed":0,"gold_gain":0,"player_choice":"Fight","damage_taken":0,"max_hp_gain":0,"max_hp_loss":0,"event_name":"Mysterious Sphere","floor":74,"gold_loss":0}],"is_beta":false,"boss_relics":[{"not_picked":["Runic Pyramid","Coffee Dripper"],"picked":"HolyWater"},{"not_picked":["Tiny House","Cursed Key"],"picked":"Fusion Hammer"}],"items_purged_floors":[32,34,68,80],"is_endless":false,"potions_floor_spawned":[1,5,18,22,27,31,33,36,44,45,58,60,63,67,70,71],"ascension_level":1}}