{"host":"7vlopc64487frs6y","time":1614080935,"event":{"mods":["Aspiration","BaseMod","BetterRewards","Colored Map","Decade(Õı–°√˜)","Downfall","Good Game Mod","Highlight Path","Minty Spire (QoL Compilation)","Quick Restart","Reimu£®≤©¿ˆ¡È√Œ£©","Remilia£®¿Ÿ√◊¿Ú—«£©","Replay The Spire","Shop Mod","StSLib","TestMod","Unceasing Turn Reminder","Youmu£®ªÍ∆«—˝√Œ£©"],"gold_per_floor":[114,189,55,105,123,152,163,180,180,180,206,225,225,257,257,331,431,444,419,430,430,442,476,494,526,526,555,575,315,335,48,48,122,122,132,149,149,160,160,193,207,235,235,235,635,485,515,534,534,534,534,534,534,534,560,560],"floor_reached":57,"language":"ZHS","playtime":3555,"items_purged":["Strike_R","Strike_R","Strike_R","Strike_R"],"score":2998,"play_id":"dd55ffc2-6097-4b03-8924-7ecdf1b94263","local_time":"20210223194855","is_ascension_mode":true,"campfire_choices":[{"data":"Body Slam","floor":13.0,"key":"SMITH"},{"data":"True Grit","floor":15.0,"key":"SMITH"},{"floor":32.0,"key":"DIG"},{"data":"Entrench","floor":44.0,"key":"SMITH"},{"floor":49.0,"key":"RECALL"},{"data":"Power Through","floor":53.0,"key":"SMITH"}],"circlet_count":0,"master_deck":["AscendersBane","Strike_R","Defend_R","Defend_R","Defend_R","Defend_R","Bash","bronze:Return","Flame Barrier","True Grit+1","Body Slam+1","Entrench+1","Barricade+1","Power Through+1","ReplayTheSpireMod:Muscle Training","Berserk+1","Shrug It Off","Offering","Second Wind","Pommel Strike+1","Juggernaut","Parasite","Shrug It Off"],"relics":["Black Blood","testmod-TestBox","REME:ComplimentaryCards","testmod-BouquetWithThorns","testmod-ArcanaOfDestiny","Vajra","testmod-EqualTreatment","Replay:Rubber Ducky","Replay:Wanted Poster","aspiration:HiddenCompartment","Pen Nib","Question Card","Medical Kit","Guide Book","King of Hearts","Nunchaku","Quantum Egg","MealTicket","Pear","Replay:Baseball"],"acts_visited":["Exordium","TheCity","TheBeyond","TheEnding"],"potions_floor_usage":[56],"damage_taken":[{"damage":0.0,"enemies":"2 Louse","floor":1.0,"turns":1.0},{"damage":0.0,"enemies":"Small Slimes","floor":5.0,"turns":1.0},{"damage":0.0,"enemies":"Gremlin Nob","floor":6.0,"turns":1.0},{"damage":1.0,"enemies":"Cultist","floor":7.0,"turns":4.0},{"damage":11.0,"enemies":"2 Fungi Beasts","floor":8.0,"turns":3.0},{"damage":30.0,"enemies":"3 Sentries","floor":11.0,"turns":7.0},{"damage":11.0,"enemies":"Exordium Thugs","floor":12.0,"turns":4.0},{"damage":7.0,"enemies":"Lagavulin","floor":14.0,"turns":6.0},{"damage":11.0,"enemies":"Hexaghost","floor":16.0,"turns":9.0},{"damage":9.0,"enemies":"Spheric Guardian","floor":18.0,"turns":8.0},{"damage":3.0,"enemies":"2 Thieves","floor":19.0,"turns":4.0},{"damage":53.0,"enemies":"Cultist and Chosen","floor":20.0,"turns":8.0},{"damage":0.0,"enemies":"Shelled Parasite and Fungi","floor":22.0,"turns":4.0},{"damage":1.0,"enemies":"Slavers","floor":23.0,"turns":5.0},{"damage":1.0,"enemies":"Snake Plant","floor":24.0,"turns":3.0},{"damage":2.0,"enemies":"Gremlin Leader","floor":25.0,"turns":7.0},{"damage":3.0,"enemies":"Slavers","floor":27.0,"turns":4.0},{"damage":28.0,"enemies":"Snecko","floor":28.0,"turns":8.0},{"damage":1.0,"enemies":"Chosen and Byrds","floor":30.0,"turns":7.0},{"damage":2.0,"enemies":"Automaton","floor":33.0,"turns":9.0},{"damage":33.0,"enemies":"3 Shapes","floor":35.0,"turns":6.0},{"damage":6.0,"enemies":"Orb Walker","floor":36.0,"turns":5.0},{"damage":24.0,"enemies":"Spire Growth","floor":38.0,"turns":5.0},{"damage":17.0,"enemies":"Nemesis","floor":40.0,"turns":5.0},{"damage":6.0,"enemies":"Writhing Mass","floor":41.0,"turns":4.0},{"damage":6.0,"enemies":"Reptomancer","floor":42.0,"turns":6.0},{"damage":6.0,"enemies":"R_Hoarder","floor":47.0,"turns":6.0},{"damage":9.0,"enemies":"Jaw Worm Horde","floor":48.0,"turns":3.0},{"damage":19.0,"enemies":"Replay:Hell Engine","floor":50.0,"turns":5.0},{"damage":6.0,"enemies":"Donu and Deca","floor":51.0,"turns":7.0},{"damage":48.0,"enemies":"Shield and Spear","floor":55.0,"turns":5.0},{"damage":6,"enemies":"The Heart","floor":56,"turns":9}],"seed_played":"-4852852963699878461","potions_obtained":[{"floor":1.0,"key":"Energy Potion"},{"floor":5.0,"key":"Reflective Coating"},{"floor":16.0,"key":"Doom Potion"},{"floor":23.0,"key":"Fire Potion"},{"floor":28.0,"key":"Fire Potion"},{"floor":47.0,"key":"PowerPotion"}],"is_trial":false,"path_per_floor":["M","?","$","?","M","E","M","M","T","?","E","M","R","E","R","B",null,"M","M","M","?","M","E","M","E","T","E","M","$","M","$","R_BF","B",null,"M","M","?","M","$","E","M","E","T","R","?","$","E","M","R","B","B",null,"R","$","E","B",null],"character_chosen":"IRONCLAD","items_purchased":["True Grit","Medical Kit","Guide Book"],"campfire_rested":0,"item_purchase_floors":[3,29,31],"current_hp_per_floor":[74,63,63,56,62,68,73,68,68,64,40,35,35,34,34,29,64,61,64,17,17,23,28,33,37,37,40,18,18,23,23,23,27,63,42,48,48,36,36,31,37,43,43,43,43,58,80,83,83,76,82,84,84,85,49,55],"gold":560,"neow_bonus":"THREE_ENEMY_KILL","is_daily":false,"chose_seed":false,"campfire_upgraded":4,"win_rate":0.0,"timestamp":1614080935,"path_taken":["M","?","$","?","M","E","?","M","T","?","E","M","R","E","R","BOSS","M","M","M","?","M","E","M","E","T","E","M","$","?","$","R_BF","BOSS","M","M","?","M","$","E","M","E","T","R","?","?","E","M","R","BOSS","BOSS","R","$","E","BOSS"],"items_purchased_type":["Card","Relic","Relic"],"build_version":"2020-12-22","purchased_purges":4,"victory":true,"max_hp_per_floor":[75,75,75,75,75,75,75,75,75,75,75,75,75,75,75,75,75,75,75,75,75,75,75,75,75,75,75,75,75,75,75,75,75,75,75,75,75,75,75,75,75,75,75,75,75,75,85,85,85,85,85,85,85,85,85,85],"card_choices":[{"not_picked":["Clash","Cleave"],"picked":"Flame Barrier","floor":1.0},{"not_picked":["Perfected Strike","Wild Strike","ReplayTheSpireMod:Strike From Hell"],"picked":"SKIP","floor":5.0},{"not_picked":["Sword Boomerang","True Grit","Life Link"],"picked":"SKIP","floor":6.0},{"not_picked":["Perfected Strike","True Grit","Abandon"],"picked":"SKIP","floor":7.0},{"not_picked":["Warcry","Run Through"],"picked":"Body Slam","floor":8.0},{"not_picked":["Perfected Strike","Replay:Many Hands","Thunderclap"],"picked":"SKIP","floor":11.0},{"not_picked":["Headbutt","Havoc","Clothesline"],"picked":"SKIP","floor":12.0},{"not_picked":["Replay:Undeath\u0027s Touch","Inflame"],"picked":"Entrench","floor":14.0},{"not_picked":["Offering","Limit Break"],"picked":"Barricade","floor":16.0},{"not_picked":["Havoc","Run Through","Bloodletting"],"picked":"SKIP","floor":18.0},{"not_picked":["Ghostly Armor","Armaments+1"],"picked":"Power Through","floor":19.0},{"not_picked":["Replay:Undeath\u0027s Touch","Shrug It Off","Dual Wield"],"picked":"SKIP","floor":20.0},{"not_picked":["ReplayTheSpireMod:Strike From Hell","Headbutt"],"picked":"ReplayTheSpireMod:Muscle Training","floor":22.0},{"not_picked":["Clash","Carnage","Demonic Infusion"],"picked":"SKIP","floor":23.0},{"not_picked":["Entrench","Shockwave","Sever Soul"],"picked":"SKIP","floor":24.0},{"not_picked":["Bloodletting","Thunderclap","Anger"],"picked":"SKIP","floor":25.0},{"not_picked":["ReplayTheSpireMod:Strike From Hell","Rage"],"picked":"Berserk","floor":27.0},{"not_picked":["Sword Boomerang+1","Heavy Blade","ReplayTheSpireMod:Strike From Hell"],"picked":"Shrug It Off","floor":28.0},{"not_picked":["Shrug It Off","Cleave","Thunderclap","Massacre+1"],"picked":"SKIP","floor":30.0},{"not_picked":["Hemogenesis","Demon Form","Brutality"],"picked":"Offering","floor":33.0},{"not_picked":["ReplayTheSpireMod:Limb From Limb+1","Thunderclap","Abandon"],"picked":"Second Wind","floor":35.0},{"not_picked":["Dropkick","Wild Strike","ReplayTheSpireMod:Corrosion Curse"],"picked":"Pommel Strike+1","floor":36.0},{"not_picked":["Thunderclap","Armaments","Cleave","Flex+1"],"picked":"SKIP","floor":38.0},{"not_picked":["Sever Soul","Blood for Blood+1","Bloodletting"],"picked":"Juggernaut","floor":40.0},{"not_picked":["Clothesline","ReplayTheSpireMod:LeadingStrike","Pummel+1","Metallicize"],"picked":"SKIP","floor":41.0},{"not_picked":["ReplayReversal+1","Sever Soul+1","Armaments","Battle Trance"],"picked":"SKIP","floor":42.0},{"not_picked":["Sword Boomerang","Carnage+1","Perfected Strike+1","Flex"],"picked":"SKIP","floor":47.0},{"not_picked":["Wild Strike","Shrug It Off","Anger","Pummel"],"picked":"SKIP","floor":48.0},{"not_picked":["Twin Strike","Blood for Blood+1","Wild Strike"],"picked":"Shrug It Off","floor":55.0}],"player_experience":776049,"relics_obtained":[{"floor":6.0,"key":"testmod-ArcanaOfDestiny"},{"floor":9.0,"key":"Vajra"},{"floor":11.0,"key":"testmod-EqualTreatment"},{"floor":14.0,"key":"Replay:Rubber Ducky"},{"floor":23.0,"key":"aspiration:HiddenCompartment"},{"floor":25.0,"key":"Pen Nib"},{"floor":27.0,"key":"Question Card"},{"floor":32.0,"key":"King of Hearts"},{"floor":40.0,"key":"Nunchaku"},{"floor":42.0,"key":"Quantum Egg"},{"floor":43.0,"key":"MealTicket"},{"floor":47.0,"key":"Pear"},{"floor":55.0,"key":"Replay:Baseball"}],"event_choices":[{"damage_healed":0.0,"max_hp_gain":0.0,"max_hp_loss":0.0,"gold_gain":75.0,"event_name":"World of Goop","player_choice":"Gather Gold","floor":2.0,"gold_loss":0.0,"damage_taken":11.0},{"damage_healed":0.0,"max_hp_gain":0.0,"max_hp_loss":0.0,"gold_gain":50.0,"event_name":"FaceTrader","player_choice":"Touch","floor":4.0,"gold_loss":0.0,"damage_taken":7.0},{"damage_healed":0.0,"max_hp_gain":0.0,"max_hp_loss":0.0,"gold_gain":0.0,"event_name":"The Woman in Blue","player_choice":"Bought 0 Potions","floor":10.0,"gold_loss":0.0,"damage_taken":0.0},{"damage_healed":0.0,"max_hp_gain":0.0,"max_hp_loss":0.0,"gold_gain":0.0,"event_name":"Match and Keep!","player_choice":"0 cards matched","floor":21.0,"gold_loss":0.0,"damage_taken":0.0,"cards_obtained":[]},{"damage_healed":0.0,"max_hp_gain":0.0,"max_hp_loss":0.0,"gold_gain":400.0,"event_name":"∂˜¬ÂÀπµƒ≈Ã◊”","player_choice":"Sell","floor":45.0,"relics_lost":["NeowsBlessing"],"gold_loss":0.0,"damage_taken":0.0}],"is_beta":false,"boss_relics":[{"not_picked":["testmod-GoldenSoul","testmod-NegativeEmotionEnhancer"],"picked":"Replay:Wanted Poster"},{"not_picked":["SacredBark","aspiration:FutureDiary"],"picked":"Black Blood"}],"items_purged_floors":[3,29,31,46],"is_endless":false,"potions_floor_spawned":[1,5,8,16,18,22,23,28,33,35,42,47],"ascension_level":20}}