{"host":"dj20jyxj5yo6mk8a","time":1614119180,"event":{"mods":["AchievementEnabler","BaseMod","BetterRewards","Card Forge","Minty Spire (QoL Compilation)","Replay The Spire","StSLib"],"gold_per_floor":[114,128,128,139,159,191,204,274,274,286,286,324,324,324,324,454,454,470,490,510,528,542,573,573,614,664,664,684,705,748,773,773,901,901,915,915,976,995,995,1035,1055,1099,1099,1099,1099,1143,1166,868,868,868],"floor_reached":51,"language":"ENG","playtime":3707,"items_purged":[],"score":1058,"play_id":"caea1297-9b0e-4bfe-b5c1-b6beeb01a732","local_time":"20210223192620","is_ascension_mode":true,"campfire_choices":[{"floor":13,"key":"RECALL"},{"floor":15,"key":"REST"},{"floor":24,"key":"REST"},{"floor":32,"key":"REST"},{"floor":44,"key":"REST"},{"floor":49,"key":"REST"}],"circlet_count":0,"master_deck":["Zap+1","Dualcast+1","LiveForever+1","Dramatic Entrance+1","Discovery+1","Dark Shackles+1","Dark Echo+1","BecomeAlmighty+1","BecomeAlmighty+1","Dark Echo+1","Dark Shackles+1","Discovery+1","Dramatic Entrance+1","Good Instincts+1","LiveForever+1","Panache+1","RitualDagger+1","Sadistic Nature+1","Beam Cell+1","Melter+1","Redo+1","Go for the Eyes+1","Cold Snap+1","Gash+1","All For One+1","Chill+1","ReplaySolidLightProjector+1","BasicCrystalCard+1","Cold Snap+1","Fusion+1","Machine Learning+1","Doom and Gloom+1","Leap+1","Time Bomb+1","Double Energy+1","FIFO Queue+1","Go for the Eyes+1","Chaos+1","Beam Cell+1","Reprogram+1","Lockon+1","Steam+1","Steam+1","BootSequence+1","Steam+1","Genetic Algorithm+1","Sweeping Beam+1","Lockon+1","Cold Snap+1","Go for the Eyes+1","Compile Driver+1","Barrage+1","Trip+1","ReplaySort+1"],"relics":["Hammer of Thor","Seething Fire","Anvil of the Gods","Honey Jar","Replay:PocketPolymizer","Golden Idol","FossilizedHelix","Pandora\u0027s Box","Onion Ring","Replay:Bottled Eggs","Lantern","ReplayTheSpireMod:TigerMarble","Juzu Bracelet","Ring of Chaos","Replay:Arrowhead","Eternal Feather","Regal Pillow","Mirror","Geode","Strange Spoon"],"acts_visited":["Exordium","TheCity","TheBeyond"],"potions_floor_usage":[],"damage_taken":[{"damage":0,"enemies":"Cultist","floor":1,"turns":2},{"damage":3,"enemies":"Jaw Worm","floor":2,"turns":2},{"damage":0,"enemies":"Small Slimes","floor":4,"turns":1},{"damage":0,"enemies":"Looter","floor":5,"turns":1},{"damage":0,"enemies":"Lagavulin","floor":6,"turns":2},{"damage":0,"enemies":"2 Fungi Beasts","floor":7,"turns":1},{"damage":0,"enemies":"Large Slime","floor":10,"turns":1},{"damage":3,"enemies":"Gremlin Nob","floor":12,"turns":3},{"damage":0,"enemies":"Hexaghost","floor":16,"turns":4},{"damage":0,"enemies":"3 Byrds","floor":18,"turns":1},{"damage":10,"enemies":"2 Thieves","floor":19,"turns":3},{"damage":0,"enemies":"Snecko","floor":20,"turns":3},{"damage":14,"enemies":"Snake Plant","floor":21,"turns":3},{"damage":5,"enemies":"Cultist and Chosen","floor":22,"turns":4},{"damage":5,"enemies":"Replay:Snechameleon","floor":23,"turns":5},{"damage":8,"enemies":"Book of Stabbing","floor":25,"turns":4},{"damage":5,"enemies":"Chosen and Byrds","floor":28,"turns":3},{"damage":0,"enemies":"Snake Plant","floor":29,"turns":4},{"damage":10,"enemies":"Replay:Snechameleon","floor":30,"turns":4},{"damage":0,"enemies":"Cultist and Chosen","floor":31,"turns":4},{"damage":0,"enemies":"Champ","floor":33,"turns":5},{"damage":0,"enemies":"Orb Walker","floor":35,"turns":3},{"damage":3,"enemies":"2 Orb Walkers","floor":37,"turns":3},{"damage":0,"enemies":"3 Darklings","floor":38,"turns":1},{"damage":0,"enemies":"Nemesis","floor":40,"turns":5},{"damage":0,"enemies":"Jaw Worm Horde","floor":41,"turns":3},{"damage":0,"enemies":"Giant Head","floor":42,"turns":5},{"damage":9,"enemies":"Reptomancer","floor":46,"turns":3},{"damage":0,"enemies":"Spire Growth","floor":47,"turns":4},{"damage":23,"enemies":"Awakened One","floor":50,"turns":7}],"seed_played":"6241527856830775396","potions_obtained":[{"floor":2,"key":"Ancient Potion"},{"floor":4,"key":"EssenceOfSteel"},{"floor":5,"key":"PotionOfCapacity"},{"floor":6,"key":"Languid Potion"},{"floor":12,"key":"FearPotion"},{"floor":16,"key":"AttackPotion"}],"is_trial":false,"path_per_floor":["M","M","$","M","M","E","M","?","T","M","?","E","R","?","R","B",null,"M","M","M","M","M","E","R","E","T","?","M","M","E","M","R","B",null,"M","?","?","M","?","E","M","E","T","R","?","E","M","$","R","B",null],"character_chosen":"DEFECT","items_purchased":["Strange Spoon","Barrage","Trip"],"campfire_rested":5,"item_purchase_floors":[48,48,48],"current_hp_per_floor":[75,72,72,72,72,72,72,72,72,72,54,51,51,51,73,73,75,75,65,65,51,46,41,63,55,55,55,50,50,40,40,62,62,75,75,75,72,72,72,72,72,72,72,75,71,62,62,62,71,48],"gold":868,"neow_bonus":"BOSS_RELIC","is_daily":false,"chose_seed":false,"campfire_upgraded":0,"win_rate":0.0,"timestamp":1614119180,"path_taken":["M","M","$","M","M","E","M","?","T","M","?","E","R","?","R","BOSS","M","M","M","M","M","E","R","E","T","?","M","M","E","M","R","BOSS","M","?","?","M","?","E","M","E","T","R","?","E","M","$","R","BOSS"],"items_purchased_type":["Relic","Card","Card"],"build_version":"2020-12-22","purchased_purges":0,"victory":true,"max_hp_per_floor":[75,75,75,75,75,75,75,75,75,75,75,75,75,75,75,75,75,75,75,75,75,75,75,75,75,75,75,75,75,75,75,75,75,75,75,75,75,75,75,75,75,75,75,75,71,71,71,71,71,71],"card_choices":[{"not_picked":["Turbo","Stack","Leap"],"picked":"Beam Cell","floor":1},{"not_picked":["Hologram","Scrape","Force Field"],"picked":"Melter","floor":2},{"not_picked":["Go for the Eyes","Skim","Stack"],"picked":"Redo","floor":4},{"not_picked":["Panic Button","Steam Power","Tempest"],"picked":"Redo","floor":5},{"not_picked":["Melter","Buffer","Hologram"],"picked":"Go for the Eyes","floor":6},{"not_picked":["Sweeping Beam","Barrage","Leap"],"picked":"Doom and Gloom","floor":7},{"not_picked":["Barrage","Reinforced Body","Sweeping Beam"],"picked":"Cold Snap","floor":10},{"not_picked":["Fusion","Cold Snap","Time Bomb"],"picked":"Gash","floor":12},{"not_picked":["Machine Learning","Echo Form","Fission"],"picked":"All For One","floor":16},{"not_picked":["ReplayTheSpireMod:System Scan","Turbo","Lockon"],"picked":"Leap","floor":18},{"not_picked":["Cold Snap+1","ReplayTheSpireMod:GoodbyeWorld+1","Skim"],"picked":"Time Bomb","floor":19},{"not_picked":["Coolheaded+1","FTL","Steam"],"picked":"Double Energy","floor":20},{"not_picked":["Beam Cell","Ball Lightning","Gash"],"picked":"FIFO Queue+1","floor":21},{"not_picked":["ReplayTheSpireMod:Repulse","Redo","Rip and Tear"],"picked":"Go for the Eyes","floor":22},{"not_picked":["Biased Cognition","Heatsinks","Multi-Cast"],"picked":"Chaos","floor":23},{"not_picked":["Leap","Rebound","Streamline","Cold Snap"],"picked":"SKIP","floor":25},{"not_picked":["Sweeping Beam","Conserve Battery","Cold Snap"],"picked":"Beam Cell","floor":28},{"not_picked":["Stack","Gash+1","Double Energy"],"picked":"Reprogram+1","floor":29},{"not_picked":["FIFO Queue","Barrage+1","Go for the Eyes"],"picked":"Lockon","floor":30},{"not_picked":["Conserve Battery","ReplayTheSpireMod:GoodbyeWorld","Compile Driver"],"picked":"Steam+1","floor":31},{"not_picked":["Streamline+1","Gash","Darkness"],"picked":"BootSequence+1","floor":35},{"not_picked":["Turbo","Darkness+1","Conserve Battery"],"picked":"Steam","floor":37},{"not_picked":["Streamline+1","Capacitor+1","Chaos"],"picked":"Genetic Algorithm","floor":38},{"not_picked":["Reprogram+1","Panic Button","Streamline+1"],"picked":"Sweeping Beam","floor":40},{"not_picked":["Streamline","Steam Power+1","All For One"],"picked":"Lockon+1","floor":41},{"not_picked":["Leap","ReplayTheSpireMod:Calculation Training+1","Panic Button+1"],"picked":"Cold Snap+1","floor":42},{"not_picked":["Conserve Battery","Time Bomb+1","Compile Driver+1"],"picked":"Go for the Eyes+1","floor":46},{"not_picked":["ReplayTheSpireMod:GoodbyeWorld+1","Coolheaded","Force Field+1"],"picked":"Compile Driver","floor":47}],"player_experience":108372,"relics_obtained":[{"floor":6,"key":"Replay:PocketPolymizer"},{"floor":12,"key":"FossilizedHelix"},{"floor":23,"key":"Onion Ring"},{"floor":25,"key":"Replay:Bottled Eggs"},{"floor":26,"key":"Lantern"},{"floor":30,"key":"Juzu Bracelet"},{"floor":37,"key":"Replay:Arrowhead"},{"floor":40,"key":"Eternal Feather"},{"floor":42,"key":"Regal Pillow"},{"floor":43,"key":"Mirror"},{"floor":46,"key":"Geode"}],"event_choices":[{"damage_healed":0,"gold_gain":70,"player_choice":"Gained Gold","damage_taken":0,"max_hp_gain":0,"max_hp_loss":0,"event_name":"Golden Wing","floor":8,"gold_loss":0},{"damage_healed":0,"gold_gain":0,"player_choice":"Take Damage","damage_taken":18,"relics_obtained":["Golden Idol"],"max_hp_gain":0,"max_hp_loss":0,"event_name":"Golden Idol","floor":11,"gold_loss":0},{"damage_healed":0,"gold_gain":0,"player_choice":"Ignored","damage_taken":0,"max_hp_gain":0,"max_hp_loss":0,"event_name":"Shining Light","floor":14,"gold_loss":0},{"damage_healed":0,"gold_gain":0,"player_choice":"Ignored","damage_taken":0,"max_hp_gain":0,"max_hp_loss":0,"event_name":"The Moai Head","floor":36,"gold_loss":0},{"damage_healed":0,"gold_gain":0,"player_choice":"Fight","damage_taken":0,"max_hp_gain":0,"max_hp_loss":0,"event_name":"Mysterious Sphere","floor":37,"gold_loss":0},{"cards_removed":["Fusion"],"damage_healed":0,"gold_gain":0,"player_choice":"Removed Skill","damage_taken":0,"max_hp_gain":0,"max_hp_loss":0,"event_name":"Falling","floor":39,"gold_loss":0},{"damage_healed":0,"gold_gain":0,"player_choice":"Max HP","damage_taken":0,"max_hp_gain":0,"max_hp_loss":4,"event_name":"Winding Halls","floor":45,"gold_loss":0}],"is_beta":false,"boss_relics":[{"not_picked":["Sozu","Kintsugi"],"picked":"Pandora\u0027s Box"},{"not_picked":["ReplayTheSpireMod:DimensionalGlitch","ChewingGum"],"picked":"Ring of Chaos"}],"items_purged_floors":[],"is_endless":false,"potions_floor_spawned":[2,4,5,6,12,16,21,22,28,29,38,40,41,47],"ascension_level":1}}