{"host":"3dgd3gfmqutz6web","time":1614046628,"event":{"mods":["Aspiration","BaseMod","BetterRewards","Downfall","Minty Spire (QoL Compilation)","Replay The Spire","Shop Mod","Spikes Relics","StSLib"],"gold_per_floor":[99,109,128,145,165,165,218,234,247,282,299,299,314,314,327,327,327,327],"floor_reached":16,"language":"ENG","playtime":1468,"items_purged":[],"score":108,"play_id":"75a50ad6-800f-4a3d-9947-ce6a0a491df1","local_time":"20210222181708","is_ascension_mode":false,"campfire_choices":[{"data":"Slimebound:CorrosiveSpit","floor":1,"key":"SMITH"}],"circlet_count":0,"master_deck":["Slimebound:Strike_Slimebound","Slimebound:Strike_Slimebound","Slimebound:Strike_Slimebound","Slimebound:Tackle","Slimebound:Defend_Slimebound","Slimebound:Defend_Slimebound","Slimebound:Defend_Slimebound","Slimebound:Defend_Slimebound","Slimebound:Split","Slimebound:CorrosiveSpit+1","Slimebound:LeechingTouch","Slimebound:DisruptingSlam","Slimebound:PrepareCrush+1","Slimebound:LivingWall","Slimebound:SlimeSpikes","Slimebound:SpikyOuterGoop","Slimebound:SpikyOuterGoop","Slimebound:Prepare+1","Slimebound:ComboTackle","Noxious Fumes"],"relics":["Slimebound:AbsorbEndCombat","MealTicket","aspiration:SeaSaltIceCream","aspiration:Nostalgia","m_HexaRing"],"acts_visited":["Exordium"],"potions_floor_usage":[9,10,16,16],"damage_taken":[{"damage":0,"enemies":"Cultist","floor":2,"turns":4},{"damage":2,"enemies":"Small Slimes","floor":3,"turns":4},{"damage":13,"enemies":"2 Louse","floor":4,"turns":3},{"damage":5,"enemies":"Red Slaver","floor":5,"turns":3},{"damage":0,"enemies":"3 Louse","floor":8,"turns":4},{"damage":4,"enemies":"Large Slime","floor":9,"turns":7},{"damage":23,"enemies":"Lagavulin","floor":10,"turns":8},{"damage":13,"enemies":"Red Slaver","floor":11,"turns":6},{"damage":6,"enemies":"Exordium Wildlife","floor":13,"turns":6},{"damage":12,"enemies":"Lots of Slimes","floor":15,"turns":5},{"damage":48,"enemies":"DF_ARCHETYPE_STREAMLINE","floor":16,"turns":9}],"seed_played":"-1696204302025895203","potions_obtained":[{"floor":2,"key":"DuplicationPotion"},{"floor":4,"key":"sneckomod:MuddlingPotion"},{"floor":6,"key":"EssenceOfSteel"},{"floor":10,"key":"Elixir"},{"floor":15,"key":"Slimebound:ThreeZeroPotion"}],"is_trial":false,"path_per_floor":["R","M","M","M","M","?","T","M","M","E","M","?","M","?","M","B"],"character_chosen":"SLIMEBOUND","items_purchased":[],"campfire_rested":0,"item_purchase_floors":[],"current_hp_per_floor":[71,71,71,58,57,57,57,63,63,48,39,39,37,37,31,0,0,0],"gold":327,"neow_bonus":"TEN_PERCENT_HP_BONUS","is_daily":false,"chose_seed":false,"campfire_upgraded":1,"win_rate":0.0,"timestamp":1614046628,"path_taken":["R","M","M","M","?","?","T","?","M","E","M","?","M","?","M","BOSS"],"items_purchased_type":[],"build_version":"2020-12-22","purchased_purges":0,"victory":false,"max_hp_per_floor":[71,71,71,71,71,71,71,71,71,71,71,71,71,71,71,71,71,71],"card_choices":[{"not_picked":["Slimebound:Dissolve","Slimebound:Schlurp"],"picked":"Slimebound:LeechingTouch","floor":2},{"not_picked":["Slimebound:RollThrough","Slimebound:LeechEnergy"],"picked":"Slimebound:DisruptingSlam","floor":3},{"not_picked":["Slimebound:FinishingTackle","Slimebound:FormOfPuddle"],"picked":"Slimebound:PrepareCrush","floor":4},{"not_picked":["Slimebound:ForwardTackle","Slimebound:Chomp"],"picked":"Slimebound:LivingWall","floor":5},{"not_picked":["Slimebound:FinishingTackle","Slimebound:LivingWall"],"picked":"Slimebound:SlimeSpikes","floor":8},{"not_picked":["Slimebound:PressTheAttack","Slimebound:FinishingTackle"],"picked":"Slimebound:SpikyOuterGoop","floor":9},{"not_picked":["Slimebound:MassFeed","Slimebound:ComboTackle"],"picked":"Slimebound:SpikyOuterGoop","floor":10},{"not_picked":["Slimebound:TongueLash","Poisoned Stab"],"picked":"Slimebound:Prepare","floor":11},{"not_picked":["Bane","Slimebound:LivingWall"],"picked":"Slimebound:ComboTackle","floor":13},{"not_picked":["Slimebound:PressTheAttack","Slimebound:SpikyOuterGoop"],"picked":"Noxious Fumes","floor":15}],"player_experience":248399,"relics_obtained":[{"floor":7,"key":"MealTicket"},{"floor":10,"key":"aspiration:SeaSaltIceCream"}],"event_choices":[{"damage_healed":0,"gold_gain":0,"player_choice":"Got Potions","damage_taken":0,"max_hp_gain":0,"max_hp_loss":0,"event_name":"Lab","floor":6,"gold_loss":0}],"is_beta":false,"boss_relics":[],"items_purged_floors":[],"is_endless":false,"potions_floor_spawned":[2,4,10,15],"killed_by":"DF_ARCHETYPE_STREAMLINE","ascension_level":0}}