{"host":"en4narc5947t7k9n","time":1614077694,"event":{"mods":["AchievementEnabler","BaseMod","Colored Map","Minty Spire (QoL Compilation)","SuperFastMode"],"gold_per_floor":[112,130,37,54,129,159,159,177,204,235,235,235,3,18,18,121,171,185,197,197,215,225,225,75,105,105,122,138,138,138,158,158,158,158],"floor_reached":33,"language":"KOR","playtime":1758,"items_purged":[],"score":304,"play_id":"e3d45c89-22fa-453d-a1fd-acedf955c621","local_time":"20210223195454","is_ascension_mode":false,"campfire_choices":[{"data":"Bandage Up","floor":7,"key":"SMITH"},{"floor":12,"key":"RECALL"},{"data":"Discovery","floor":15,"key":"SMITH"},{"data":"Corpse Explosion","floor":23,"key":"SMITH"},{"data":"Terror","floor":29,"key":"SMITH"},{"floor":32,"key":"REST"}],"circlet_count":0,"master_deck":["Strike_G","Strike_G","Strike_G","Strike_G","Defend_G","Defend_G","Defend_G","Defend_G","Defend_G","Survivor","Neutralize","Backflip","Dash","Bandage Up+1","Catalyst","Noxious Fumes","Terror+1","Venomology+1","Discovery+1","Bane","Corpse Explosion+1","Caltrops","Outmaneuver+1","Backstab","Unload","Acrobatics+1","PiercingWail+1","Leg Sweep+1","Bouncing Flask","Prepared","Deadly Poison+1"],"relics":["Ring of the Snake","Omamori","Bronze Scales","Ancient Tea Set","Tiny House","Lee\u0027s Waffle","Blood Vial","Question Card"],"acts_visited":["Exordium","TheCity"],"potions_floor_usage":[6,10,10,14,16,16,16,16,18,19,19,22,25,25,25,27,28,28,31,33,33,33],"damage_taken":[{"damage":0,"enemies":"Jaw Worm","floor":1,"turns":6},{"damage":0,"enemies":"Cultist","floor":2,"turns":4},{"damage":2,"enemies":"2 Louse","floor":4,"turns":5},{"damage":57,"enemies":"Gremlin Nob","floor":6,"turns":7},{"damage":0,"enemies":"Gremlin Gang","floor":8,"turns":7},{"damage":13,"enemies":"Lagavulin","floor":10,"turns":7},{"damage":0,"enemies":"Large Slime","floor":14,"turns":6},{"damage":24,"enemies":"The Guardian","floor":16,"turns":10},{"damage":19,"enemies":"Spheric Guardian","floor":18,"turns":5},{"damage":0,"enemies":"3 Byrds","floor":19,"turns":2},{"damage":26,"enemies":"Snake Plant","floor":21,"turns":4},{"damage":25,"enemies":"Shelled Parasite and Fungi","floor":22,"turns":5},{"damage":23,"enemies":"Slavers","floor":25,"turns":2},{"damage":22,"enemies":"Centurion and Healer","floor":27,"turns":6},{"damage":32,"enemies":"3 Cultists","floor":28,"turns":5},{"damage":4,"enemies":"Cultist and Chosen","floor":31,"turns":5},{"damage":65,"enemies":"Champ","floor":33,"turns":8}],"seed_played":"-2319662514487599259","potions_obtained":[{"floor":0,"key":"PowerPotion"},{"floor":0,"key":"Regen Potion"},{"floor":0,"key":"Fire Potion"},{"floor":10,"key":"FearPotion"},{"floor":11,"key":"SkillPotion"},{"floor":11,"key":"PowerPotion"},{"floor":14,"key":"AttackPotion"},{"floor":16,"key":"Fruit Juice"},{"floor":17,"key":"Dexterity Potion"},{"floor":18,"key":"SpeedPotion"},{"floor":25,"key":"Explosive Potion"},{"floor":31,"key":"Dexterity Potion"}],"is_trial":false,"path_per_floor":["M","M","$","M","?","E","R","M","T","E","?","R","$","M","R","B",null,"M","M","?","M","M","R","$","E","T","M","M","R","?","M","R","B"],"character_chosen":"THE_SILENT","items_purchased":["Bandage Up","Ancient Tea Set","Discovery","Lee\u0027s Waffle"],"campfire_rested":1,"item_purchase_floors":[3,13,13,24],"current_hp_per_floor":[70,70,70,70,59,6,6,12,12,20,20,20,20,26,26,13,80,67,73,73,53,34,34,87,64,64,50,26,26,26,30,56,0,0],"gold":158,"neow_bonus":"THREE_SMALL_POTIONS","is_daily":false,"chose_seed":false,"campfire_upgraded":4,"win_rate":0.0,"timestamp":1614077694,"path_taken":["M","M","$","M","?","E","R","M","T","E","?","R","$","M","R","BOSS","M","?","?","M","?","R","$","E","T","M","M","R","?","M","R","BOSS"],"items_purchased_type":["Card","Relic","Card","Relic"],"build_version":"2020-12-22","purchased_purges":0,"victory":false,"max_hp_per_floor":[70,70,70,70,70,70,70,70,70,70,70,70,70,70,70,75,80,80,80,80,80,80,80,87,87,87,87,87,87,87,87,87,87,87],"card_choices":[{"not_picked":["Flechettes","Slice"],"picked":"Backflip","floor":1},{"not_picked":["Eviscerate","Cloak And Dagger"],"picked":"Dash","floor":2},{"not_picked":["Escape Plan","PiercingWail"],"picked":"Catalyst","floor":4},{"not_picked":["PiercingWail","Cloak And Dagger"],"picked":"Noxious Fumes","floor":6},{"not_picked":["Blade Dance","Underhanded Strike"],"picked":"Terror","floor":8},{"not_picked":["Acrobatics","Bane"],"picked":"Venomology","floor":10},{"not_picked":["Backflip","Dagger Throw"],"picked":"Bane","floor":14},{"not_picked":["Storm of Steel","Die Die Die"],"picked":"Corpse Explosion","floor":16},{"not_picked":["Deflect","Choke"],"picked":"Caltrops","floor":17},{"not_picked":["Dagger Spray+1","Acrobatics"],"picked":"Outmaneuver+1","floor":18},{"not_picked":["Burst","Backflip"],"picked":"Backstab","floor":19},{"not_picked":["Riddle With Holes+1","Dagger Throw"],"picked":"Acrobatics+1","floor":21},{"not_picked":["Bane","Quick Slash"],"picked":"PiercingWail+1","floor":22},{"not_picked":["Skewer","Deadly Poison"],"picked":"Leg Sweep+1","floor":25},{"not_picked":["Heel Hook","Flechettes","Slice+1"],"picked":"Bouncing Flask","floor":27},{"not_picked":["Deadly Poison","Leg Sweep","Backflip"],"picked":"Prepared","floor":28},{"not_picked":["Escape Plan","Bane","Eviscerate"],"picked":"Deadly Poison+1","floor":31}],"player_experience":181029,"relics_obtained":[{"floor":6,"key":"Omamori"},{"floor":10,"key":"Bronze Scales"},{"floor":25,"key":"Blood Vial"},{"floor":26,"key":"Question Card"}],"event_choices":[{"damage_healed":0,"gold_gain":75,"player_choice":"Gather Gold","damage_taken":11,"max_hp_gain":0,"max_hp_loss":0,"event_name":"World of Goop","floor":5,"gold_loss":0},{"damage_healed":0,"gold_gain":0,"player_choice":"Got Potions","damage_taken":0,"max_hp_gain":0,"max_hp_loss":0,"event_name":"Lab","floor":11,"gold_loss":0},{"damage_healed":0,"gold_gain":0,"cards_transformed":["Strike_G"],"player_choice":"Transformed","damage_taken":0,"max_hp_gain":0,"max_hp_loss":0,"event_name":"Transmorgrifier","floor":20,"gold_loss":0,"cards_obtained":["Unload"]},{"damage_healed":0,"gold_gain":0,"player_choice":"Ignored","damage_taken":0,"max_hp_gain":0,"max_hp_loss":0,"event_name":"The Mausoleum","floor":30,"gold_loss":0}],"is_beta":false,"boss_relics":[{"not_picked":["SacredBark","Ectoplasm"],"picked":"Tiny House"}],"items_purged_floors":[],"is_endless":false,"potions_floor_spawned":[4,10,14,16,18,25,31],"killed_by":"Champ","ascension_level":0}}