{"host":"2ty4h143nj8vwezc","time":1614051139,"event":{"mods":["BaseMod","Colored Map","Googly Eyes","Highlight Path","Minty Spire (QoL Compilation)","Quick Restart","StSLib"],"gold_per_floor":[114,189,204,204,204,234,234,264,264,279,303,333,333,333,333,433,433,448,463,478,493,493,493,502,502,502,517,517,532,547,577,577,677,677,692,707,707,632,647,647,677,327,327,307,337,352,352,367,367,367],"floor_reached":51,"language":"ENG","playtime":3604,"items_purged":["Establishment","Alpha"],"score":1072,"play_id":"a77a567f-e6c7-4d00-84ad-577f6aec9b13","local_time":"20210222223219","daily_mods":["Shiny","Diverse","Binary"],"is_ascension_mode":false,"campfire_choices":[{"data":"Burst","floor":7.0,"key":"SMITH"},{"data":"Wraith Form v2","floor":13.0,"key":"SMITH"},{"data":"Barricade","floor":15.0,"key":"SMITH"},{"floor":23.0,"key":"REST"},{"data":"Omniscience","floor":25.0,"key":"SMITH"},{"data":"Reboot","floor":32.0,"key":"SMITH"},{"data":"Amplify","floor":40.0,"key":"SMITH"},{"data":"Adrenaline","floor":47.0,"key":"SMITH"},{"data":"1","floor":49,"key":"LIFT"}],"circlet_count":0,"master_deck":["Judgement","ConjureBlade","MasterReality","Brilliance","Devotion","Blasphemy","Ragnarok","LessonLearned","Scrawl+1","Vault","Wish","Omniscience+1","SpiritShield","DevaForm","DeusExMachina","Multi-Cast","Hyperbeam","Thunder Strike","Biased Cognition","Machine Learning+1","Electrodynamics","Buffer","Rainbow","Seek","Meteor Strike","Echo Form","All For One","Reboot+1","Amplify+1","Creative AI","Fission","Core Surge","Venomology","Corpse Explosion","Malaise","Phantasmal Killer","Die Die Die","Adrenaline+1","Doppelganger","Burst+1","Wraith Form v2+1","Tools of the Trade","Night Terror","Unload","After Image","Bullet Time","Storm of Steel","Glass Knife","A Thousand Cuts","Grand Finale","Double Tap","Demon Form","Bludgeon","Feed","Limit Break","Corruption","Barricade+1","Fiend Fire","Berserk","Impervious","Juggernaut","Brutality","Reaper","Exhume","Offering","Immolate","Go for the Eyes","J.A.X."],"relics":["Cracked Core","Singing Bowl","Bag of Preparation","CeramicFish","Mummified Hand","Pen Nib","SacredBark","Orichalcum","Bird Faced Urn","Eternal Feather","Nuclear Battery","Girya","Potion Belt","Ancient Tea Set","Letter Opener"],"acts_visited":["Exordium","TheCity","TheBeyond"],"potions_floor_usage":[50,50,50],"damage_taken":[{"damage":2.0,"enemies":"2 Louse","floor":1.0,"turns":4.0},{"damage":5.0,"enemies":"Small Slimes","floor":3.0,"turns":2.0},{"damage":2.0,"enemies":"Gremlin Nob","floor":6.0,"turns":3.0},{"damage":0.0,"enemies":"Lagavulin","floor":8.0,"turns":3.0},{"damage":0.0,"enemies":"Jaw Worm","floor":10.0,"turns":1.0},{"damage":0.0,"enemies":"2 Fungi Beasts","floor":11.0,"turns":1.0},{"damage":0.0,"enemies":"3 Sentries","floor":12.0,"turns":1.0},{"damage":0.0,"enemies":"Slime Boss","floor":16.0,"turns":5.0},{"damage":10.0,"enemies":"2 Thieves","floor":18.0,"turns":2.0},{"damage":0.0,"enemies":"Spheric Guardian","floor":19.0,"turns":1.0},{"damage":0.0,"enemies":"Centurion and Healer","floor":20.0,"turns":4.0},{"damage":26.0,"enemies":"Chosen and Byrds","floor":21.0,"turns":6.0},{"damage":23.0,"enemies":"Snake Plant","floor":27.0,"turns":3.0},{"damage":12.0,"enemies":"Shelled Parasite and Fungi","floor":29.0,"turns":2.0},{"damage":21.0,"enemies":"Centurion and Healer","floor":30.0,"turns":3.0},{"damage":0.0,"enemies":"Gremlin Leader","floor":31.0,"turns":6.0},{"damage":37.0,"enemies":"Automaton","floor":33.0,"turns":6.0},{"damage":1.0,"enemies":"3 Darklings","floor":35.0,"turns":7.0},{"damage":6.0,"enemies":"3 Shapes","floor":36.0,"turns":2.0},{"damage":3.0,"enemies":"Transient","floor":39.0,"turns":7.0},{"damage":20.0,"enemies":"Giant Head","floor":41.0,"turns":6.0},{"damage":13.0,"enemies":"Reptomancer","floor":45.0,"turns":5.0},{"damage":5.0,"enemies":"Sphere and 2 Shapes","floor":46.0,"turns":4.0},{"damage":46,"enemies":"3 Darklings","floor":48,"turns":3},{"damage":90,"enemies":"Time Eater","floor":50,"turns":8}],"seed_played":"-9004314451342404475","potions_obtained":[{"floor":6.0,"key":"SneckoOil"},{"floor":20.0,"key":"Weak Potion"},{"floor":21.0,"key":"EssenceOfSteel"},{"floor":27.0,"key":"DistilledChaos"},{"floor":36.0,"key":"GamblersBrew"},{"floor":44.0,"key":"Strength Potion"},{"floor":46.0,"key":"BlessingOfTheForge"}],"is_trial":false,"path_per_floor":["M","?","M","?","?","E","R","E","T","M","M","E","R","?","R","B",null,"M","M","M","M","?","R","?","R","T","M","?","M","M","E","R","B",null,"M","M","?","$","M","R","E","$","T","?","E","M","R","M","R","B",null],"character_chosen":"DEFECT","items_purchased":["PowerPotion","SkillPotion","Potion Belt"],"campfire_rested":1,"item_purchase_floors":[42,42,42],"current_hp_per_floor":[73,62,63,68,65,69,69,71,71,73,73,75,75,98,98,100,100,92,94,96,72,72,104,104,104,104,97,97,95,90,104,116,98,118,120,121,121,121,124,124,126,126,126,126,127,130,130,96,132,124],"gold":367,"neow_bonus":"","is_daily":true,"chose_seed":false,"campfire_upgraded":7,"win_rate":0.0,"timestamp":1614051139,"path_taken":["M","?","M","?","?","E","R","E","T","M","?","E","R","?","R","BOSS","M","M","?","M","?","R","?","R","T","M","?","M","?","E","R","BOSS","M","M","?","$","M","R","E","$","T","?","E","?","R","M","R","BOSS"],"items_purchased_type":["Potion","Potion","Relic"],"build_version":"2020-12-22","purchased_purges":2,"victory":true,"max_hp_per_floor":[75,75,75,80,80,82,82,84,84,86,86,88,88,98,98,100,100,102,104,106,108,108,108,108,108,108,110,110,112,114,116,116,118,118,120,122,122,122,124,124,126,126,126,126,128,130,130,132,132,132],"card_choices":[{"not_picked":["Underhanded Strike","Backflip"],"picked":"SKIP","floor":1.0},{"not_picked":["Masterful Stab","Pommel Strike"],"picked":"SKIP","floor":3.0},{"not_picked":["Poisoned Stab","Entrench"],"picked":"Singing Bowl","floor":6.0},{"not_picked":["Escape Plan","Flechettes"],"picked":"Singing Bowl","floor":8.0},{"not_picked":["Crippling Poison","Wireheading"],"picked":"Singing Bowl","floor":10.0},{"not_picked":["CutThroughFate"],"picked":"Go for the Eyes","floor":11.0},{"not_picked":["Iron Wave","Redo"],"picked":"Singing Bowl","floor":12.0},{"not_picked":["Venomology","Tools of the Trade"],"picked":"Singing Bowl","floor":16.0},{"not_picked":["Crescendo","ReachHeaven+1"],"picked":"Singing Bowl","floor":18.0},{"not_picked":["Havoc","PiercingWail+1"],"picked":"Singing Bowl","floor":19.0},{"not_picked":["Streamline","Study"],"picked":"Singing Bowl","floor":20.0},{"not_picked":["Bane","PiercingWail"],"picked":"Singing Bowl","floor":21.0},{"not_picked":["Hologram","FlyingSleeves+1"],"picked":"Singing Bowl","floor":27.0},{"not_picked":["Headbutt","Finisher"],"picked":"Singing Bowl","floor":29.0},{"not_picked":["Perfected Strike","Fasting2+1"],"picked":"Singing Bowl","floor":30.0},{"not_picked":["Biased Cognition","Finisher"],"picked":"Singing Bowl","floor":31.0},{"not_picked":["ConjureBlade","Grand Finale"],"picked":"Singing Bowl","floor":33.0},{"not_picked":["Headbutt+1","Conclude"],"picked":"Singing Bowl","floor":35.0},{"not_picked":["Sentinel+1","Accuracy"],"picked":"Singing Bowl","floor":36.0},{"not_picked":["Twin Strike+1","Compile Driver+1"],"picked":"Singing Bowl","floor":39.0},{"not_picked":["Steam","JustLucky+1"],"picked":"Singing Bowl","floor":41.0},{"not_picked":["ClearTheMind+1","Searing Blow+1"],"picked":"Singing Bowl","floor":45.0},{"not_picked":["Headbutt","EmptyFist+1"],"picked":"Singing Bowl","floor":46.0},{"not_picked":["FollowUp","Distraction"],"picked":"Singing Bowl","floor":48}],"player_experience":477879,"relics_obtained":[{"floor":6.0,"key":"Bag of Preparation"},{"floor":8.0,"key":"CeramicFish"},{"floor":9.0,"key":"Mummified Hand"},{"floor":12.0,"key":"Pen Nib"},{"floor":26.0,"key":"Bird Faced Urn"},{"floor":31.0,"key":"Eternal Feather"},{"floor":41.0,"key":"Girya"},{"floor":43.0,"key":"Ancient Tea Set"},{"floor":45.0,"key":"Letter Opener"}],"event_choices":[{"damage_healed":0.0,"max_hp_gain":0.0,"max_hp_loss":0.0,"gold_gain":75.0,"event_name":"World of Goop","player_choice":"Gather Gold","floor":2.0,"gold_loss":0.0,"damage_taken":11.0},{"damage_healed":0.0,"max_hp_gain":5.0,"max_hp_loss":0.0,"gold_gain":0.0,"event_name":"Big Fish","player_choice":"Donut","floor":4.0,"gold_loss":0.0,"damage_taken":0.0},{"damage_healed":0.0,"max_hp_gain":0.0,"max_hp_loss":0.0,"gold_gain":0.0,"event_name":"Scrap Ooze","player_choice":"Success","floor":5.0,"gold_loss":0.0,"damage_taken":3.0,"relics_obtained":["Singing Bowl"]},{"cards_removed":["Envenom"],"damage_healed":13.0,"max_hp_gain":10.0,"max_hp_loss":0.0,"gold_gain":0.0,"event_name":"Bonfire Elementals","player_choice":"Offered Rare","floor":14.0,"gold_loss":0.0,"damage_taken":0.0},{"damage_healed":0.0,"max_hp_gain":0.0,"max_hp_loss":0.0,"gold_gain":0.0,"event_name":"The Mausoleum","player_choice":"Opened","floor":22.0,"gold_loss":0.0,"damage_taken":0.0,"relics_obtained":["Orichalcum"]},{"damage_healed":0.0,"max_hp_gain":0.0,"max_hp_loss":0.0,"gold_gain":0.0,"event_name":"Drug Dealer","player_choice":"Obtain J.A.X.","floor":24.0,"gold_loss":0.0,"damage_taken":0.0,"cards_obtained":["J.A.X."]},{"damage_healed":0.0,"max_hp_gain":0.0,"max_hp_loss":0.0,"gold_gain":0.0,"event_name":"Upgrade Shrine","player_choice":"Upgraded","floor":28.0,"gold_loss":0.0,"damage_taken":0.0,"cards_upgraded":["Scrawl"]},{"damage_healed":0.0,"max_hp_gain":0.0,"max_hp_loss":0.0,"gold_gain":0.0,"event_name":"Tomb of Lord Red Mask","player_choice":"Ignored","floor":37.0,"gold_loss":0.0,"damage_taken":0.0},{"damage_healed":0.0,"max_hp_gain":0.0,"max_hp_loss":0.0,"gold_gain":0.0,"event_name":"The Woman in Blue","player_choice":"Bought 1 Potion","floor":44.0,"gold_loss":0.0,"damage_taken":0.0}],"is_beta":false,"boss_relics":[{"not_picked":["Philosopher\u0027s Stone","Velvet Choker"],"picked":"SacredBark"},{"not_picked":["Sozu","Busted Crown"],"picked":"Nuclear Battery"}],"items_purged_floors":[38,42],"is_endless":false,"potions_floor_spawned":[3,6,16,20,21,27,31,36,45,46],"ascension_level":0}}