{"host":"qc8p2flj7wsy3zpg","time":1614100576,"event":{"mods":["BaseMod","Highlight Path","Minty Spire (QoL Compilation)","Monster List Patch","Relic Stats","StSLib"],"gold_per_floor":[110,127,202,220,240,271,271,271,295,334,334,368,389,415,415,501,501,521,241,250,250,277,317,341,341,341],"floor_reached":25,"language":"ENG","playtime":994,"items_purged":["Strike_B"],"score":486,"play_id":"b23721e2-4115-44de-92d2-5b04b44bb426","local_time":"20210223111616","is_ascension_mode":true,"campfire_choices":[{"floor":8.0,"key":"REST"},{"floor":15,"key":"REST"}],"circlet_count":0,"master_deck":["AscendersBane","Strike_B+1","Strike_B+1","Strike_B+1","Defend_B+1","Defend_B+1","Defend_B+1","Defend_B+1","Zap","Dualcast","Rip and Tear","Glacier","Beam Cell","Loop","Cold Snap","Reinforced Body","Compile Driver","Sweeping Beam","Ball Lightning","Core Surge","Steam Power","Sunder","Loop+1","Barrage+1","Coolheaded"],"relics":["Cracked Core","Pen Nib","Lantern","Strawberry","CeramicFish","Vajra","Black Star","Bronze Scales","Eternal Feather","Art of War"],"acts_visited":["Exordium","TheCity"],"potions_floor_usage":[22,23,25],"damage_taken":[{"damage":4.0,"enemies":"Jaw Worm","floor":1.0,"turns":4.0},{"damage":8.0,"enemies":"2 Louse","floor":2.0,"turns":3.0},{"damage":0.0,"enemies":"Small Slimes","floor":4.0,"turns":3.0},{"damage":1.0,"enemies":"Exordium Wildlife","floor":5.0,"turns":2.0},{"damage":25.0,"enemies":"Lagavulin","floor":6.0,"turns":9.0},{"damage":6.0,"enemies":"Gremlin Nob","floor":10.0,"turns":3.0},{"damage":17,"enemies":"Lagavulin","floor":12,"turns":6},{"damage":2,"enemies":"Large Slime","floor":13,"turns":3},{"damage":0,"enemies":"Looter","floor":14,"turns":2},{"damage":28,"enemies":"The Guardian","floor":16,"turns":14},{"damage":4,"enemies":"Spheric Guardian","floor":18,"turns":3},{"damage":3,"enemies":"Shell Parasite","floor":22,"turns":6},{"damage":33,"enemies":"Book of Stabbing","floor":23,"turns":5},{"damage":11,"enemies":"Snake Plant","floor":24,"turns":4},{"damage":31,"enemies":"Gremlin Leader","floor":25,"turns":5}],"seed_played":"4741698742718472734","potions_obtained":[{"floor":4.0,"key":"AttackPotion"},{"floor":5.0,"key":"SteroidPotion"},{"floor":6.0,"key":"Strength Potion"},{"floor":13,"key":"FocusPotion"},{"floor":14,"key":"FearPotion"},{"floor":18,"key":"DuplicationPotion"},{"floor":24,"key":"ColorlessPotion"}],"is_trial":false,"path_per_floor":["M","M","?","M","M","E","?","R","T","E","?","E","M","M","R","B",null,"M","$","?","?","M","E","M","E"],"character_chosen":"DEFECT","items_purchased":["Bronze Scales","Steam Power"],"campfire_rested":2,"item_purchase_floors":[19,19],"current_hp_per_floor":[60,52,41,41,40,15,20,42,49,43,43,26,24,24,48,20,67,63,63,63,63,60,27,16,0,0],"gold":341,"neow_bonus":"RANDOM_COMMON_RELIC","is_daily":false,"chose_seed":false,"campfire_upgraded":0,"win_rate":0.0,"timestamp":1614100576,"path_taken":["M","M","?","M","M","E","?","R","T","E","?","E","M","M","R","BOSS","M","$","?","?","M","E","M","E"],"items_purchased_type":["Relic","Card"],"build_version":"2020-12-22","purchased_purges":1,"victory":false,"max_hp_per_floor":[71,71,71,71,71,71,76,76,83,83,83,83,83,83,83,83,83,83,83,83,83,83,83,83,83,83],"relic_stats":{"counters":[15,72],"CeramicFish":90,"Bronze Scales":[79],"Eternal Feather":0,"Pen Nib":[12],"Black Star":1,"Art of War":[1],"obtain_stats":[{"Lantern":6,"Strawberry":9,"CeramicFish":10,"Bronze Scales":19,"Vajra":12,"Eternal Feather":23,"Pen Nib":0,"Black Star":17,"Art of War":23,"Cracked Core":0},{"Lantern":5,"Strawberry":5,"CeramicFish":6,"Bronze Scales":11,"Vajra":7,"Eternal Feather":13,"Pen Nib":0,"Black Star":10,"Art of War":13,"Cracked Core":0},{"Lantern":21,"Strawberry":21,"CeramicFish":24,"Bronze Scales":52,"Vajra":30,"Eternal Feather":63,"Pen Nib":0,"Black Star":49,"Art of War":63,"Cracked Core":0}]},"card_choices":[{"not_picked":["Hologram","Redo"],"picked":"Rip and Tear","floor":1.0},{"not_picked":["Storm","Stack"],"picked":"Glacier","floor":2.0},{"not_picked":["Conserve Battery","Barrage"],"picked":"Beam Cell","floor":4.0},{"not_picked":["Beam Cell","Barrage"],"picked":"Loop","floor":5.0},{"not_picked":["Thunder Strike","Stack"],"picked":"Cold Snap","floor":6.0},{"not_picked":["Leap","Streamline"],"picked":"Reinforced Body","floor":10.0},{"not_picked":["Gash","Cold Snap"],"picked":"Compile Driver","floor":12},{"not_picked":["Force Field","Go for the Eyes"],"picked":"Sweeping Beam","floor":13},{"not_picked":["White Noise","Redo"],"picked":"Ball Lightning","floor":14},{"not_picked":["Meteor Strike","Machine Learning"],"picked":"Core Surge","floor":16},{"not_picked":["Compile Driver+1","Go for the Eyes"],"picked":"Loop+1","floor":22},{"not_picked":["Meteor Strike","BootSequence"],"picked":"Barrage+1","floor":23},{"not_picked":["Ball Lightning","Gash"],"picked":"Coolheaded","floor":24}],"player_experience":2422691,"relics_obtained":[{"floor":6.0,"key":"Lantern"},{"floor":9.0,"key":"Strawberry"},{"floor":10.0,"key":"CeramicFish"},{"floor":12,"key":"Vajra"},{"floor":23,"key":"Eternal Feather"},{"floor":23,"key":"Art of War"}],"event_choices":[{"damage_healed":0.0,"max_hp_gain":0.0,"max_hp_loss":0.0,"gold_gain":75.0,"event_name":"World of Goop","player_choice":"Gather Gold","floor":3.0,"gold_loss":0.0,"damage_taken":11.0},{"damage_healed":0.0,"max_hp_gain":5.0,"max_hp_loss":0.0,"gold_gain":0.0,"event_name":"Big Fish","player_choice":"Donut","floor":7.0,"gold_loss":0.0,"damage_taken":0.0},{"damage_healed":0.0,"max_hp_gain":0.0,"max_hp_loss":0.0,"gold_gain":0.0,"event_name":"Dead Adventurer","player_choice":"Searched \u00270\u0027 times","floor":11.0,"gold_loss":0.0,"damage_taken":0.0},{"damage_healed":0,"gold_gain":0,"player_choice":"Read","damage_taken":0,"max_hp_gain":0,"max_hp_loss":0,"event_name":"The Library","floor":20,"gold_loss":0,"cards_obtained":["Sunder"]},{"damage_healed":0,"gold_gain":0,"player_choice":"Simplicity","damage_taken":0,"max_hp_gain":0,"max_hp_loss":0,"event_name":"Back to Basics","floor":21,"gold_loss":0,"cards_upgraded":["Strike_B","Strike_B","Strike_B","Defend_B","Defend_B","Defend_B","Defend_B"]}],"is_beta":false,"boss_relics":[{"not_picked":["FrozenCore","Fusion Hammer"],"picked":"Black Star"}],"items_purged_floors":[19],"is_endless":false,"potions_floor_spawned":[4,5,6,13,14,18,24],"killed_by":"Gremlin Leader","ascension_level":20}}