{"host":"jsd6g3c2vo13e69c","time":1614101612,"event":{"mods":["2.2 Compatiblity","Act Like it!","BaseMod","Better Altar","Better Match","Better Note","Better Sensory Stone","Better Third Choice","BetterRewards","Colored Map","Colored Powertips","Downfall","Friendly Minions","GifTheSpireLib","Googly Eyes","Gremlin Mod","Hermit","Hubris","Infinite Spire","Melee Mod","Minty Spire (QoL Compilation)","Permanent Neow","Quick Restart","Random Character Button","Replay The Spire","Shop Mod","Spire Arcade","StSLib","The Cursed","The Disciple","The Forsaken","thorton"],"gold_per_floor":[118,143,164,189,67,67,88,88,162,174,198,215,215,239,239,255,255,255],"floor_reached":16,"language":"ENG","playtime":672,"items_purged":["Normality"],"score":148,"play_id":"e6b764e8-4aac-479b-b869-6eb4e38a6d67","local_time":"20210223123332","is_ascension_mode":false,"campfire_choices":[{"data":"thethorton:SheetShred","floor":6,"key":"SMITH"},{"data":"thethorton:LongTermPayoff","floor":8,"key":"SMITH"},{"data":"thethorton:LongTermPayoff","floor":15,"key":"SMITH"}],"circlet_count":0,"master_deck":["thethorton:Strike","thethorton:Strike","thethorton:Strike","thethorton:Strike","thethorton:Defend","thethorton:Defend","thethorton:Defend","thethorton:Heckle","thethorton:CreditCard","champ:Taunt","bronze:Defend","Sadistic Nature","thethorton:HitAhead","thethorton:ChartProject","thethorton:SheetShred+1","thethorton:ElbowSmash","thethorton:LongTermPayoff+1","thethorton:ElbowSmash","thethorton:LongTermPayoff+1","thethorton:MidnightStrike","thethorton:PennyToss"],"relics":["thethorton:CouragePotion","hubris:PeanutButter"],"acts_visited":["Exordium"],"potions_floor_usage":[4,7,16,16],"damage_taken":[{"damage":8,"enemies":"Cultist","floor":1,"turns":5},{"damage":3,"enemies":"Small Slimes","floor":2,"turns":4},{"damage":7,"enemies":"Jaw Worm","floor":3,"turns":5},{"damage":11,"enemies":"Exordium Thugs","floor":4,"turns":6},{"damage":3,"enemies":"Blue Slaver","floor":7,"turns":5},{"damage":15,"enemies":"Gremlin Gang","floor":10,"turns":4},{"damage":0,"enemies":"Large Slime","floor":11,"turns":6},{"damage":0,"enemies":"Blue Slaver","floor":12,"turns":5},{"damage":0,"enemies":"2 Fungi Beasts","floor":14,"turns":4}],"seed_played":"8142256436271540072","potions_obtained":[{"floor":1,"key":"Fire Potion"},{"floor":2,"key":"sneckomod:MuddlingPotion"},{"floor":10,"key":"DistilledChaos"},{"floor":11,"key":"Languid Potion"}],"is_trial":false,"path_per_floor":["M","M","M","M","$","R","M","R","T","M","M","M","?","M","R","B"],"character_chosen":"THE_THORT","items_purchased":["thethorton:LongTermPayoff"],"campfire_rested":0,"item_purchase_floors":[5],"current_hp_per_floor":[60,57,50,39,39,39,36,36,36,21,21,21,21,21,21,0,0,0],"gold":255,"neow_bonus":"RANDOM_COLORLESS_2","is_daily":false,"chose_seed":false,"campfire_upgraded":3,"win_rate":0.0,"timestamp":1614101612,"path_taken":["M","M","M","?","?","R","M","R","T","M","?","M","?","M","R","BOSS"],"items_purchased_type":["Card"],"build_version":"2020-12-22","purchased_purges":1,"victory":false,"max_hp_per_floor":[68,68,68,68,68,68,68,68,68,68,68,68,68,68,68,68,68,68],"card_choices":[{"not_picked":["Panache","ReplayTheSpireMod:Brewmster"],"picked":"Sadistic Nature","floor":0},{"not_picked":["thethorton:CallIn","thethorton:LongTermPayoff"],"picked":"thethorton:HitAhead","floor":1},{"not_picked":["thethorton:Hindsight","thethorton:Distance"],"picked":"thethorton:ChartProject","floor":2},{"not_picked":["thethorton:LongTermPayoff","thethorton:Crash"],"picked":"thethorton:SheetShred","floor":3},{"not_picked":["thethorton:HedgeFund","thethorton:ThickSkin"],"picked":"thethorton:ElbowSmash","floor":4},{"not_picked":["thethorton:GoldBuffer","thethorton:StumblingSlap"],"picked":"thethorton:ElbowSmash","floor":7},{"not_picked":["thethorton:CashBash","thethorton:FeelNoBrain","thethorton:CoinClash"],"picked":"SKIP","floor":10},{"not_picked":["thethorton:Distance","thethorton:WhirlingBriefcase"],"picked":"thethorton:LongTermPayoff","floor":11},{"not_picked":["thethorton:RunningKick","thethorton:Distance","thethorton:BusinessCard"],"picked":"SKIP","floor":12},{"not_picked":["thethorton:FocusStrength","thethorton:PocketChange"],"picked":"thethorton:PennyToss","floor":14}],"player_experience":421622,"relics_obtained":[{"floor":9,"key":"hubris:PeanutButter"}],"event_choices":[{"damage_healed":0,"gold_gain":0,"cards_transformed":["thethorton:Defend"],"player_choice":"Transformed","damage_taken":0,"max_hp_gain":0,"max_hp_loss":0,"event_name":"Transmorgrifier","floor":13,"gold_loss":0,"cards_obtained":["thethorton:MidnightStrike"]}],"is_beta":false,"boss_relics":[],"items_purged_floors":[5],"is_endless":false,"potions_floor_spawned":[1,2,10,11],"killed_by":"The Guardian","ascension_level":0}}