{"host":"jsd6g3c2vo13e69c","time":1614100914,"event":{"mods":["2.2 Compatiblity","Act Like it!","BaseMod","Better Altar","Better Match","Better Note","Better Sensory Stone","Better Third Choice","BetterRewards","Colored Map","Colored Powertips","Downfall","Friendly Minions","GifTheSpireLib","Googly Eyes","Gremlin Mod","Hermit","Hubris","Infinite Spire","Melee Mod","Minty Spire (QoL Compilation)","Permanent Neow","Quick Restart","Random Character Button","Replay The Spire","Shop Mod","Spire Arcade","StSLib","The Cursed","The Disciple","The Forsaken","thorton"],"gold_per_floor":[119,119,134,134,158,158,179,202,274,31,54,54,74,93,93,502,502,526,554,514,368,368,368,404,8,60,60,95,133,133,172,172,197,197,197],"floor_reached":33,"language":"ENG","playtime":1239,"items_purged":[],"score":293,"play_id":"365c48e6-f456-45ad-9c48-b3b078bcd75e","local_time":"20210223122154","is_ascension_mode":false,"campfire_choices":[{"data":"thethorton:BoardroomBlast","floor":6,"key":"SMITH"},{"data":"thethorton:LastDitchEffort","floor":12,"key":"SMITH"},{"floor":15,"key":"REST"},{"floor":23,"key":"REST"},{"floor":27,"key":"REST"},{"data":"thethorton:SeeingDouble","floor":30,"key":"SMITH"},{"floor":32,"key":"REST"}],"circlet_count":0,"master_deck":["thethorton:Strike","thethorton:Strike","thethorton:Strike","thethorton:Strike","thethorton:Defend","thethorton:Defend","thethorton:Defend","thethorton:Defend","thethorton:Heckle","thethorton:CreditCard","thethorton:ThickSkin+1","thethorton:CashBash","thethorton:BoardroomBlast+1","thethorton:SeeingDouble+1","thethorton:DualBap","thethorton:MidnightStrike+1","Flash of Steel","thethorton:LastDitchEffort+1","thethorton:Jackpot","thethorton:LongTermPayoff+1","thethorton:CoinClash","thethorton:HitAhead+1","thethorton:LongTermPayoff"],"relics":["thethorton:CouragePotion","Singing Bowl","hubris:HollowSoul","Orrery","Vajra","White Beast Statue","Replay:Rubber Ducky"],"acts_visited":["Exordium","TheCity"],"potions_floor_usage":[8,24,28,31,33,33],"damage_taken":[{"damage":17,"enemies":"2 Louse","floor":1,"turns":4},{"damage":11,"enemies":"Jaw Worm","floor":3,"turns":5},{"damage":2,"enemies":"Cultist","floor":5,"turns":4},{"damage":2,"enemies":"Exordium Wildlife","floor":7,"turns":3},{"damage":6,"enemies":"Looter","floor":8,"turns":3},{"damage":8,"enemies":"Blue Slaver","floor":11,"turns":3},{"damage":13,"enemies":"Exordium Wildlife","floor":13,"turns":3},{"damage":0,"enemies":"Lots of Slimes","floor":14,"turns":1},{"damage":22,"enemies":"Hexaghost","floor":16,"turns":6},{"damage":31,"enemies":"Chosen","floor":18,"turns":8},{"damage":39,"enemies":"Shell Parasite","floor":19,"turns":7},{"damage":21,"enemies":"Centurion and Healer","floor":24,"turns":6},{"damage":29,"enemies":"Shelled Parasite and Fungi","floor":28,"turns":4},{"damage":26,"enemies":"Snake Plant","floor":29,"turns":3},{"damage":8,"enemies":"Centurion and Healer","floor":31,"turns":5},{"damage":28,"enemies":"Champ","floor":33,"turns":3}],"seed_played":"-5196287081059359191","potions_obtained":[{"floor":1,"key":"Weak Potion"},{"floor":7,"key":"Ancient Potion"},{"floor":20,"key":"FairyPotion"},{"floor":20,"key":"Flashbang"},{"floor":20,"key":"SpeedPotion"},{"floor":28,"key":"Toxic Potion"},{"floor":29,"key":"LifebloodPotion"},{"floor":31,"key":"AttackPotion"}],"is_trial":false,"path_per_floor":["M","?","M","?","M","R","M","M","T","$","M","R","M","M","R","B",null,"M","M","?","$","?","R","M","$","T","R","M","M","R","M","R","B"],"character_chosen":"THE_THORT","items_purchased":["thethorton:MidnightStrike","Flash of Steel","Orrery","Vajra","White Beast Statue"],"campfire_rested":4,"item_purchase_floors":[10,10,21,25,25],"current_hp_per_floor":[51,51,40,40,38,38,36,30,30,30,22,22,11,13,34,12,72,43,6,6,12,12,36,17,17,17,42,13,39,39,31,56,0,0,0],"gold":197,"neow_bonus":"REMOVE_CARD","is_daily":false,"chose_seed":false,"campfire_upgraded":3,"win_rate":0.0,"timestamp":1614100914,"path_taken":["M","?","M","?","M","R","M","M","T","$","M","R","M","?","R","BOSS","M","M","?","$","?","R","M","?","T","R","M","M","R","M","R","BOSS"],"items_purchased_type":["Card","Card","Relic","Relic","Relic"],"build_version":"2020-12-22","purchased_purges":0,"victory":false,"max_hp_per_floor":[68,68,68,68,68,68,68,68,68,68,68,68,70,72,72,72,72,74,76,76,82,82,82,84,84,84,84,84,86,86,86,86,86,86,86],"card_choices":[{"not_picked":["thethorton:DualBap","thethorton:BattleTrash"],"picked":"thethorton:ThickSkin","floor":1},{"not_picked":["thethorton:HitAhead","thethorton:DualBap"],"picked":"thethorton:CashBash","floor":3},{"not_picked":["thethorton:HedgeFund","thethorton:BookBash"],"picked":"thethorton:BoardroomBlast","floor":5},{"not_picked":["thethorton:AngerMoment","thethorton:ShoutAndRun"],"picked":"thethorton:SeeingDouble","floor":7},{"not_picked":["thethorton:Crash","thethorton:FearfulRun"],"picked":"thethorton:DualBap","floor":8},{"not_picked":["thethorton:PowerUp","thethorton:Octopus"],"picked":"thethorton:LastDitchEffort","floor":11},{"not_picked":["thethorton:Rebalance","thethorton:SnowDay","thethorton:HitAhead"],"picked":"Singing Bowl","floor":13},{"not_picked":["thethorton:RunningKick","thethorton:SnowDay","thethorton:LongDaysWork"],"picked":"Singing Bowl","floor":14},{"not_picked":["thethorton:CompoundInterest","thethorton:BigBreak"],"picked":"thethorton:Jackpot","floor":16},{"not_picked":["thethorton:BattleTrash","thethorton:Distance","thethorton:BookBash"],"picked":"Singing Bowl","floor":18},{"not_picked":["thethorton:WhirlingBriefcase","thethorton:SnowDay","thethorton:BookBash"],"picked":"Singing Bowl","floor":19},{"not_picked":["thethorton:ShoutAndRun+1","thethorton:BusinessBoom","thethorton:WhirlingBriefcase"],"picked":"Singing Bowl","floor":21},{"not_picked":["thethorton:DesperateRun+1","thethorton:StumblingSlap"],"picked":"thethorton:LongTermPayoff+1","floor":21},{"not_picked":["thethorton:BusinessCard","thethorton:BusinessBurst","thethorton:GemGun"],"picked":"Singing Bowl","floor":21},{"not_picked":["thethorton:BusinessBurst","thethorton:FearfulRun","thethorton:Fish"],"picked":"Singing Bowl","floor":21},{"not_picked":["thethorton:DownPayment+1","thethorton:BookBash+1"],"picked":"thethorton:CoinClash","floor":21},{"not_picked":["thethorton:LongTermPayoff","thethorton:Rebalance","thethorton:ElbowSmash"],"picked":"Singing Bowl","floor":24},{"not_picked":["thethorton:RunningFeint","thethorton:StumblingSlap"],"picked":"thethorton:HitAhead+1","floor":28},{"not_picked":["thethorton:RichRun+1","thethorton:Demotion","thethorton:BookBash"],"picked":"Singing Bowl","floor":29},{"not_picked":["thethorton:SnowDay","thethorton:DualBap"],"picked":"thethorton:LongTermPayoff","floor":31}],"player_experience":419872,"relics_obtained":[{"floor":9,"key":"Singing Bowl"},{"floor":26,"key":"Replay:Rubber Ducky"}],"event_choices":[{"damage_healed":0,"gold_gain":0,"player_choice":"Upgraded","damage_taken":0,"max_hp_gain":0,"max_hp_loss":0,"event_name":"Upgrade Shrine","floor":4,"gold_loss":0,"cards_upgraded":["thethorton:ThickSkin"]},{"damage_healed":0,"gold_gain":0,"player_choice":"Bought 3 Potions","damage_taken":0,"max_hp_gain":0,"max_hp_loss":0,"event_name":"The Woman in Blue","floor":20,"gold_loss":0},{"damage_healed":0,"gold_gain":0,"player_choice":"Upgraded","damage_taken":0,"max_hp_gain":0,"max_hp_loss":0,"event_name":"Upgrade Shrine","floor":22,"gold_loss":0,"cards_upgraded":["thethorton:MidnightStrike"]}],"is_beta":false,"boss_relics":[{"not_picked":["ReplayTheSpireMod:DimensionalGlitch","theForsaken:PaleLantern"],"picked":"hubris:HollowSoul"}],"items_purged_floors":[],"is_endless":false,"potions_floor_spawned":[1,7,28,29,31],"killed_by":"Champ","ascension_level":0}}