{"host":"kejh1c9c53env2nx","time":1614124251,"event":{"mods":["BaseMod","Downfall","Minty Spire (QoL Compilation)","StSLib"],"gold_per_floor":[110,126,142,216,226,226,261,111,136,136,136,161,161,161,161,258,308,321,321,337,355,372,372,46,46,73,103,103,114,114,124,124,226,226,246,61,0,50,67,93,106,106,129,129,147,147,72,83,83,83,83],"floor_reached":50,"language":"ENG","playtime":3216,"items_purged":["Streamline+1"],"score":500,"play_id":"3701c7bb-c837-4f4b-889e-18956aa2e1f1","local_time":"20210223235051","is_ascension_mode":false,"campfire_choices":[{"data":"Streamline","floor":6.0,"key":"SMITH"},{"floor":11,"key":"REST"},{"data":"Streamline","floor":13,"key":"SMITH"},{"floor":15,"key":"REST"},{"data":"Streamline","floor":23,"key":"SMITH"},{"floor":30,"key":"REST"},{"data":"Scrape","floor":32,"key":"SMITH"},{"floor":44,"key":"REST"},{"floor":46,"key":"REST"},{"floor":49,"key":"REST"}],"circlet_count":0,"master_deck":["Strike_B","Strike_B","Strike_B","Strike_B","Defend_B+1","Defend_B","Defend_B","Defend_B","Zap+1","Dualcast","Streamline+1","Streamline+1","Scrape+1","All For One","Rainbow+1","FTL","Conserve Battery+1","Double Energy+1","Go for the Eyes","Gash","Gash","Scrape","BootSequence","Rebound","FTL","All For One","Steam+1","Apotheosis","BootSequence","Go for the Eyes+1","Gash+1","Static Discharge+1","Steam+1"],"relics":["Cracked Core","NeowsBlessing","Toy Ornithopter","Sling","Orichalcum","Potion Belt","Sundial","Tiny House","NlothsMask","PreservedInsect","Lizard Tail","SlaversCollar","Red Mask","CaptainsWheel","Lantern","War Paint"],"acts_visited":["Exordium","TheCity","TheBeyond"],"potions_floor_usage":[7,12,21,22,27,27,33,33,33,33,50],"damage_taken":[{"damage":0.0,"enemies":"Cultist","floor":1.0,"turns":1.0},{"damage":0.0,"enemies":"Small Slimes","floor":2.0,"turns":1.0},{"damage":0.0,"enemies":"2 Louse","floor":3.0,"turns":1.0},{"damage":15.0,"enemies":"Gremlin Gang","floor":5.0,"turns":4.0},{"damage":36,"enemies":"Lagavulin","floor":7,"turns":4},{"damage":8,"enemies":"Gremlin Nob","floor":12,"turns":3},{"damage":43,"enemies":"Hexaghost","floor":16,"turns":8},{"damage":35,"enemies":"2 Thieves","floor":18,"turns":4},{"damage":9,"enemies":"3 Byrds","floor":20,"turns":4},{"damage":6,"enemies":"Snake Plant","floor":21,"turns":2},{"damage":0,"enemies":"Chosen and Byrds","floor":22,"turns":4},{"damage":17,"enemies":"Slavers","floor":27,"turns":4},{"damage":3,"enemies":"Centurion and Healer","floor":29,"turns":5},{"damage":3,"enemies":"Snecko","floor":31,"turns":4},{"damage":77,"enemies":"Champ","floor":33,"turns":10},{"damage":5,"enemies":"Orb Walker","floor":35,"turns":3},{"damage":22,"enemies":"Mind Bloom Boss Battle","floor":38,"turns":5},{"damage":15,"enemies":"3 Darklings","floor":39,"turns":6},{"damage":81,"enemies":"Reptomancer","floor":40,"turns":4},{"damage":23,"enemies":"Sphere and 2 Shapes","floor":41,"turns":5},{"damage":14,"enemies":"Writhing Mass","floor":45,"turns":5},{"damage":24,"enemies":"Maw","floor":48,"turns":7},{"damage":52,"enemies":"Donu and Deca","floor":50,"turns":6}],"seed_played":"4526170831823315990","potions_obtained":[{"floor":1.0,"key":"GamblersBrew"},{"floor":5.0,"key":"Regen Potion"},{"floor":16,"key":"hexamod:SoulburnPotion"},{"floor":17,"key":"Ancient Potion"},{"floor":18,"key":"ColorlessPotion"},{"floor":22,"key":"FearPotion"},{"floor":25,"key":"FocusPotion"},{"floor":25,"key":"BlessingOfTheForge"},{"floor":27,"key":"Weak Potion"},{"floor":35,"key":"bronze:BurnAndBuffPotion"},{"floor":48,"key":"PowerPotion"}],"is_trial":false,"path_per_floor":["M","M","M","?","M","R","E","$","T","?","R","E","R","?","R","B",null,"M","?","M","M","M","R","$","?","T","E","$","M","R","M","R","B",null,"M","$","?","?","M","E","M","?","T","R","M","R","$","M","R","B"],"character_chosen":"DEFECT","items_purchased":["Sling","Gash","PreservedInsect","Scrape","hexamod:SoulburnPotion","Apotheosis"],"campfire_rested":6,"item_purchase_floors":[8,24,24,24,24,36],"current_hp_per_floor":[75,75,75,75,60,60,33,33,33,30,52,49,49,49,71,35,80,45,45,43,42,47,47,47,47,47,40,40,44,68,65,65,12,80,75,75,75,60,45,27,4,4,4,28,14,38,38,14,38,0,0],"gold":83,"neow_bonus":"THREE_ENEMY_KILL","is_daily":false,"chose_seed":false,"campfire_upgraded":4,"win_rate":0.0,"timestamp":1614124251,"path_taken":["M","?","?","?","M","R","E","$","T","?","R","E","R","?","R","BOSS","M","?","M","M","?","R","$","?","T","E","$","?","R","M","R","BOSS","M","$","?","?","M","E","M","?","T","R","M","R","?","M","R","BOSS"],"items_purchased_type":["Relic","Card","Relic","Card","Potion","Card"],"build_version":"2020-12-22","purchased_purges":1,"victory":false,"max_hp_per_floor":[75,75,75,75,75,75,75,75,75,75,75,75,75,75,75,75,80,80,80,80,80,80,80,80,80,80,80,80,80,80,80,80,80,80,80,80,80,80,80,80,80,80,80,80,80,80,80,80,80,80,80],"card_choices":[{"not_picked":["Blizzard","Genetic Algorithm"],"picked":"Streamline","floor":1.0},{"not_picked":["Blizzard","Turbo"],"picked":"Self Repair","floor":2.0},{"not_picked":["Glacier","Barrage"],"picked":"Streamline","floor":3.0},{"not_picked":["Ball Lightning","Force Field"],"picked":"Streamline","floor":5.0},{"not_picked":["Streamline","Barrage"],"picked":"Scrape","floor":7},{"not_picked":["Compile Driver","Go for the Eyes"],"picked":"All For One","floor":12},{"not_picked":["Electrodynamics","Thunder Strike"],"picked":"Rainbow","floor":16},{"not_picked":["Streamline","Beam Cell"],"picked":"FTL","floor":17},{"not_picked":["Coolheaded","Barrage"],"picked":"Conserve Battery+1","floor":18},{"not_picked":["Redo","Stack"],"picked":"Double Energy+1","floor":20},{"not_picked":["Reinforced Body","Cold Snap+1"],"picked":"Go for the Eyes","floor":21},{"not_picked":["Beam Cell+1","Steam+1"],"picked":"Gash","floor":22},{"not_picked":["Compile Driver+1","Amplify"],"picked":"BootSequence","floor":27},{"not_picked":["Double Energy","Redo"],"picked":"Rebound","floor":29},{"not_picked":["Cold Snap+1","Hello World"],"picked":"FTL","floor":31},{"not_picked":["Thunder Strike","Biased Cognition"],"picked":"All For One","floor":33},{"not_picked":["Capacitor+1","Heatsinks+1"],"picked":"Steam+1","floor":35},{"not_picked":["Beam Cell+1","Melter"],"picked":"BootSequence","floor":39},{"not_picked":["Compile Driver+1","Rebound+1"],"picked":"Go for the Eyes+1","floor":40},{"not_picked":["Reinforced Body+1","Doom and Gloom"],"picked":"Gash+1","floor":41},{"not_picked":["Leap","Darkness"],"picked":"Static Discharge+1","floor":45},{"not_picked":["Rebound+1","Consume"],"picked":"Steam+1","floor":48}],"player_experience":80557,"relics_obtained":[{"floor":7,"key":"Toy Ornithopter"},{"floor":9,"key":"Orichalcum"},{"floor":12,"key":"Sundial"},{"floor":27,"key":"Lizard Tail"},{"floor":38,"key":"CaptainsWheel"},{"floor":40,"key":"Lantern"},{"floor":43,"key":"War Paint"}],"event_choices":[{"damage_healed":0.0,"max_hp_gain":0.0,"max_hp_loss":0.0,"gold_gain":74.0,"event_name":"Golden Wing","player_choice":"Gained Gold","floor":4.0,"gold_loss":0.0,"damage_taken":0.0},{"damage_healed":0,"gold_gain":0,"player_choice":"Success","damage_taken":3,"relics_obtained":["Potion Belt"],"max_hp_gain":0,"max_hp_loss":0,"event_name":"Scrap Ooze","floor":10,"gold_loss":0},{"damage_healed":0,"gold_gain":0,"player_choice":"Ignored","damage_taken":0,"max_hp_gain":0,"max_hp_loss":0,"event_name":"Liars Game","floor":14,"gold_loss":0},{"damage_healed":0,"gold_gain":0,"player_choice":"Trade","damage_taken":0,"relics_obtained":["NlothsMask"],"max_hp_gain":0,"max_hp_loss":0,"event_name":"FaceTrader","floor":19,"gold_loss":0},{"damage_healed":0,"gold_gain":0,"player_choice":"Got Potions","damage_taken":0,"max_hp_gain":0,"max_hp_loss":0,"event_name":"Lab","floor":25,"gold_loss":0},{"damage_healed":0,"gold_gain":0,"player_choice":"Paid","damage_taken":0,"relics_obtained":["Red Mask"],"max_hp_gain":0,"max_hp_loss":0,"event_name":"Tomb of Lord Red Mask","floor":37,"gold_loss":61},{"damage_healed":0,"gold_gain":0,"player_choice":"Fight","damage_taken":0,"max_hp_gain":0,"max_hp_loss":0,"event_name":"MindBloom","floor":38,"gold_loss":0},{"cards_removed":["Self Repair"],"damage_healed":0,"gold_gain":0,"player_choice":"Removed Power","damage_taken":0,"max_hp_gain":0,"max_hp_loss":0,"event_name":"Falling","floor":42,"gold_loss":0}],"is_beta":false,"boss_relics":[{"not_picked":["Cursed Key","Runic Pyramid"],"picked":"Tiny House"},{"not_picked":["Coffee Dripper","Sozu"],"picked":"SlaversCollar"}],"items_purged_floors":[47],"is_endless":false,"potions_floor_spawned":[1,5,16,18,22,27,35,48],"killed_by":"Donu and Deca","ascension_level":0}}