{"host":"f9xhx7hoqq8tf21i","time":1614120221,"event":{"mods":["AchievementEnabler","BaseMod","Block Reminder","Colored Map","Colored Powertips","GifTheSpireLib","Key Reminder","Minty Spire (QoL Compilation)","Quick Restart","StSLib","Steal the Spire","Synergy Search","The Wild Card"],"gold_per_floor":[119,134,153,165,165,190,190,200,200,234,250,250,250,269,269,269,269],"floor_reached":16,"language":"ENG","playtime":776,"items_purged":[],"score":114,"play_id":"45364983-ce58-4c96-aac8-6c89960bffef","local_time":"20210223224341","is_ascension_mode":false,"campfire_choices":[{"data":"theWildCard:Lucifer","floor":7,"key":"SMITH"},{"data":"theWildCard:MagicMettle","floor":12,"key":"SMITH"},{"data":"theWildCard:Arsene","floor":15,"key":"SMITH"}],"circlet_count":0,"master_deck":["theWildCard:BasicStrike","theWildCard:BasicStrike","theWildCard:BasicStrike","theWildCard:BasicDefend","theWildCard:BasicDefend","theWildCard:BasicDefend","theWildCard:BasicDefend","theWildCard:CallToAdventure","theWildCard:Arsene+1","theWildCard:Caesar","theWildCard:PowerOfTheArcana","theWildCard:MagicalMight","theWildCard:BladeOfGenerations","theWildCard:Lucifer+1","theWildCard:StingingStrike","theWildCard:MagicMettle+1"],"relics":["theWildCard:VelvetContract","Bronze Scales","Bottled Lightning","Eternal Feather"],"acts_visited":["Exordium"],"potions_floor_usage":[11,11],"damage_taken":[{"damage":3,"enemies":"Jaw Worm","floor":1,"turns":4},{"damage":0,"enemies":"Cultist","floor":2,"turns":3},{"damage":1,"enemies":"Small Slimes","floor":3,"turns":3},{"damage":13,"enemies":"Blue Slaver","floor":4,"turns":4},{"damage":24,"enemies":"Lagavulin","floor":6,"turns":7},{"damage":12,"enemies":"Gremlin Gang","floor":8,"turns":3},{"damage":6,"enemies":"Gremlin Nob","floor":10,"turns":3},{"damage":0,"enemies":"Exordium Thugs","floor":11,"turns":3},{"damage":0,"enemies":"3 Louse","floor":14,"turns":2},{"damage":16,"enemies":"The Guardian","floor":16,"turns":5}],"seed_played":"-5215697845346565909","potions_obtained":[{"floor":1,"key":"Fire Potion"},{"floor":10,"key":"Explosive Potion"},{"floor":14,"key":"Weak Potion"}],"is_trial":false,"path_per_floor":["M","M","M","M","?","E","R","M","T","E","M","R","?","M","R","B"],"character_chosen":"THE_WILD_CARD","items_purchased":[],"campfire_rested":0,"item_purchase_floors":[],"current_hp_per_floor":[57,57,56,43,60,36,36,24,24,18,18,27,20,20,29,13,13],"gold":269,"neow_bonus":"ONE_RANDOM_RARE_CARD","is_daily":false,"chose_seed":false,"campfire_upgraded":3,"win_rate":0.0,"timestamp":1614120221,"path_taken":["M","M","M","M","?","E","R","?","T","E","M","R","?","M","R","BOSS"],"items_purchased_type":[],"build_version":"2020-12-22","purchased_purges":0,"victory":false,"max_hp_per_floor":[60,60,60,60,60,60,60,60,60,60,60,60,60,60,60,60,60],"card_choices":[{"not_picked":["theWildCard:ArchaicAssault","theWildCard:MaskChange","theWildCard:UnendingRitual"],"picked":"SKIP","floor":1},{"not_picked":["theWildCard:Unburden","theWildCard:StingingStrike"],"picked":"theWildCard:PowerOfTheArcana","floor":2},{"not_picked":["theWildCard:ArcaneArts","theWildCard:Michael"],"picked":"theWildCard:MagicalMight","floor":3},{"not_picked":["theWildCard:SeveringSlash","theWildCard:StalwartBlade"],"picked":"theWildCard:BladeOfGenerations","floor":4},{"not_picked":["theWildCard:Attunement","theWildCard:Abstinence"],"picked":"theWildCard:Lucifer","floor":6},{"not_picked":["theWildCard:EnergizedStroke","theWildCard:LadyLuck"],"picked":"theWildCard:StingingStrike","floor":8},{"not_picked":["theWildCard:MaskChange","theWildCard:Providence","theWildCard:SacrificialStroke"],"picked":"SKIP","floor":10},{"not_picked":["theWildCard:EnergizedStroke","theWildCard:PaleRider"],"picked":"theWildCard:MagicMettle","floor":11},{"not_picked":["theWildCard:MagicalMight","theWildCard:Unburden","theWildCard:Polydeuces"],"picked":"SKIP","floor":14}],"player_experience":125616,"relics_obtained":[{"floor":6,"key":"Bronze Scales"},{"floor":9,"key":"Bottled Lightning"},{"floor":10,"key":"Eternal Feather"}],"event_choices":[{"damage_healed":17,"gold_gain":0,"player_choice":"Full Heal","damage_taken":0,"max_hp_gain":0,"max_hp_loss":0,"event_name":"Wheel of Change","floor":5,"gold_loss":0},{"cards_removed":["theWildCard:BasicStrike"],"damage_healed":0,"gold_gain":0,"player_choice":"Card Removal","damage_taken":7,"max_hp_gain":0,"max_hp_loss":0,"event_name":"Golden Wing","floor":13,"gold_loss":0}],"is_beta":false,"boss_relics":[],"items_purged_floors":[],"is_endless":false,"potions_floor_spawned":[1,10,14],"killed_by":"The Guardian","ascension_level":0}}