{"host":"iv24d026eac8pm4e","time":1614095165,"event":{"mods":["BaseMod","Minty Spire (QoL Compilation)"],"gold_per_floor":[118,138,288,304,314,340,340,354,354,354,364,364,364],"floor_reached":12,"language":"ENG","playtime":380,"items_purged":[],"score":152,"play_id":"81f1096b-a366-4e1e-86c9-513539d6cce2","local_time":"20210223074605","is_ascension_mode":true,"campfire_choices":[{"data":"Redo","floor":10,"key":"SMITH"}],"circlet_count":0,"master_deck":["AscendersBane","Strike_B","Strike_B","Strike_B","Strike_B","Defend_B","Defend_B","Defend_B","Defend_B","Zap","Dualcast","Doom and Gloom","Glacier","Cold Snap","Doubt","BootSequence","Chill","Genetic Algorithm","Conserve Battery","Redo+1","Conserve Battery"],"relics":["Cracked Core","DataDisk","InkBottle"],"acts_visited":["Exordium"],"potions_floor_usage":[6,12],"damage_taken":[{"damage":4,"enemies":"2 Louse","floor":1,"turns":2},{"damage":7,"enemies":"Jaw Worm","floor":2,"turns":2},{"damage":0,"enemies":"Cultist","floor":4,"turns":3},{"damage":4,"enemies":"Looter","floor":5,"turns":3},{"damage":2,"enemies":"Lagavulin","floor":6,"turns":6},{"damage":5,"enemies":"Blue Slaver","floor":8,"turns":3},{"damage":0,"enemies":"Exordium Thugs","floor":11,"turns":5},{"damage":56,"enemies":"Gremlin Nob","floor":12,"turns":5}],"seed_played":"1503401846312965434","potions_obtained":[{"floor":2,"key":"FocusPotion"},{"floor":4,"key":"Strength Potion"},{"floor":6,"key":"DistilledChaos"}],"is_trial":false,"path_per_floor":["M","M","?","M","M","E","?","M","T","R","M","E"],"character_chosen":"DEFECT","items_purchased":[],"campfire_rested":0,"item_purchase_floors":[],"current_hp_per_floor":[60,53,53,53,49,47,47,42,42,42,42,0,0],"gold":364,"neow_bonus":"THREE_CARDS","is_daily":false,"chose_seed":false,"campfire_upgraded":1,"win_rate":0.0,"timestamp":1614095165,"path_taken":["M","M","?","M","M","E","?","M","T","R","?","E"],"items_purchased_type":[],"build_version":"2020-12-22","purchased_purges":0,"victory":false,"max_hp_per_floor":[71,71,71,71,71,71,71,71,71,71,71,71,71],"card_choices":[{"not_picked":["Static Discharge","Coolheaded"],"picked":"Doom and Gloom","floor":0},{"not_picked":["Cold Snap","Go for the Eyes"],"picked":"Glacier","floor":1},{"not_picked":["Coolheaded","Stack"],"picked":"Cold Snap","floor":2},{"not_picked":["Blizzard","Barrage"],"picked":"BootSequence","floor":4},{"not_picked":["Hologram","Conserve Battery"],"picked":"Chill","floor":5},{"not_picked":["Sweeping Beam","Barrage"],"picked":"Genetic Algorithm","floor":6},{"not_picked":["Conserve Battery","Steam"],"picked":"Redo","floor":8},{"not_picked":["Turbo","Hologram"],"picked":"Conserve Battery","floor":11}],"player_experience":2596967,"relics_obtained":[{"floor":6,"key":"DataDisk"},{"floor":9,"key":"InkBottle"}],"event_choices":[{"damage_healed":0,"gold_gain":150,"player_choice":"AGREE","damage_taken":0,"max_hp_gain":0,"max_hp_loss":0,"event_name":"Liars Game","floor":3,"gold_loss":0,"cards_obtained":["Doubt"]},{"damage_healed":0,"gold_gain":0,"player_choice":"1 cards matched","damage_taken":0,"max_hp_gain":0,"max_hp_loss":0,"event_name":"Match and Keep!","floor":7,"gold_loss":0,"cards_obtained":["Conserve Battery"]}],"is_beta":false,"boss_relics":[],"items_purged_floors":[],"is_endless":false,"potions_floor_spawned":[2,4,6,8],"killed_by":"Gremlin Nob","ascension_level":17}}