{"host":"birdoosa9v9yfc1w","time":1614059802,"event":{"mods":["2.2 Compatiblity","BaseMod","Bossed Relics","Colored Map","Colored Powertips","Dark Map","Halation","Highlight Path","Minty Spire (QoL Compilation)","Rare Cards Sparkle","Relic Filter","SacredBarkPlus","StSLib","The Jungle","Thrall Mod"],"gold_per_floor":[109,109,109,74,74,101,101,131,156,181,194,194,194,45,45,45,45],"floor_reached":16,"language":"ENG","playtime":605,"items_purged":[],"score":231,"play_id":"35c54d41-0e78-4991-a6ae-0ce39a4e0264","local_time":"20210223005642","is_ascension_mode":true,"campfire_choices":[{"data":"Shudderwock","floor":7,"key":"SMITH"},{"floor":12,"key":"REST"},{"data":"Alakir","floor":15,"key":"SMITH"}],"circlet_count":0,"master_deck":["AscendersBane","Strike_Thrall","Strike_Thrall","Strike_Thrall","Strike_Thrall","Defend_Thrall","Defend_Thrall","Defend_Thrall+1","Defend_Thrall","Defend_Thrall","Lightningbolt","Thecoin+1","Zap","Alakir+1","Shudderwock+1","Menacingnimbus"],"relics":["Totem","Tiny Chest","War Paint","Toy Ornithopter","Pen Nib","Juzu Bracelet","Ancient Tea Set","Golden Idol","Strawberry"],"acts_visited":["Exordium"],"potions_floor_usage":[],"damage_taken":[{"damage":6,"enemies":"Jaw Worm","floor":1,"turns":4},{"damage":29,"enemies":"3 Sentries","floor":6,"turns":9},{"damage":20,"enemies":"Lagavulin","floor":8,"turns":8},{"damage":0,"enemies":"Small Slimes","floor":11,"turns":2}],"seed_played":"-3203725271718790714","potions_obtained":[{"floor":6,"key":"Keypotion"},{"floor":11,"key":"PowerPotion"}],"is_trial":false,"path_per_floor":["M","?","?","?","T","E","R","E","T","T","M","R","?","$","R","B"],"character_chosen":"THRALL","items_purchased":["Strawberry"],"campfire_rested":1,"item_purchase_floors":[14],"current_hp_per_floor":[59,59,64,64,64,41,41,23,23,23,23,45,27,34,34,0,0],"gold":45,"neow_bonus":"RANDOM_COMMON_RELIC","is_daily":false,"chose_seed":false,"campfire_upgraded":2,"win_rate":0.0,"timestamp":1614059802,"path_taken":["M","?","?","?","?","E","R","E","T","?","M","R","?","$","R","BOSS"],"items_purchased_type":["Relic"],"build_version":"2020-12-22","purchased_purges":0,"victory":false,"max_hp_per_floor":[70,70,75,75,75,75,75,75,75,75,75,75,75,82,82,82,82],"card_choices":[{"not_picked":["Jadecheiftain","Forkedlightning"],"picked":"Zap","floor":1},{"not_picked":["Avalanche","Farsight"],"picked":"Shudderwock","floor":6},{"not_picked":["Unstable","Rockbiter","Healingrain"],"picked":"SKIP","floor":8},{"not_picked":["Jinyu","Totemicsmash"],"picked":"Menacingnimbus","floor":11}],"player_experience":652575,"relics_obtained":[{"floor":5,"key":"War Paint"},{"floor":6,"key":"Toy Ornithopter"},{"floor":8,"key":"Pen Nib"},{"floor":9,"key":"Juzu Bracelet"},{"floor":10,"key":"Ancient Tea Set"}],"event_choices":[{"damage_healed":0,"gold_gain":0,"cards_transformed":["Strike_Thrall"],"player_choice":"Change","damage_taken":0,"max_hp_gain":0,"max_hp_loss":0,"event_name":"Living Wall","floor":2,"gold_loss":0,"cards_obtained":["Alakir"]},{"damage_healed":0,"gold_gain":0,"player_choice":"Donut","damage_taken":0,"max_hp_gain":5,"max_hp_loss":0,"event_name":"Big Fish","floor":3,"gold_loss":0},{"damage_healed":0,"gold_gain":0,"player_choice":"Left Gold","damage_taken":0,"max_hp_gain":0,"max_hp_loss":0,"event_name":"World of Goop","floor":4,"gold_loss":35},{"damage_healed":0,"gold_gain":0,"player_choice":"Take Damage","damage_taken":18,"relics_obtained":["Golden Idol"],"max_hp_gain":0,"max_hp_loss":0,"event_name":"Golden Idol","floor":13,"gold_loss":0}],"is_beta":false,"boss_relics":[],"items_purged_floors":[],"is_endless":false,"potions_floor_spawned":[6,11],"killed_by":"The Guardian","ascension_level":10}}