{"host":"tyn27qd7gau91f81","time":1614063062,"event":{"mods":["BaseMod","Colored Map","Minty Spire (QoL Compilation)","Permanent Neow","Relic Stats","StSLib","everything is the same but u backflip on backflip"],"gold_per_floor":[119,130,80,96,127,127,157,157,180,180,194,194,194,206,206,304,304,316,90,100,114,126,126,154,154,177,177,209,209,219,234,234,332,332,345,400,400,411,63,63,88,88,88,107,107,125,125,137,137,137,137,137,11,45,45],"floor_reached":56,"language":"ENG","playtime":5075,"items_purged":["Defend_R","Strike_R","Searing Blow"],"score":1219,"play_id":"ba42c923-cf7e-437b-a43c-46c57d5caa3a","local_time":"20210222225102","is_ascension_mode":false,"campfire_choices":[{"data":"Searing Blow","floor":6,"key":"SMITH"},{"data":"Searing Blow+1","floor":10,"key":"SMITH"},{"data":"Searing Blow+2","floor":13,"key":"SMITH"},{"data":"Searing Blow+3","floor":15,"key":"SMITH"},{"data":"Searing Blow+4","floor":23,"key":"SMITH"},{"data":"Searing Blow+5","floor":27,"key":"SMITH"},{"data":"Searing Blow+6","floor":29,"key":"SMITH"},{"data":"Searing Blow+7","floor":32,"key":"SMITH"},{"floor":40,"key":"RECALL"},{"data":"Searing Blow+8","floor":45,"key":"SMITH"},{"data":"Searing Blow+9","floor":47,"key":"SMITH"},{"data":"Searing Blow+10","floor":49,"key":"SMITH"},{"data":"Searing Blow+11","floor":52,"key":"SMITH"}],"circlet_count":0,"master_deck":["Strike_R+1","Defend_R+1","Defend_R","Bash","Trip","Searing Blow+12","Disarm","Second Wind+1","Shrug It Off","Battle Trance+1","Immolate","Corruption","Feel No Pain","Dual Wield","Shrug It Off+1","Whirlwind","Uppercut","Shockwave","Warcry+1","Impervious","Disarm+1","Entrench","Feel No Pain+1","True Grit+1","Body Slam+1","Flame Barrier","Body Slam+1"],"relics":["Burning Blood","War Paint","Centennial Puzzle","Coffee Dripper","Happy Flower","Dream Catcher","Smiling Mask","Snecko Eye","Lizard Tail","Dead Branch","Art of War","Shuriken","InkBottle"],"acts_visited":["Exordium","TheCity","TheBeyond","TheEnding"],"potions_floor_usage":[5,16,16,22],"damage_taken":[{"damage":3,"enemies":"Jaw Worm","floor":1,"turns":3},{"damage":0,"enemies":"2 Louse","floor":2,"turns":2},{"damage":1,"enemies":"Cultist","floor":4,"turns":3},{"damage":0,"enemies":"Looter","floor":5,"turns":4},{"damage":49,"enemies":"Gremlin Nob","floor":7,"turns":6},{"damage":0,"enemies":"2 Fungi Beasts","floor":11,"turns":3},{"damage":3,"enemies":"Large Slime","floor":14,"turns":4},{"damage":11,"enemies":"The Guardian","floor":16,"turns":9},{"damage":7,"enemies":"Shell Parasite","floor":18,"turns":4},{"damage":5,"enemies":"3 Byrds","floor":20,"turns":4},{"damage":15,"enemies":"Shelled Parasite and Fungi","floor":21,"turns":4},{"damage":6,"enemies":"Centurion and Healer","floor":22,"turns":4},{"damage":1,"enemies":"Gremlin Leader","floor":24,"turns":4},{"damage":8,"enemies":"Slavers","floor":28,"turns":3},{"damage":0,"enemies":"Snecko","floor":30,"turns":3},{"damage":4,"enemies":"Cultist and Chosen","floor":31,"turns":4},{"damage":24,"enemies":"Automaton","floor":33,"turns":6},{"damage":0,"enemies":"Orb Walker","floor":35,"turns":3},{"damage":9,"enemies":"2 Orb Walkers","floor":36,"turns":3},{"damage":6,"enemies":"3 Shapes","floor":38,"turns":2},{"damage":0,"enemies":"Nemesis","floor":41,"turns":5},{"damage":19,"enemies":"Transient","floor":44,"turns":5},{"damage":0,"enemies":"3 Darklings","floor":46,"turns":2},{"damage":4,"enemies":"Sphere and 2 Shapes","floor":48,"turns":3},{"damage":24,"enemies":"Time Eater","floor":50,"turns":5},{"damage":5,"enemies":"Shield and Spear","floor":54,"turns":2},{"damage":4,"enemies":"The Heart","floor":55,"turns":4}],"seed_played":"-1273348284897278654","potions_obtained":[{"floor":1,"key":"SteroidPotion"},{"floor":2,"key":"SkillPotion"},{"floor":4,"key":"ColorlessPotion"},{"floor":11,"key":"Energy Potion"},{"floor":18,"key":"SkillPotion"},{"floor":28,"key":"EssenceOfSteel"},{"floor":30,"key":"DuplicationPotion"},{"floor":41,"key":"DuplicationPotion"}],"is_trial":false,"path_per_floor":["M","M","?","M","M","R","E","?","T","R","M","?","R","M","R","B",null,"M","$","M","M","M","R","E","?","T","R","E","R","M","M","R","B",null,"M","?","?","M","$","R","E","?","T","M","R","M","R","M","R","B",null,"R","$","E","B",null],"character_chosen":"IRONCLAD","items_purchased":["Happy Flower","Dead Branch","Flame Barrier"],"campfire_rested":0,"item_purchase_floors":[19,39,53],"current_hp_per_floor":[80,80,80,80,80,80,37,21,21,21,27,27,27,30,30,25,80,79,79,80,71,71,71,76,76,76,76,74,74,80,80,80,62,80,80,77,77,77,77,77,80,76,76,63,63,69,69,71,71,53,76,76,76,76,76],"gold":45,"neow_bonus":"RANDOM_COLORLESS","is_daily":false,"chose_seed":false,"campfire_upgraded":12,"win_rate":0.0,"timestamp":1614063062,"path_taken":["M","M","?","M","M","R","E","?","T","R","M","?","R","M","R","BOSS","M","?","M","M","M","R","E","?","T","R","E","R","M","M","R","BOSS","M","?","?","?","$","R","E","?","T","M","R","M","R","M","R","BOSS","R","$","E","BOSS"],"items_purchased_type":["Relic","Relic","Card"],"build_version":"2020-12-22","purchased_purges":3,"victory":true,"max_hp_per_floor":[80,80,80,80,80,80,80,80,80,80,80,80,80,80,80,80,80,80,80,80,80,80,80,80,80,80,80,80,80,80,80,80,80,80,80,80,80,80,80,80,80,76,76,76,76,76,76,76,76,76,76,76,76,76,76],"relic_stats":{"Happy Flower":[22],"counters":[27,104],"Dead Branch":[207],"War Paint":["Second Wind","Battle Trance"],"Smiling Mask":125,"Burning Blood":128,"Centennial Puzzle":[51],"Dream Catcher":0,"Lizard Tail":0,"Shuriken":[10],"Snecko Eye":[62,86,100,68],"Art of War":[2],"obtain_stats":[{"Happy Flower":19,"Dead Branch":39,"War Paint":7,"Smiling Mask":28,"Burning Blood":0,"Centennial Puzzle":9,"Dream Catcher":24,"Lizard Tail":36,"Shuriken":43,"Snecko Eye":34,"Coffee Dripper":17,"Art of War":41,"InkBottle":54},{"Happy Flower":9,"Dead Branch":20,"War Paint":5,"Smiling Mask":14,"Burning Blood":0,"Centennial Puzzle":5,"Dream Catcher":13,"Lizard Tail":19,"Shuriken":21,"Snecko Eye":17,"Coffee Dripper":8,"Art of War":21,"InkBottle":26},{"Happy Flower":38,"Dead Branch":78,"War Paint":18,"Smiling Mask":57,"Burning Blood":0,"Centennial Puzzle":18,"Dream Catcher":54,"Lizard Tail":76,"Shuriken":83,"Snecko Eye":70,"Coffee Dripper":34,"Art of War":83,"InkBottle":100}],"InkBottle":[4]},"card_choices":[{"not_picked":["Forethought","Jack Of All Trades"],"picked":"Trip","floor":0},{"not_picked":["Twin Strike","Seeing Red"],"picked":"Searing Blow","floor":1},{"not_picked":["Perfected Strike","Searing Blow"],"picked":"Disarm","floor":2},{"not_picked":["Spot Weakness","Anger"],"picked":"Second Wind","floor":4},{"not_picked":["Perfected Strike","True Grit"],"picked":"Shrug It Off","floor":5},{"not_picked":["Warcry","Ghostly Armor"],"picked":"Battle Trance","floor":7},{"not_picked":["Flex","Iron Wave","Hemokinesis"],"picked":"SKIP","floor":11},{"not_picked":["Twin Strike","Whirlwind"],"picked":"Immolate","floor":14},{"not_picked":["Berserk","Reaper"],"picked":"Corruption","floor":16},{"not_picked":["Havoc","Whirlwind"],"picked":"Feel No Pain","floor":18},{"not_picked":["Warcry","Sword Boomerang+1"],"picked":"Dual Wield","floor":20},{"not_picked":["Anger","Second Wind","Thunderclap"],"picked":"SKIP","floor":21},{"not_picked":["Battle Trance","Hemokinesis","Combust"],"picked":"SKIP","floor":22},{"not_picked":["Armaments","Anger"],"picked":"Shrug It Off+1","floor":24},{"not_picked":["Clothesline","Hemokinesis"],"picked":"Shockwave","floor":28},{"not_picked":["Havoc","Iron Wave"],"picked":"Warcry+1","floor":30},{"not_picked":["Whirlwind","Pummel","Second Wind"],"picked":"SKIP","floor":31},{"not_picked":["Limit Break","Immolate"],"picked":"Impervious","floor":33},{"not_picked":["Thunderclap","Havoc+1","Burning Pact"],"picked":"SKIP","floor":35},{"not_picked":["Heavy Blade+1","Anger+1"],"picked":"Disarm+1","floor":36},{"not_picked":["Evolve+1","Power Through+1","Cleave+1"],"picked":"SKIP","floor":38},{"not_picked":["Anger","Rage"],"picked":"Entrench","floor":41},{"not_picked":["Rampage+1","True Grit"],"picked":"Feel No Pain+1","floor":44},{"not_picked":["Pommel Strike+1","Reaper"],"picked":"True Grit+1","floor":46},{"not_picked":["Evolve+1","Dropkick"],"picked":"Body Slam+1","floor":48},{"not_picked":["Hemokinesis+1","Shrug It Off+1"],"picked":"Body Slam+1","floor":54}],"player_experience":2192589,"relics_obtained":[{"floor":7,"key":"War Paint"},{"floor":9,"key":"Centennial Puzzle"},{"floor":24,"key":"Dream Catcher"},{"floor":28,"key":"Smiling Mask"},{"floor":36,"key":"Lizard Tail"},{"floor":41,"key":"Art of War"},{"floor":43,"key":"Shuriken"},{"floor":54,"key":"InkBottle"}],"event_choices":[{"cards_removed":["Strike_R"],"damage_healed":0,"gold_gain":0,"player_choice":"Card Removal","damage_taken":0,"max_hp_gain":0,"max_hp_loss":0,"event_name":"The Cleric","floor":3,"gold_loss":50},{"damage_healed":0,"gold_gain":0,"player_choice":"Entered Light","damage_taken":16,"max_hp_gain":0,"max_hp_loss":0,"event_name":"Shining Light","floor":8,"gold_loss":0,"cards_upgraded":["Strike_R","Defend_R"]},{"damage_healed":0,"gold_gain":0,"cards_transformed":["Defend_R"],"player_choice":"Transformed","damage_taken":0,"max_hp_gain":0,"max_hp_loss":0,"event_name":"Transmorgrifier","floor":12,"gold_loss":0,"cards_obtained":["Searing Blow"]},{"damage_healed":0,"gold_gain":0,"cards_transformed":["Strike_R","Strike_R"],"player_choice":"Became Test Subject","damage_taken":0,"max_hp_gain":0,"max_hp_loss":0,"event_name":"Drug Dealer","floor":25,"gold_loss":0,"cards_obtained":["Whirlwind","Uppercut"]},{"damage_healed":0,"gold_gain":0,"player_choice":"Fight","damage_taken":0,"max_hp_gain":0,"max_hp_loss":0,"event_name":"Mysterious Sphere","floor":36,"gold_loss":0},{"damage_healed":0,"gold_gain":0,"player_choice":"Ignored","damage_taken":0,"max_hp_gain":0,"max_hp_loss":0,"event_name":"NoteForYourself","floor":37,"gold_loss":0},{"damage_healed":0,"gold_gain":0,"player_choice":"Max HP","damage_taken":0,"max_hp_gain":0,"max_hp_loss":4,"event_name":"Winding Halls","floor":42,"gold_loss":0}],"is_beta":false,"boss_relics":[{"not_picked":["Runic Dome","Runic Cube"],"picked":"Coffee Dripper"},{"not_picked":["Black Star","Pandora\u0027s Box"],"picked":"Snecko Eye"}],"items_purged_floors":[19,39,53],"is_endless":false,"potions_floor_spawned":[1,2,4,11,14,18,28,30,36,41,48],"ascension_level":0}}