{"host":"quiy8wyoisq1qqtn","time":1614085109,"event":{"mods":["BaseMod","Downfall","Minty Spire (QoL Compilation)","StSLib"],"gold_per_floor":[99,119,119,29,44,44,44,64,74,129,156,216,234,251,262,273,273,273,273],"floor_reached":17,"language":"ZHS","playtime":1633,"items_purged":["Regret"],"score":111,"play_id":"9b13a575-efdf-4220-bfbb-8f3a810ff7b1","local_time":"20210223205829","is_ascension_mode":false,"campfire_choices":[{"data":"bronze:Replicate","floor":1.0,"key":"SMITH"},{"data":"bronze:DelayedSlice","floor":6.0,"key":"SMITH"}],"circlet_count":0,"master_deck":["bronze:Strike","bronze:Strike","bronze:Strike","bronze:Strike","bronze:Defend","bronze:Defend","bronze:Defend","bronze:Defend","bronze:Replicate+1","bronze:Goto","bronze:DelayedSlice+1","bronze:Philosophize","bronze:Optimize","bronze:Verify","bronze:Repulsor","bronze:Frontload","bronze:Virus","bronze:Frontload"],"relics":["bronze:BronzeCore","Pen Nib","Regal Pillow","Pantograph","Vajra"],"acts_visited":["Exordium"],"potions_floor_usage":[17],"damage_taken":[{"damage":0.0,"enemies":"2 Louse","floor":2.0,"turns":3.0},{"damage":5.0,"enemies":"downfall:FleeingMerchant","floor":4.0,"turns":4.0},{"damage":1.0,"enemies":"Jaw Worm","floor":5.0,"turns":3.0},{"damage":0.0,"enemies":"Small Slimes","floor":8.0,"turns":1.0},{"damage":10.0,"enemies":"3 Louse","floor":9.0,"turns":3.0},{"damage":27.0,"enemies":"Gremlin Nob","floor":11.0,"turns":4.0},{"damage":1.0,"enemies":"3 Sentries","floor":12.0,"turns":6.0},{"damage":7.0,"enemies":"2 Fungi Beasts","floor":13.0,"turns":3.0},{"damage":7.0,"enemies":"Exordium Wildlife","floor":14.0,"turns":4.0},{"damage":0.0,"enemies":"3 Louse","floor":15.0,"turns":2.0},{"damage":0.0,"enemies":"Lots of Slimes","floor":16.0,"turns":2.0},{"damage":50,"enemies":"WA_ARCHETYPE_RETAIN","floor":17,"turns":7}],"seed_played":"4330963985021160817","potions_obtained":[{"floor":2.0,"key":"LiquidMemories"},{"floor":11.0,"key":"Slimebound:ThreeZeroPotion"},{"floor":12.0,"key":"bronze:FreeFunctionsPotion"},{"floor":13.0,"key":"SpeedPotion"},{"floor":14.0,"key":"Guardian:BlockOnCardUsePotion"},{"floor":15.0,"key":"Block Potion"},{"floor":16.0,"key":"SteroidPotion"}],"is_trial":false,"path_per_floor":["R","M","?","$","M","R","T","M","M","T","E","?","M","M","M","M","B"],"character_chosen":"THE_AUTOMATON","items_purchased":[],"campfire_rested":0,"item_purchase_floors":[],"current_hp_per_floor":[77,77,77,72,71,71,71,71,61,61,34,33,26,19,19,19,0,0,0],"gold":273,"neow_bonus":"TEN_PERCENT_HP_BONUS","is_daily":false,"chose_seed":false,"campfire_upgraded":2,"win_rate":0.0,"timestamp":1614085109,"path_taken":["R","M","?","?","M","R","T","M","M","?","E","?","M","M","M","M","BOSS"],"items_purchased_type":[],"build_version":"2020-12-22","purchased_purges":1,"victory":false,"max_hp_per_floor":[77,77,77,77,77,77,77,77,77,77,77,77,77,77,77,77,77,77,77],"card_choices":[{"not_picked":["bronze:Invalidate","bronze:BitShift","bronze:Shield"],"picked":"SKIP","floor":2.0},{"not_picked":["bronze:Overheat","bronze:ForLoop"],"picked":"bronze:DelayedSlice","floor":4.0},{"not_picked":["bronze:CutThrough","bronze:OilSpill"],"picked":"bronze:Philosophize","floor":5.0},{"not_picked":["bronze:Overload","bronze:Branch"],"picked":"bronze:Optimize","floor":8.0},{"not_picked":["bronze:WhirlingStrike","bronze:Deprecate","bronze:ForLoop"],"picked":"SKIP","floor":9.0},{"not_picked":["bronze:Branch","bronze:CutThrough"],"picked":"bronze:Verify","floor":11.0},{"not_picked":["bronze:Safeguard","bronze:Deprecate"],"picked":"bronze:Repulsor","floor":12.0},{"not_picked":["bronze:Repulsor","bronze:GetLatest"],"picked":"bronze:Frontload","floor":13.0},{"not_picked":["bronze:Iterate","bronze:BitShift"],"picked":"bronze:Virus","floor":14.0},{"not_picked":["bronze:ItsAFeature","bronze:BuggyMess","bronze:DelayedGuard"],"picked":"SKIP","floor":15.0},{"not_picked":["bronze:DelayedGuard","bronze:BitShift"],"picked":"bronze:Frontload","floor":16.0}],"player_experience":458377,"relics_obtained":[{"floor":10.0,"key":"Regal Pillow"},{"floor":11.0,"key":"Pantograph"},{"floor":12.0,"key":"Vajra"}],"event_choices":[{"damage_healed":0.0,"max_hp_gain":0.0,"max_hp_loss":0.0,"gold_gain":0.0,"event_name":"Big Fish","player_choice":"Box","floor":3.0,"gold_loss":0.0,"damage_taken":0.0,"relics_obtained":["Pen Nib"],"cards_obtained":["Regret"]}],"is_beta":false,"boss_relics":[],"items_purged_floors":[4],"is_endless":false,"potions_floor_spawned":[2,11,12,13,14,15,16],"killed_by":"WA_ARCHETYPE_RETAIN","ascension_level":0}}