{"host":"ju1b3c4x8n2jtjm7","time":1614120567,"event":{"mods":["AchievementEnabler","BaseMod","Colored Map","Colored Powertips","DeckTracker","Highlight Path","Minty Spire (QoL Compilation)","Quick Restart","Rare Cards Sparkle","Relic Stats","StSLib"],"gold_per_floor":[109,119,119,69,0,0,31,48,74,107,27,53,68,94,94,192,192,211,230,230,244,15,49,61,96,96,127,127,227,240,240,240,340,340,350,350,93,107,0,0,25,25,25,25,25,51,65,80,80,80],"floor_reached":51,"language":"ENG","playtime":4357,"items_purged":["Defend_P","Pain"],"score":1661,"play_id":"29b0a199-51c6-4fde-a89e-d9fd5c6db2d5","local_time":"20210223234927","is_ascension_mode":true,"campfire_choices":[{"data":"CrushJoints","floor":6.0,"key":"SMITH"},{"data":"TalkToTheHand","floor":15.0,"key":"SMITH"},{"data":"Scrawl","floor":32.0,"key":"SMITH"},{"data":"Vault","floor":40.0,"key":"SMITH"},{"data":"Tantrum","floor":42.0,"key":"SMITH"},{"data":"TalkToTheHand","floor":44.0,"key":"SMITH"},{"floor":49.0,"key":"RECALL"}],"circlet_count":0,"master_deck":["AscendersBane","Strike_P","Strike_P","Defend_P+1","Eruption","Vigilance","ThirdEye+1","WheelKick+1","CrushJoints+1","Vault+1","BowlingBash","EmptyBody","TalkToTheHand+1","TalkToTheHand+1","ClearTheMind","Evaluate","Scrawl+1","Tantrum+1","Weave","TalkToTheHand","Flash of Steel","ThirdEye","Decay","Alpha","MentalFortress","CutThroughFate","Weave","DeusExMachina","InnerPeace+1","ThirdEye","WheelKick+1","WaveOfTheHand","FlurryOfBlows"],"relics":["PureWater","Toy Ornithopter","Tiny Chest","War Paint","Damaru","Dream Catcher","Cursed Key","FaceOfCleric","Centennial Puzzle","Juzu Bracelet","Mummified Hand","Shovel","Darkstone Periapt","Bottled Lightning","Black Star","Blood Vial","Red Mask","MealTicket","Nunchaku","Du-Vu Doll","Bottled Tornado"],"acts_visited":["Exordium","TheCity","TheBeyond","TheEnding"],"potions_floor_usage":[50],"damage_taken":[{"damage":0.0,"enemies":"Small Slimes","floor":1.0,"turns":3.0},{"damage":0.0,"enemies":"Cultist","floor":2.0,"turns":4.0},{"damage":5.0,"enemies":"Lagavulin","floor":7.0,"turns":6.0},{"damage":0.0,"enemies":"2 Louse","floor":8.0,"turns":1.0},{"damage":3.0,"enemies":"3 Sentries","floor":10.0,"turns":5.0},{"damage":11.0,"enemies":"Gremlin Nob","floor":12.0,"turns":5.0},{"damage":0.0,"enemies":"Exordium Thugs","floor":13.0,"turns":3.0},{"damage":18.0,"enemies":"3 Sentries","floor":14.0,"turns":10.0},{"damage":5.0,"enemies":"Hexaghost","floor":16.0,"turns":7.0},{"damage":2.0,"enemies":"3 Byrds","floor":18.0,"turns":7.0},{"damage":0.0,"enemies":"Chosen","floor":19.0,"turns":4.0},{"damage":4.0,"enemies":"Shelled Parasite and Fungi","floor":21.0,"turns":5.0},{"damage":6.0,"enemies":"Book of Stabbing","floor":23.0,"turns":5.0},{"damage":0.0,"enemies":"Chosen and Byrds","floor":24.0,"turns":5.0},{"damage":0.0,"enemies":"Gremlin Leader","floor":25.0,"turns":6.0},{"damage":13.0,"enemies":"Slavers","floor":27.0,"turns":5.0},{"damage":16.0,"enemies":"Colosseum Slavers","floor":29.0,"turns":3.0},{"damage":0.0,"enemies":"Colosseum Nobs","floor":29.0,"turns":2.0},{"damage":0.0,"enemies":"Cultist and Chosen","floor":30.0,"turns":4.0},{"damage":16.0,"enemies":"Champ","floor":33.0,"turns":9.0},{"damage":4.0,"enemies":"Orb Walker","floor":35.0,"turns":3.0},{"damage":7.0,"enemies":"3 Shapes","floor":38.0,"turns":4.0},{"damage":0.0,"enemies":"Giant Head","floor":41.0,"turns":5.0},{"damage":0.0,"enemies":"Nemesis","floor":46.0,"turns":7.0},{"damage":6.0,"enemies":"Writhing Mass","floor":47.0,"turns":4.0},{"damage":0.0,"enemies":"Spire Growth","floor":48.0,"turns":3.0},{"damage":54,"enemies":"Time Eater","floor":50,"turns":9}],"seed_played":"-9010712365290414985","potions_obtained":[{"floor":1.0,"key":"Explosive Potion"},{"floor":10.0,"key":"Fruit Juice"},{"floor":13.0,"key":"CultistPotion"},{"floor":18.0,"key":"FearPotion"},{"floor":25.0,"key":"Weak Potion"},{"floor":27.0,"key":"BottledMiracle"},{"floor":46.0,"key":"GamblersBrew"}],"is_trial":false,"path_per_floor":["M","M","?","?","$","R","E","M","T","E","$","E","M","E","R","B",null,"M","M","?","M","$","E","M","E","T","E","?","?","M","T","R","B",null,"M","?","$","M","?","R","E","R","T","R","$","E","M","M","R","B",null],"character_chosen":"WATCHER","items_purchased":["Vault","TalkToTheHand","TalkToTheHand","Flash of Steel","Blood Vial"],"campfire_rested":0,"item_purchase_floors":[5,11,22,22,37],"current_hp_per_floor":[65,65,65,65,65,65,60,60,60,62,62,51,51,33,33,33,62,60,60,60,57,57,52,53,64,64,62,62,53,54,60,60,45,80,77,77,77,73,73,73,76,76,76,76,90,91,86,89,89,43],"gold":80,"neow_bonus":"TRANSFORM_CARD","is_daily":false,"chose_seed":false,"campfire_upgraded":6,"win_rate":0.0,"timestamp":1614120567,"path_taken":["M","M","?","?","$","R","E","M","T","E","$","E","M","E","R","BOSS","M","M","?","M","$","E","M","E","T","E","?","?","M","?","R","BOSS","M","?","$","M","?","R","E","R","T","R","?","E","M","M","R","BOSS"],"items_purchased_type":["Card","Card","Card","Card","Relic"],"build_version":"2020-12-22","purchased_purges":2,"victory":true,"max_hp_per_floor":[72,72,72,72,72,72,72,72,72,72,72,72,72,72,72,72,72,72,72,72,73,73,74,75,81,81,82,82,84,85,91,91,92,92,93,88,88,89,89,89,90,90,90,90,90,91,92,93,93,94],"relic_stats":{"Darkstone Periapt":6,"counters":[27,134],"Juzu Bracelet":1,"War Paint":["ThirdEye","Defend_P"],"Cursed Key":2,"Blood Vial":8,"Dream Catcher":0,"Centennial Puzzle":[21],"Nunchaku":[8],"Shovel":0,"FaceOfCleric":16,"Mummified Hand":[13],"Tiny Chest":1,"MealTicket":14,"Black Star":2,"obtain_stats":[{"Darkstone Periapt":29,"Damaru":12,"Juzu Bracelet":25,"War Paint":10,"Bottled Tornado":46,"Cursed Key":17,"Blood Vial":37,"Du-Vu Doll":46,"Dream Catcher":14,"Centennial Puzzle":23,"Nunchaku":41,"Shovel":29,"FaceOfCleric":20,"Mummified Hand":27,"Tiny Chest":9,"MealTicket":41,"Black Star":34,"Red Mask":39,"Bottled Lightning":31,"PureWater":0,"Toy Ornithopter":7},{"Darkstone Periapt":18,"Damaru":6,"Juzu Bracelet":15,"War Paint":5,"Bottled Tornado":24,"Cursed Key":9,"Blood Vial":21,"Du-Vu Doll":24,"Dream Catcher":8,"Centennial Puzzle":13,"Nunchaku":23,"Shovel":18,"FaceOfCleric":11,"Mummified Hand":16,"Tiny Chest":4,"MealTicket":23,"Black Star":20,"Red Mask":22,"Bottled Lightning":19,"PureWater":0,"Toy Ornithopter":3},{"Darkstone Periapt":86,"Damaru":24,"Juzu Bracelet":76,"War Paint":19,"Bottled Tornado":118,"Cursed Key":44,"Blood Vial":102,"Du-Vu Doll":118,"Dream Catcher":37,"Centennial Puzzle":65,"Nunchaku":111,"Shovel":86,"FaceOfCleric":55,"Mummified Hand":81,"Tiny Chest":14,"MealTicket":111,"Black Star":99,"Red Mask":106,"Bottled Lightning":90,"PureWater":0,"Toy Ornithopter":13}],"Toy Ornithopter":35},"card_choices":[{"not_picked":["CutThroughFate","EmptyMind"],"picked":"WheelKick","floor":1.0},{"not_picked":["Halt","BowlingBash"],"picked":"CrushJoints","floor":2.0},{"not_picked":["ThirdEye","PathToVictory"],"picked":"BowlingBash","floor":7.0},{"not_picked":["ThirdEye","Sanctity"],"picked":"EmptyBody","floor":8.0},{"not_picked":["Weave","Pray"],"picked":"TalkToTheHand","floor":10.0},{"not_picked":["CrushJoints","Study","Indignation"],"picked":"SKIP","floor":12.0},{"not_picked":["BowlingBash","Protect"],"picked":"ClearTheMind","floor":13.0},{"not_picked":["ConjureBlade","BowlingBash"],"picked":"Evaluate","floor":14.0},{"not_picked":["Wish","Brilliance"],"picked":"Scrawl","floor":16.0},{"not_picked":["PathToVictory","SignatureMove+1"],"picked":"Tantrum","floor":18.0},{"not_picked":["ReachHeaven+1","Swivel","WindmillStrike"],"picked":"SKIP","floor":19.0},{"not_picked":["WaveOfTheHand","MentalFortress"],"picked":"Weave","floor":21.0},{"not_picked":["Indignation","Sanctity","CarveReality"],"picked":"SKIP","floor":23.0},{"not_picked":["PathToVictory","FollowUp","Consecrate"],"picked":"SKIP","floor":24.0},{"not_picked":["Consecrate","Swivel"],"picked":"ThirdEye","floor":25.0},{"not_picked":["EmptyFist","MentalFortress","LikeWater"],"picked":"SKIP","floor":27.0},{"not_picked":["Wish","Protect"],"picked":"CutThroughFate","floor":29.0},{"not_picked":["Tantrum+1","Perseverance"],"picked":"Weave","floor":30.0},{"not_picked":["Blasphemy","Establishment"],"picked":"DeusExMachina","floor":33.0},{"not_picked":["Indignation+1","LikeWater"],"picked":"InnerPeace+1","floor":35.0},{"not_picked":["Vengeance","Pray"],"picked":"ThirdEye","floor":38.0},{"not_picked":["EmptyFist","LikeWater","FollowUp"],"picked":"SKIP","floor":41.0},{"not_picked":["CrushJoints+1","Alpha"],"picked":"WheelKick+1","floor":46.0},{"not_picked":["ThirdEye","Consecrate"],"picked":"WaveOfTheHand","floor":47.0},{"not_picked":["PathToVictory+1","Study"],"picked":"FlurryOfBlows","floor":48.0}],"player_experience":503097,"relics_obtained":[{"floor":7.0,"key":"Toy Ornithopter"},{"floor":9.0,"key":"Tiny Chest"},{"floor":10.0,"key":"War Paint"},{"floor":12.0,"key":"Damaru"},{"floor":14.0,"key":"Dream Catcher"},{"floor":23.0,"key":"Centennial Puzzle"},{"floor":25.0,"key":"Juzu Bracelet"},{"floor":27.0,"key":"Mummified Hand"},{"floor":29.0,"key":"Shovel"},{"floor":29.0,"key":"Darkstone Periapt"},{"floor":31.0,"key":"Bottled Lightning"},{"floor":41.0,"key":"MealTicket"},{"floor":41.0,"key":"Nunchaku"},{"floor":46.0,"key":"Du-Vu Doll"},{"floor":46.0,"key":"Bottled Tornado"}],"event_choices":[{"damage_healed":0.0,"max_hp_gain":0.0,"max_hp_loss":0.0,"gold_gain":0.0,"event_name":"Living Wall","player_choice":"Grow","floor":3.0,"gold_loss":0.0,"damage_taken":0.0,"cards_upgraded":["WheelKick"]},{"cards_removed":["Strike_P"],"damage_healed":0.0,"max_hp_gain":0.0,"max_hp_loss":0.0,"gold_gain":0.0,"event_name":"The Cleric","player_choice":"Card Removal","floor":4.0,"gold_loss":50.0,"damage_taken":0.0},{"damage_healed":0.0,"max_hp_gain":0.0,"max_hp_loss":0.0,"gold_gain":0.0,"event_name":"FaceTrader","player_choice":"Trade","floor":20.0,"gold_loss":0.0,"damage_taken":0.0,"relics_obtained":["FaceOfCleric"]},{"damage_healed":0.0,"max_hp_gain":0.0,"max_hp_loss":0.0,"gold_gain":0.0,"cards_transformed":["Defend_P","Strike_P"],"event_name":"Drug Dealer","player_choice":"Became Test Subject","floor":28.0,"gold_loss":0.0,"damage_taken":0.0,"cards_obtained":["Alpha","MentalFortress"]},{"damage_healed":0.0,"max_hp_gain":0.0,"max_hp_loss":0.0,"gold_gain":0.0,"event_name":"Colosseum","player_choice":"Fight","floor":29.0,"gold_loss":0.0,"damage_taken":0.0},{"damage_healed":0.0,"max_hp_gain":0.0,"max_hp_loss":0.0,"gold_gain":0.0,"event_name":"Colosseum","player_choice":"Fought Nobs","floor":29.0,"gold_loss":0.0,"damage_taken":0.0},{"damage_healed":0.0,"max_hp_gain":0.0,"max_hp_loss":5.0,"gold_gain":0.0,"event_name":"Winding Halls","player_choice":"Max HP","floor":36.0,"gold_loss":0.0,"damage_taken":0.0},{"damage_healed":0.0,"max_hp_gain":0.0,"max_hp_loss":0.0,"gold_gain":0.0,"event_name":"Tomb of Lord Red Mask","player_choice":"Paid","floor":39.0,"gold_loss":107.0,"damage_taken":0.0,"relics_obtained":["Red Mask"]}],"is_beta":false,"boss_relics":[{"not_picked":["Velvet Choker","Runic Dome"],"picked":"Cursed Key"},{"not_picked":["Tiny House","Sozu"],"picked":"Black Star"}],"items_purged_floors":[22,37],"is_endless":false,"potions_floor_spawned":[1,10,13,18,25,27,29,46],"ascension_level":12}}