{"host":"5dhwd44u3dydylwe","time":1614064700,"event":{"mods":["AchievementEnabler","BaseMod","BetterRewards","Dota2Spire","Duelist Mod","GifTheSpireLib","Hubris","Minty Spire (QoL Compilation)","Shop Mod","StSLib","Wandering Minibosses"],"gold_per_floor":[137,137,156,171,190,219,219,253,253,331,331,346,380,51,61,81,81,81,81,81,158,158,169,169,183,203,203,238,238,257,257,257,286,286,311,325,339,339,413,413,413,490,540,552,569,580,593,611,645,657,683,683,683,700,26,44,44,44,44,44,44,44,44,72,72],"floor_reached":66,"language":"ENG","playtime":9388,"items_purged":["theDuelist:Sparks","theDuelist:CastleWalls","theDuelist:Sparks","theDuelist:CastleWalls","theDuelist:TheCreator"],"score":3780,"play_id":"c965d1f6-6f49-48a0-8991-daa360778889","local_time":"20210223151820","is_ascension_mode":true,"campfire_choices":[{"data":"theDuelist:MudragonSwamp","floor":7,"key":"SMITH"},{"floor":17,"key":"REST"},{"data":"theDuelist:Kuribohrn","floor":19,"key":"SMITH"},{"data":"theDuelist:SpiritHarp","floor":20,"key":"SMITH"},{"data":"theDuelist:Wiretap","floor":29,"key":"SMITH"},{"floor":38,"key":"REST"},{"data":"theDuelist:PotGreed","floor":41,"key":"SMITH"},{"floor":58,"key":"RECALL"},{"data":"theDuelist:Wiretap+4","floor":59,"key":"SMITH"},{"floor":62,"key":"REST"}],"circlet_count":0,"master_deck":["AscendersBane","theDuelist:Sparks+1","theDuelist:TheCreator+1","theDuelist:SpiritHarp+1","theDuelist:DarkCreator+1","theDuelist:MudragonSwamp+1","theDuelist:WormKing+1","theDuelist:SpiritHarp+1","theDuelist:CastleWalls+1","theDuelist:WormApocalypse+1","theDuelist:Kuribohrn+1","theDuelist:MillenniumShield+1","theDuelist:Wiretap+5","theDuelist:UltraPolymerization+1","theDuelist:LightningVortex+1","theDuelist:PotGreed+1","theDuelist:Polymerization+1","theDuelist:GiantSoldierSteel+1","theDuelist:UltraPolymerization+1"],"relics":["theDuelist:MillenniumPuzzle","theDuelist:CardPoolRelic","theDuelist:CardPoolBasicRelic","theDuelist:BoosterPackPoolRelic","theDuelist:CardPoolAddRelic","theDuelist:CardPoolMinusRelic","theDuelist:CardPoolSaveRelic","theDuelist:CardPoolOptionsRelic","Dota2Spire:HeartOfTarrasque","Cables","theDuelist:YugiMirror","theDuelist:MerchantPendant","Ornamental Fan","Sling","Dota2Spire:Vanguard","theDuelist:TributeEggRelic","Runic Capacitor","hubris:SlimyHat","WingedGreaves","Art of War","PrismaticShard","Dota2Spire:Butterfly","theDuelist:BoosterBetterBoostersRelic","Dota2Spire:Satanic","Dota2Spire:EchoSabre","Orichalcum","Bag of Preparation","theDuelist:DuelistTeaSet","Dota2Spire:RefresherOrb","Darkstone Periapt","Shuriken","hubris:Spice","Dota2Spire:PowerTreads","hubris:DeckOfHolding","Snecko Eye","Tiny House","wanderingMiniBosses:Inkheart","Dota2Spire:UrnOfShadows","Bag of Marbles","OrangePellets","theDuelist:MillenniumArmor","Gambling Chip"],"acts_visited":["Exordium","TheCity","TheBeyond","TheEnding"],"potions_floor_usage":[65,65],"damage_taken":[{"damage":0.0,"enemies":"Cultist","floor":1.0,"turns":5.0},{"damage":4.0,"enemies":"2 Louse","floor":3.0,"turns":5.0},{"damage":0.0,"enemies":"Small Slimes","floor":4.0,"turns":6.0},{"damage":8.0,"enemies":"2 Fungi Beasts","floor":5.0,"turns":5.0},{"damage":11,"enemies":"3 Sentries","floor":6,"turns":7},{"damage":3,"enemies":"Lagavulin","floor":8,"turns":6},{"damage":0,"enemies":"Looter","floor":12,"turns":4},{"damage":9,"enemies":"3 Sentries","floor":13,"turns":5},{"damage":9,"enemies":"Gremlin Gang","floor":15,"turns":5},{"damage":9,"enemies":"Large Slime","floor":16,"turns":4},{"damage":1,"enemies":"Hexaghost","floor":21,"turns":6},{"damage":3,"enemies":"Spheric Guardian","floor":23,"turns":5},{"damage":0,"enemies":"2 Thieves","floor":25,"turns":3},{"damage":16,"enemies":"Sentry and Sphere","floor":26,"turns":6},{"damage":18,"enemies":"Slavers","floor":28,"turns":4},{"damage":4,"enemies":"3 Cultists","floor":30,"turns":5},{"damage":28,"enemies":"Gremlin Leader","floor":33,"turns":8},{"damage":0,"enemies":"theDuelist:KaibaA2","floor":35,"turns":5},{"damage":0,"enemies":"Centurion and Healer","floor":36,"turns":4},{"damage":11,"enemies":"Cultist and Chosen","floor":37,"turns":6},{"damage":11,"enemies":"Collector","floor":39,"turns":5},{"damage":0,"enemies":"Collector","floor":42,"turns":5},{"damage":0,"enemies":"3 Darklings","floor":44,"turns":5},{"damage":0,"enemies":"3 Shapes","floor":45,"turns":4},{"damage":0,"enemies":"3 Darklings","floor":46,"turns":4},{"damage":22,"enemies":"Jaw Worm Horde","floor":47,"turns":5},{"damage":0,"enemies":"Transient","floor":48,"turns":3},{"damage":6,"enemies":"Nemesis","floor":49,"turns":5},{"damage":0,"enemies":"3 Darklings","floor":50,"turns":3},{"damage":0,"enemies":"Giant Head","floor":51,"turns":3},{"damage":0,"enemies":"Writhing Mass","floor":54,"turns":4},{"damage":0,"enemies":"Maw","floor":56,"turns":4},{"damage":0,"enemies":"Donu and Deca","floor":60,"turns":3},{"damage":0,"enemies":"Shield and Spear","floor":64,"turns":2},{"damage":41,"enemies":"The Heart","floor":65,"turns":7}],"seed_played":"7108951802665438153","potions_obtained":[{"floor":3.0,"key":"PowerPotion"},{"floor":64,"key":"Dexterity Potion"}],"is_trial":false,"path_per_floor":["M","$","M","M","M","E","R","E","T","T","R","M","E","$","M","M","R","?","R","R","B",null,"M","$","M","M","?","E","R","M","T","T","E","?","E","M","M","R","B",null,"R","B",null,"M","M","M","M","M","E","M","E","T","?","M","$","M","?","R","R","B",null,"R","$","E","B",null],"character_chosen":"THE_DUELIST","items_purchased":["Dota2Spire:HeartOfTarrasque","theDuelist:WormKing","Cables","theDuelist:YugiMirror","theDuelist:MerchantPendant","Ornamental Fan","Sling","Dota2Spire:Vanguard","theDuelist:TributeEggRelic","Runic Capacitor","hubris:SlimyHat","theDuelist:MudragonSwamp","WingedGreaves","Art of War","PrismaticShard","theDuelist:FireBottle","Orichalcum","Bag of Preparation","OrangePellets","theDuelist:MillenniumArmor","Gambling Chip"],"campfire_rested":3,"item_purchase_floors":[0,0,0,0,0,0,0,0,0,0,0,0,0,0,0,0,14,14,55,55,55],"current_hp_per_floor":[37,37,37,49,41,30,30,31,31,31,31,35,26,26,17,8,31,23,23,23,26,65,70,70,70,54,54,36,36,36,36,44,20,20,28,32,21,46,35,35,35,43,80,88,91,91,69,69,67,67,67,75,75,79,79,83,83,83,83,83,95,99,99,91,58],"gold":72,"neow_bonus":"","is_daily":false,"chose_seed":false,"campfire_upgraded":6,"win_rate":0.0,"timestamp":1614064700,"path_taken":["M","?","M","M","M","E","R","E","T","T","R","M","E","$","M","M","R","?","R","R","BOSS","M","?","M","M","?","E","R","M","T","T","E","?","E","M","M","R","BOSS","R","BOSS","M","M","M","M","M","E","?","E","T","?","M","$","M","?","R","R","BOSS","R","$","E","BOSS"],"items_purchased_type":["Relic","Card","Relic","Relic","Relic","Relic","Relic","Relic","Relic","Relic","Relic","Card","Relic","Relic","Relic","Potion","Relic","Relic","Relic","Relic","Relic"],"build_version":"2020-12-22","purchased_purges":5,"victory":true,"max_hp_per_floor":[78,78,78,78,78,78,78,78,78,78,78,78,78,78,78,78,78,78,78,78,78,78,78,78,78,78,78,78,78,78,78,86,86,86,86,86,86,86,86,86,86,86,91,91,91,91,91,91,91,91,91,99,99,99,99,99,99,99,99,99,99,99,99,91,91],"card_choices":[{"not_picked":["HandOfGreed","Jack Of All Trades","Panache","Thinking Ahead"],"picked":"SKIP","floor":1.0},{"not_picked":["theDuelist:Hinotama","theDuelist:ScrapFactory","theDuelist:BigFire","theDuelist:PreventRat"],"picked":"theDuelist:WormApocalypse","floor":3.0},{"not_picked":["theDuelist:BigFire","theDuelist:SilverApples","theDuelist:FlyingSaucer","theDuelist:Hinotama","theDuelist:Polymerization"],"picked":"SKIP","floor":4.0},{"not_picked":["theDuelist:GilfordLegend","theDuelist:MillenniumGolem","theDuelist:MudGolem","theDuelist:WormKing","theDuelist:LightningRodLord"],"picked":"SKIP","floor":5.0},{"not_picked":["theDuelist:AttackTheMoon","theDuelist:DarkFactory","theDuelist:MillenniumGolem","theDuelist:ShardGreed","theDuelist:DestroyerGolem"],"picked":"SKIP","floor":6},{"not_picked":["theDuelist:Mudora","theDuelist:DarkMirrorForce","theDuelist:CastleDarkIllusions","theDuelist:EarthGiant"],"picked":"theDuelist:Kuribohrn","floor":8},{"not_picked":["theDuelist:Hinotama","theDuelist:BigFire","theDuelist:Sangan","theDuelist:MudGolem","theDuelist:ClearKuriboh"],"picked":"SKIP","floor":12},{"not_picked":["theDuelist:Hinotama","theDuelist:BigFire","theDuelist:LightningDarts","theDuelist:GraniteLoyalist","theDuelist:GilfordLegend"],"picked":"SKIP","floor":13},{"not_picked":["theDuelist:Hinotama","theDuelist:BigFire","theDuelist:ScrapFactory","theDuelist:Polymerization","theDuelist:HammerShot"],"picked":"SKIP","floor":15},{"not_picked":["theDuelist:SphereKuriboh","theDuelist:MagicalStone+1","theDuelist:Hinotama+1","theDuelist:FuryFire+1","theDuelist:ClearKuriboh"],"picked":"SKIP","floor":16},{"not_picked":["theDuelist:YellowBelliedOni","theDuelist:SlotMachine","theDuelist:Raigeki","theDuelist:ForbiddenLance"],"picked":"theDuelist:MillenniumShield","floor":21},{"not_picked":["theDuelist:SphereKuriboh","theDuelist:OneForOne+1","theDuelist:MagicalStone+1","theDuelist:Cloning"],"picked":"theDuelist:Wiretap","floor":23},{"not_picked":["theDuelist:WingedKuribohLv10","theDuelist:Solidarity","theDuelist:Raigeki","theDuelist:ObeliskTormentor"],"picked":"theDuelist:UltraPolymerization","floor":25},{"not_picked":["theDuelist:WingedKuriboh+1","theDuelist:MudragonSwamp","theDuelist:ClearKuriboh","theDuelist:ForbiddenLance"],"picked":"theDuelist:LightningVortex","floor":26},{"not_picked":["theDuelist:Wiretap","theDuelist:SphereKuriboh","theDuelist:LightningDarts","theDuelist:Hinotama+1","theDuelist:FuryFire+1"],"picked":"SKIP","floor":28},{"not_picked":["theDuelist:BigFire","theDuelist:WormApocalypse","theDuelist:FlyingSaucer","theDuelist:Polymerization","theDuelist:RainbowKuriboh"],"picked":"SKIP","floor":30},{"not_picked":["theDuelist:HammerShot","theDuelist:ForbiddenLance","theDuelist:StrayLambs","theDuelist:UltraPolymerization"],"picked":"theDuelist:PotGreed","floor":33},{"not_picked":["theDuelist:Fissure","theDuelist:MirrorForce","theDuelist:SphereKuriboh","theDuelist:ScrapFactory","theDuelist:HarpieFeather"],"picked":"SKIP","floor":35},{"not_picked":["theDuelist:BigFire","theDuelist:ScrapFactory+1","theDuelist:FlyingSaucer","theDuelist:PowerWall"],"picked":"theDuelist:Polymerization","floor":36},{"not_picked":["theDuelist:LightningVortex","theDuelist:EarthEffigy","theDuelist:RainbowOverdragon","theDuelist:Mathematician"],"picked":"theDuelist:GiantSoldierSteel","floor":37},{"not_picked":["theDuelist:YellowBelliedOni","theDuelist:ObeliskTormentor","theDuelist:MagicCylinder","theDuelist:ForbiddenLance"],"picked":"theDuelist:UltraPolymerization","floor":42},{"not_picked":["theDuelist:YellowBelliedOni","theDuelist:Solidarity","theDuelist:PotForbidden","theDuelist:MagicCylinder+1","theDuelist:Blockman+1"],"picked":"SKIP","floor":44},{"not_picked":["theDuelist:AttackTheMoon","theDuelist:DestroyerGolem","theDuelist:GilfordLegend","theDuelist:HammerShot","theDuelist:Mudora"],"picked":"SKIP","floor":45},{"not_picked":["theDuelist:YellowBelliedOni+1","theDuelist:OrbMetronome","theDuelist:MillenniumShield+1","theDuelist:Mathematician","theDuelist:Blockman+1"],"picked":"SKIP","floor":46},{"not_picked":["theDuelist:RedHeadedOni+1","theDuelist:PurplePainOni+1","theDuelist:GreyGreedOni","theDuelist:GreenGraveOni","theDuelist:BlueBloodedOni"],"picked":"SKIP","floor":47},{"not_picked":["theDuelist:BattleguardKing","theDuelist:GraniteLoyalist","theDuelist:HammerShot+1","theDuelist:WingedKuriboh","theDuelist:ForbiddenLance"],"picked":"SKIP","floor":48},{"not_picked":["theDuelist:FuryFire","theDuelist:Fissure+1","theDuelist:Terraforming","theDuelist:FeatherPho+1","theDuelist:GiantTrapHole"],"picked":"SKIP","floor":49},{"not_picked":["theDuelist:YellowBelliedOni","theDuelist:WingedKuribohLv10","theDuelist:Solidarity","theDuelist:OrbMetronome","theDuelist:ObeliskTormentor"],"picked":"SKIP","floor":50},{"not_picked":["theDuelist:SolemnStrike+1","theDuelist:Mathematician+1","theDuelist:GilfordLegend+1"],"picked":"SKIP","floor":51},{"not_picked":["theDuelist:SolemnStrike+1","theDuelist:SmashingGround","theDuelist:OrbMetronome+1","theDuelist:Metronome+1","theDuelist:Blockman"],"picked":"SKIP","floor":54},{"not_picked":["theDuelist:MagicalStone+1","theDuelist:LightningDarts","theDuelist:ForbiddenLance+2","theDuelist:ClearKuriboh","theDuelist:Wiretap+1"],"picked":"SKIP","floor":56},{"not_picked":["theDuelist:TheCreator+1","theDuelist:RainbowJar+1","theDuelist:OrbMetronome+1","theDuelist:ObeliskTormentor+1","theDuelist:Mathematician+1"],"picked":"SKIP","floor":64}],"player_experience":286941,"relics_obtained":[{"floor":6,"key":"Dota2Spire:Butterfly"},{"floor":8,"key":"theDuelist:BoosterBetterBoostersRelic"},{"floor":9,"key":"Dota2Spire:Satanic"},{"floor":13,"key":"Dota2Spire:EchoSabre"},{"floor":28,"key":"Darkstone Periapt"},{"floor":31,"key":"Shuriken"},{"floor":32,"key":"hubris:Spice"},{"floor":33,"key":"Dota2Spire:PowerTreads"},{"floor":35,"key":"hubris:DeckOfHolding"},{"floor":44,"key":"wanderingMiniBosses:Inkheart"},{"floor":49,"key":"Dota2Spire:UrnOfShadows"},{"floor":51,"key":"Bag of Marbles"},{"floor":52,"key":"hubris:Spice"},{"floor":64,"key":"hubris:Spice"}],"event_choices":[{"damage_healed":0,"gold_gain":0,"player_choice":"Dig - random Duelist relic","duelist":true,"damage_taken":0,"max_hp_gain":0,"max_hp_loss":0,"event_name":"Aknamkanon\u0027s Tomb","floor":18,"gold_loss":0},{"damage_healed":0,"gold_gain":0,"player_choice":"Leave","duelist":true,"damage_taken":0,"max_hp_gain":0,"max_hp_loss":0,"event_name":"Relic Duplicator","floor":27,"gold_loss":0},{"damage_healed":0,"gold_gain":0,"player_choice":"Leave","duelist":true,"damage_taken":0,"max_hp_gain":0,"max_hp_loss":0,"event_name":"Relic Duplicator","floor":34,"gold_loss":0},{"damage_healed":0,"gold_gain":0,"player_choice":"Leave","duelist":true,"damage_taken":0,"max_hp_gain":0,"max_hp_loss":0,"event_name":"Egyptian Village","floor":53,"gold_loss":0},{"damage_healed":0,"gold_gain":0,"player_choice":"Leave","duelist":true,"damage_taken":0,"max_hp_gain":0,"max_hp_loss":0,"event_name":"Tomb of the Nameless","floor":57,"gold_loss":0}],"is_beta":false,"boss_relics":[{"not_picked":["Ectoplasm","Runic Dome"],"picked":"Dota2Spire:RefresherOrb"},{"not_picked":["hubris:GrandSneckoEye","theDuelist:HauntedRelic"],"picked":"Snecko Eye"},{"not_picked":["hubris:Stopwatch","hubris:ScarierMask"],"picked":"Tiny House"}],"items_purged_floors":[0,0,0,0,0],"is_endless":false,"potions_floor_spawned":[3,4,6,12,16,23,25,36,37,39,42,46,47,51,54,64],"ascension_level":19}}