{"host":"8xoe65bk5yhopuhv","time":1614083672,"event":{"mods":["BaseMod","Colored Map","Downfall","Marisa£®ÏF”Í°°ƒß¿Ì…≥£©","Minty Spire (QoL Compilation)","Replay The Spire","Shop Mod","StSLib","The Bug Knight","The Construct","The Cursed","The Servant 0.9.4"],"gold_per_floor":[99,114,129,129,144,174,174,189,219,234,134,164,149,149,164,264,264,264,279,294,394,244,274,274,274,313,113,137,176,176,176,191,300,300,300,324,324,115,130,39,64,64,103,103,27,42,81,96,120,120,120,159,86,86,86,86,86],"floor_reached":56,"language":"ZHS","playtime":6045,"items_purged":[],"score":1037,"play_id":"a32ec560-f9fd-4d67-aa71-3a55cfcc4d23","local_time":"20210223203432","daily_mods":["Heirloom","Hoarder","Elite Swarm"],"is_ascension_mode":false,"campfire_choices":[{"floor":1,"key":"RECALL"},{"floor":11,"key":"REST"},{"data":"Halt","floor":18,"key":"SMITH"},{"data":"Halt","floor":18,"key":"SMITH"},{"floor":27,"key":"REST"},{"floor":30,"key":"REST"},{"data":"1","floor":35,"key":"LIFT"},{"data":"2","floor":44,"key":"LIFT"},{"data":"3","floor":54,"key":"LIFT"}],"circlet_count":0,"master_deck":["Strike_P+1","Strike_P+1","Strike_P+1","Defend_P+1","Defend_P+1","Defend_P+1","Eruption","Vigilance+1","Replay:Vibes+1","Replay:Vibes","Replay:Vibes","WheelKick+1","WheelKick","Halt","Halt+1","Halt+1","Scrawl","Scrawl","Scrawl","FearNoEvil","FearNoEvil","FearNoEvil+1","LessonLearned","LessonLearned+1","LessonLearned+1","Crescendo","Crescendo","Crescendo+1","SpiritShield","SpiritShield","SpiritShield","Prostrate","Prostrate","Prostrate+1","Brilliance","Brilliance+1","Brilliance","Pray+1","Pray","Pray","ForeignInfluence+1","ForeignInfluence+1","ForeignInfluence+1","CutThroughFate","CutThroughFate","CutThroughFate","EmptyBody","EmptyBody","J.A.X.","J.A.X.","J.A.X.","Ghostly","Ghostly","Ghostly+1","Devotion","Devotion+1","Devotion","DevaForm","DevaForm","DevaForm","CrushJoints+1","CrushJoints+1","CrushJoints+1","Ragnarok","Ragnarok","Ragnarok","Omniscience","Omniscience","Omniscience","Worship","Worship","Worship","Replay:Battleflow","Replay:Battleflow","Replay:Battleflow","ReplayUltimateDefense","ReplayUltimateDefense","ReplayUltimateDefense","ReplayTheSpireMod:IOU","ReplayTheSpireMod:IOU","Brilliance","Brilliance","Brilliance","Halt+1","Halt+1","Halt+1","Alpha","Alpha","Alpha","SashWhip+1","SashWhip+1","SashWhip+1","MasterReality","MasterReality","MasterReality","BattleHymn","BattleHymn","BattleHymn"],"relics":["HolyWater","Replay:Arrowhead","Replay:Rubber Ducky","Mango","downfall:HeartBlessingRed","Mummified Hand","MutagenicStrength","Du-Vu Doll","CeramicFish","downfall:HeartBlessingGreen","downfall:HeartBlessingBlue","Girya","construct:WeddingRing","Red Mask","downfall:RedIOUUpgrade","BargainBundle","InkBottle","Replay:Wax Seal","Sling","Bag of Preparation","Art of War","Anchor","StrikeDummy"],"acts_visited":["Exordium","TheCity","TheBeyond","TheEnding"],"potions_floor_usage":[6,12,16,26,26,33,56],"damage_taken":[{"damage":2,"enemies":"Jaw Worm","floor":2,"turns":4},{"damage":5,"enemies":"Cultist","floor":3,"turns":6},{"damage":0,"enemies":"2 Louse","floor":5,"turns":4},{"damage":0,"enemies":"HollowMod:MossKnight","floor":6,"turns":5},{"damage":2,"enemies":"Blue Slaver","floor":8,"turns":3},{"damage":19,"enemies":"Gremlin Nob","floor":9,"turns":4},{"damage":0,"enemies":"Large Slime","floor":10,"turns":4},{"damage":19,"enemies":"3 Sentries","floor":12,"turns":4},{"damage":0,"enemies":"downfall:FleeingMerchant","floor":13,"turns":4},{"damage":0,"enemies":"Red Slaver","floor":15,"turns":2},{"damage":55,"enemies":"IC_STATUS_ARCHETYPE","floor":16,"turns":7},{"damage":5,"enemies":"3 Byrds","floor":19,"turns":5},{"damage":0,"enemies":"Snake Plant","floor":20,"turns":2},{"damage":24,"enemies":"downfall:Augmenter","floor":21,"turns":6},{"damage":29,"enemies":"HollowMod:Nosk","floor":23,"turns":4},{"damage":5,"enemies":"Slavers","floor":26,"turns":4},{"damage":17,"enemies":"3 Cultists","floor":28,"turns":5},{"damage":13,"enemies":"Replay:Snechameleon","floor":29,"turns":4},{"damage":0,"enemies":"Snecko","floor":32,"turns":3},{"damage":23,"enemies":"SI_MIRROR_ARCHETYPE","floor":33,"turns":7},{"damage":0,"enemies":"3 Darklings","floor":36,"turns":4},{"damage":0,"enemies":"downfall:FleeingMerchant","floor":38,"turns":4},{"damage":2,"enemies":"3 Shapes","floor":39,"turns":3},{"damage":14,"enemies":"HollowMod:StalkingDevout","floor":43,"turns":6},{"damage":0,"enemies":"Sphere and 2 Shapes","floor":45,"turns":3},{"damage":0,"enemies":"4 Shapes","floor":46,"turns":3},{"damage":3,"enemies":"Reptomancer","floor":47,"turns":4},{"damage":0,"enemies":"Spire Growth","floor":48,"turns":3},{"damage":0,"enemies":"Writhing Mass","floor":49,"turns":1},{"damage":33,"enemies":"DF_ARCHETYPE_ORBS","floor":50,"turns":3},{"damage":0,"enemies":"downfall:CharBossMerchant","floor":52,"turns":2},{"damage":3,"enemies":"downfall:NeowBoss","floor":55,"turns":10},{"damage":155,"enemies":"downfall:NeowBossFinal","floor":56,"turns":5}],"seed_played":"-7386017133472573341","potions_obtained":[{"floor":2,"key":"Guardian:BlockOnCardUsePotion"},{"floor":3,"key":"Weak Potion"},{"floor":4,"key":"FairyPotion"},{"floor":4,"key":"Fire Potion"},{"floor":6,"key":"Explosive Potion"},{"floor":15,"key":"Slimebound:ThreeZeroPotion"},{"floor":21,"key":"Block Potion"},{"floor":28,"key":"Ancient Potion"},{"floor":29,"key":"SpeedPotion"},{"floor":32,"key":"Dexterity Potion"},{"floor":47,"key":"Death Potion"},{"floor":48,"key":"Block Potion"}],"is_trial":false,"path_per_floor":["R","M","M","?","M","E","T","M","E","M","R","E","$","?","M","B",null,"R","M","M","?","?","E","T","?","E","R","M","E","R","?","M","B",null,"R_BF","M","?","$","M","$","T","?","E","R","M","M","E","M","M","B",null,"E","$","R","B","B"],"character_chosen":"WATCHER","items_purchased":["BargainBundle","ReplayUltimateDefense","InkBottle","Energy Potion","Venom Potion","Replay:Wax Seal","Sling","BattleHymn"],"campfire_rested":3,"item_purchase_floors":[38,38,38,38,38,40,40,53],"current_hp_per_floor":[72,70,65,65,65,65,65,63,58,58,83,64,64,64,64,9,86,86,81,81,57,57,28,28,28,23,61,44,31,59,59,59,36,96,96,96,96,96,94,94,94,94,90,90,90,90,87,87,87,54,96,96,96,96,93,0,0],"gold":86,"neow_bonus":"","is_daily":true,"chose_seed":false,"campfire_upgraded":2,"win_rate":0.0,"timestamp":1614083672,"path_taken":["R","M","M","?","?","E","T","M","E","M","R","E","$","?","M","BOSS","R","M","M","?","?","E","T","?","E","R","M","E","R","?","M","BOSS","R_BF","M","?","$","M","$","T","?","E","R","M","M","E","?","M","BOSS","E","$","R","BOSS","BOSS"],"items_purchased_type":["Relic","Card","Relic","Potion","Potion","Relic","Relic","Card"],"build_version":"2020-12-22","purchased_purges":0,"victory":false,"max_hp_per_floor":[72,72,72,72,72,72,72,72,86,86,86,86,86,86,86,86,86,86,86,86,86,86,86,86,86,86,96,96,96,96,96,96,96,96,96,96,96,96,96,96,96,96,96,96,96,96,96,96,96,96,96,96,96,96,96,96,96],"card_choices":[{"not_picked":["Tantrum","WaveOfTheHand"],"picked":"Replay:Vibes","floor":2},{"not_picked":["TalkToTheHand","ThirdEye"],"picked":"WheelKick","floor":3},{"not_picked":["ClearTheMind","Meditate"],"picked":"Halt","floor":5},{"not_picked":["ConjureBlade","Alpha"],"picked":"Scrawl","floor":6},{"not_picked":["ClearTheMind","FollowUp"],"picked":"FearNoEvil","floor":8},{"not_picked":["Brilliance","Ragnarok"],"picked":"LessonLearned","floor":9},{"not_picked":["Replay:AtTheReady","PathToVictory"],"picked":"Crescendo","floor":10},{"not_picked":["Blasphemy","ConjureBlade"],"picked":"SpiritShield","floor":12},{"not_picked":["EmptyBody","SandsOfTime","EmptyMind"],"picked":"SKIP","floor":13},{"not_picked":["Replay:AtTheReady","Sanctity"],"picked":"Prostrate","floor":15},{"not_picked":["Wish","Blasphemy"],"picked":"Brilliance","floor":16},{"not_picked":["EmptyBody","Replay:ManipulateFuture"],"picked":"Pray","floor":19},{"not_picked":["FlurryOfBlows","Prostrate"],"picked":"ForeignInfluence+1","floor":20},{"not_picked":[],"picked":"J.A.X.","floor":21},{"not_picked":["Wish","LessonLearned"],"picked":"Devotion","floor":23},{"not_picked":["Blasphemy","Devotion"],"picked":"DevaForm","floor":26},{"not_picked":["ForeignInfluence","Vengeance"],"picked":"CrushJoints+1","floor":28},{"not_picked":["Establishment","ConjureBlade"],"picked":"Ragnarok","floor":29},{"not_picked":["Tantrum+1","Meditate+1","Wireheading"],"picked":"SKIP","floor":32},{"not_picked":["MasterReality","Blasphemy"],"picked":"Omniscience","floor":33},{"not_picked":["WindmillStrike+1","Meditate"],"picked":"Worship","floor":36},{"not_picked":["ClearTheMind","ThirdEye"],"picked":"Replay:Battleflow","floor":38},{"not_picked":["ClearTheMind+1","Wallop","Evaluate+1"],"picked":"SKIP","floor":39},{"not_picked":["Replay:AllIn","Scrawl"],"picked":"Brilliance","floor":43},{"not_picked":["FlurryOfBlows","SashWhip"],"picked":"Halt+1","floor":45},{"not_picked":["Protect","WheelKick","Crescendo"],"picked":"SKIP","floor":46},{"not_picked":["Devotion","Omniscience"],"picked":"Alpha","floor":47},{"not_picked":["FearNoEvil+1","Protect+1","Replay:BluntJabs"],"picked":"SKIP","floor":48},{"not_picked":["Replay:BluntJabs","Crescendo+1"],"picked":"SashWhip+1","floor":49},{"not_picked":["Judgement","Alpha"],"picked":"MasterReality","floor":52}],"player_experience":173466,"relics_obtained":[{"floor":6,"key":"Boot"},{"floor":7,"key":"Replay:Rubber Ducky"},{"floor":9,"key":"Mango"},{"floor":12,"key":"Mummified Hand"},{"floor":21,"key":"MutagenicStrength"},{"floor":23,"key":"Du-Vu Doll"},{"floor":26,"key":"CeramicFish"},{"floor":29,"key":"Girya"},{"floor":41,"key":"Bag of Preparation"},{"floor":43,"key":"Art of War"},{"floor":47,"key":"Anchor"},{"floor":52,"key":"StrikeDummy"}],"event_choices":[{"damage_healed":0,"gold_gain":0,"player_choice":"Got Potions","damage_taken":0,"max_hp_gain":0,"max_hp_loss":0,"event_name":"Lab","floor":4,"gold_loss":0},{"damage_healed":0,"gold_gain":0,"player_choice":"Simplicity","damage_taken":0,"max_hp_gain":0,"max_hp_loss":0,"event_name":"Back to Basics","floor":25,"gold_loss":0,"cards_upgraded":["Strike_P","Strike_P","Strike_P","Defend_P"]}],"is_beta":false,"boss_relics":[{"not_picked":["Empty Cage","Busted Crown"],"picked":"HolyWater"},{"not_picked":["Black Star","Replay:Bronze Core"],"picked":"construct:WeddingRing"}],"items_purged_floors":[],"is_endless":false,"potions_floor_spawned":[2,3,6,15,21,28,29,32,39,45,47,48,49],"killed_by":"downfall:NeowBossFinal","ascension_level":0}}