{"host":"ndqkyrxelzss439h","time":1614050191,"event":{"mods":["2.2 Compatiblity","Act Like it!","BaseMod","Better Third Choice","Colored Map","Colored Powertips","Hallownest","Highlight Path","Minty Spire (QoL Compilation)","Permanent Neow","Quick Restart","Replay The Spire","StSLib","The Bug Knight"],"gold_per_floor":[115,131,131,22,22,22,22,22,76,76,96,115,147,164,164,261,261,274,274,292,306,306,332,332,358,358,183,183,203,203,218,218,315,415,431,591,591,609,429,429,449,364,364,364,394,394,425,445,445,445,445,445,374,400,400,400],"floor_reached":55,"language":"ENG","playtime":5830,"items_purged":["HollowMod:NailStrikeStart","HollowMod:NailStrikeStart"],"score":788,"play_id":"28801b62-ef17-46df-b028-ff8fd44dc12c","local_time":"20210222221631","is_ascension_mode":false,"campfire_choices":[{"data":"HollowMod:PureVessel","floor":6.0,"key":"SMITH"},{"floor":15.0,"key":"REST"},{"floor":24.0,"key":"REST"},{"data":"HollowMod:FocusHealStart","floor":30.0,"key":"SMITH"},{"data":"HollowMod:SoulStrike","floor":32.0,"key":"SMITH"},{"floor":40.0,"key":"REST"},{"floor":46.0,"key":"RECALL"},{"data":"HollowMod:SoulStrike","floor":49.0,"key":"SMITH"},{"data":"HollowMod:SoulVessel","floor":52.0,"key":"SMITH"}],"circlet_count":1,"master_deck":["HollowMod:NailStrikeStart","HollowMod:NailStrikeStart","HollowMod:QuickDashStart","HollowMod:QuickDashStart","HollowMod:QuickDashStart","HollowMod:QuickDashStart","HollowMod:FocusHealStart+1","HollowMod:PogoStrike","HollowMod:PureVessel+1","HollowMod:SharpenedNail","HollowMod:MonarchWings","HollowMod:SoulStrike+1","HollowMod:SoulStrike+1","HollowMod:SoulVessel+1","HollowMod:HeavyBlow","Pot Of Greed","Pot Of Greed","HollowMod:LifebloodCore","HollowMod:DreamGate+1","HollowMod:SoulSplash","HollowMod:Hiveblood","HollowMod:SoulVessel","HollowMod:PerfectDash+1","HollowMod:DashSlash+1","Hallownest:skillKingdomsEdgeMap","Pot Of Greed","HollowMod:VengefulSpirit+1","HollowMod:AwokenDreamNail","HollowMod:SoulEater+1"],"relics":["HollowMod:VesselMask","Circlet","Oddly Smooth Stone","Replay:Rubber Ducky","Hallownest:DreamNailRelic","Grinning Jar","Busted Crown","Bronze Scales","Bottled Tornado","HollowMod:MillibellesNoteRelic","Replay:Grab Bag","Replay:Wanted Poster","Philosopher\u0027s Stone","SlaversCollar","Hallownest:GodTamersBeastRelic","Hallownest:StagBellRelic1","Shuriken","Dream Catcher","Blue Doll","Mercury Hourglass"],"acts_visited":["Hallownest:Greenpath","Hallownest:CityofTears","Hallownest:KingdomsEdge","TheEnding"],"potions_floor_usage":[],"damage_taken":[{"damage":7.0,"enemies":"Hallownest:2_Baldur","floor":1.0,"turns":5.0},{"damage":2.0,"enemies":"Hallownest:monsterHuskGuard","floor":2.0,"turns":4.0},{"damage":0.0,"enemies":"2_ Uuma","floor":11.0,"turns":5.0},{"damage":0.0,"enemies":"Hallownest:monsterMossCharger","floor":12.0,"turns":4.0},{"damage":19.0,"enemies":"Hallownest:eliteMossKnight","floor":13.0,"turns":8.0},{"damage":0.0,"enemies":"Hallownest:monsterAspidMother","floor":14.0,"turns":6.0},{"damage":31.0,"enemies":"Hallownest:BossFalseKnight","floor":16.0,"turns":13.0},{"damage":25.0,"enemies":"Hallownest:3_Youths","floor":18.0,"turns":6.0},{"damage":0.0,"enemies":"Hallownest:2_Mistakes","floor":20.0,"turns":5.0},{"damage":21.0,"enemies":"Hallownest:2_Husk_Sentries","floor":21.0,"turns":6.0},{"damage":0.0,"enemies":"Hallownest:Nosk","floor":23.0,"turns":9.0},{"damage":4.0,"enemies":"Hallownest:eliteSoulWarrior","floor":25.0,"turns":8.0},{"damage":6.0,"enemies":"Hallownest:Master_and_Novice","floor":29.0,"turns":6.0},{"damage":5.0,"enemies":"Hallownest:2_Flukemon","floor":31.0,"turns":6.0},{"damage":46.0,"enemies":"Hallownest:BossSoulMaster","floor":33.0,"turns":16.0},{"damage":37.0,"enemies":"Hallownest:3_Siblings","floor":35.0,"turns":8.0},{"damage":18.0,"enemies":"Hallownest:3_Siblings","floor":36.0,"turns":6.0},{"damage":19.0,"enemies":"Hallownest:3_Siblings","floor":36.0,"turns":6.0},{"damage":37.0,"enemies":"Hallownest:3_Siblings","floor":36.0,"turns":7.0},{"damage":0.0,"enemies":"Hallownest:3_Siblings","floor":36.0,"turns":2.0},{"damage":19.0,"enemies":"Hallownest:Shield_Heavy","floor":38.0,"turns":6.0},{"damage":0.0,"enemies":"Hallownest:monsterPrimalAspid","floor":41.0,"turns":5.0},{"damage":10.0,"enemies":"Hallownest:eliteHiveKnight","floor":45.0,"turns":7.0},{"damage":1.0,"enemies":"Hallownest:eliteCollector","floor":47.0,"turns":8.0},{"damage":0.0,"enemies":"Hallownest:2_Soldiers_and_1_Guardian","floor":48.0,"turns":7.0},{"damage":32.0,"enemies":"Hallownest:Radiance","floor":50.0,"turns":11.0},{"damage":33,"enemies":"Shield and Spear","floor":54,"turns":6},{"damage":76,"enemies":"The Heart","floor":55,"turns":6}],"seed_played":"-3389688880135919731","potions_obtained":[{"floor":11.0,"key":"SpeedPotion"},{"floor":12.0,"key":"FairyPotion"},{"floor":13.0,"key":"Venom Potion"},{"floor":16.0,"key":"EssenceOfSteel"},{"floor":25.0,"key":"Reflective Coating"},{"floor":38.0,"key":"SpeedPotion"}],"is_trial":false,"path_per_floor":["M","M","T","$","?","R","$","?","T","?","M","M","E","M","R","B",null,"M","?","M","M","?","E","R","E","T","$","?","M","R","M","R","B",null,"M","?","?","M","?","R","M","?","T","$","E","R","E","M","R","B",null,"R","$","E","B"],"character_chosen":"THE_BUGKNIGHT","items_purchased":["HollowMod:SoulStrike","HollowMod:SoulVessel","HollowMod:AwokenDreamNail"],"campfire_rested":3,"item_purchase_floors":[4,27,53],"current_hp_per_floor":[61,59,59,59,59,59,59,59,59,59,59,59,40,40,60,35,68,43,43,43,22,22,22,42,38,38,38,38,47,47,48,48,24,68,31,14,31,18,18,38,49,49,49,49,64,64,67,68,68,54,68,68,68,35,0,0],"gold":400,"neow_bonus":"THREE_RARE_CARDS","is_daily":false,"chose_seed":false,"campfire_upgraded":5,"win_rate":0.0,"timestamp":1614050191,"path_taken":["M","M","?","$","?","R","$","?","T","?","M","?","E","M","R","BOSS","M","?","M","M","?","E","R","E","T","$","?","?","R","M","R","BOSS","M","?","?","M","?","R","M","?","T","$","E","R","E","M","R","BOSS","R","$","E","BOSS"],"items_purchased_type":["Card","Card","Card"],"build_version":"2020-12-22","purchased_purges":2,"victory":false,"max_hp_per_floor":[68,68,68,68,68,68,68,68,68,68,68,68,68,68,68,68,68,68,68,68,68,68,68,68,68,68,68,68,68,68,68,68,68,68,68,68,68,68,68,68,68,68,68,68,68,68,68,68,68,68,68,68,68,68,68,68],"card_choices":[{"not_picked":["HollowMod:Weaversong","HollowMod:ZotesMagnificence"],"picked":"HollowMod:PureVessel","floor":0.0},{"not_picked":["HollowMod:TaintedHusks","HollowMod:MantisMark"],"picked":"HollowMod:SharpenedNail","floor":1.0},{"not_picked":["HollowMod:BaldurShell","HollowMod:HowlingWraiths"],"picked":"HollowMod:MonarchWings","floor":2.0},{"not_picked":["HollowMod:DungDefenderAura","HollowMod:SharpenedNail"],"picked":"HollowMod:SoulVessel","floor":11.0},{"not_picked":["HollowMod:InfectedAttack","HollowMod:Hiveblood"],"picked":"HollowMod:HeavyBlow","floor":12.0},{"not_picked":["HollowMod:DescendingDark","HollowMod:NewGlowingWomb","HollowMod:SoulStrike"],"picked":"SKIP","floor":13.0},{"not_picked":["HollowMod:TaintedHusks","HollowMod:NewJinnsSoul","HollowMod:SharpenedNail"],"picked":"SKIP","floor":14.0},{"not_picked":["HollowMod:ElderbugsWisdom","HollowMod:Hiveblood"],"picked":"HollowMod:LifebloodCore","floor":16.0},{"not_picked":[],"picked":"HollowMod:DreamGate+1","floor":18.0},{"not_picked":["HollowMod:ShadowDash"],"picked":"SKIP","floor":20.0},{"not_picked":[],"picked":"HollowMod:SoulSplash","floor":21.0},{"not_picked":["HollowMod:SharpenedNail"],"picked":"SKIP","floor":23.0},{"not_picked":[],"picked":"HollowMod:Hiveblood","floor":25.0},{"not_picked":["HollowMod:TaintedHusks"],"picked":"SKIP","floor":29.0},{"not_picked":["HollowMod:DescendingDark"],"picked":"SKIP","floor":31.0},{"not_picked":[],"picked":"HollowMod:PerfectDash+1","floor":35.0},{"not_picked":[],"picked":"HollowMod:DashSlash+1","floor":38.0},{"not_picked":["HollowMod:TaintedHusks+1"],"picked":"SKIP","floor":41.0},{"not_picked":[],"picked":"HollowMod:VengefulSpirit+1","floor":45.0},{"not_picked":["HollowMod:NewGlowingWomb+1"],"picked":"SKIP","floor":47.0},{"not_picked":["HollowMod:WraithStrike+1"],"picked":"SKIP","floor":48.0},{"not_picked":[],"picked":"HollowMod:SoulEater+1","floor":54}],"player_experience":95517,"relics_obtained":[{"floor":3.0,"key":"Oddly Smooth Stone"},{"floor":9.0,"key":"Replay:Rubber Ducky"},{"floor":13.0,"key":"Grinning Jar"},{"floor":23.0,"key":"Bottled Tornado"},{"floor":25.0,"key":"HollowMod:MillibellesNoteRelic"},{"floor":43.0,"key":"Shuriken"},{"floor":45.0,"key":"Dream Catcher"},{"floor":47.0,"key":"Blue Doll"},{"floor":54,"key":"Mercury Hourglass"}],"event_choices":[],"is_beta":false,"boss_relics":[{"not_picked":["Coffee Dripper","ReplayTheSpireMod:DimensionalGlitch"],"picked":"Busted Crown"},{"not_picked":["Replay:Ancient Bell","Fusion Hammer"],"picked":"Replay:Grab Bag"},{"not_picked":["Painkiller Herb","Runic Dome"],"picked":"Replay:Wanted Poster"},{"not_picked":["ChewingGum","Abe\u0027s Treasure"],"picked":"Philosopher\u0027s Stone"},{"not_picked":["Calling Bell","AT_TrinityForce"],"picked":"SlaversCollar"}],"items_purged_floors":[4,27],"is_endless":false,"potions_floor_spawned":[11,12,13,16,18,25,29,38,41,45,47],"killed_by":"The Heart","ascension_level":0}}