{"host":"ox77rn1xcurm2t5a","time":1614116102,"event":{"mods":["2.2 Compatiblity","AchievementEnabler","Act Like it!","Aspiration","BaseMod","Best Route Mod","Better Match","Better Note","Better Sensory Stone","Block Reminder","Colored Map","Colored Powertips","Conjunction","Conspire","Custom Start","Energized Spire","GifTheSpireLib","Gold Saver","Gremlin Skip","Halation","Highlight Path","Hubris","Infinite Spire","Minty Spire (QoL Compilation)","Pale of the Ancients","Quick Restart","Reliquary","Replay The Spire","Reworked Bosses","ShortenTheSpire","Spire Exporter","StSLib","Stuff the Spire","Wandering Minibosses"],"gold_per_floor":[394,409,409,424,118,153,171,171,197,224,236,1,1,34,34,139,139,151,166,166,184,184,184,14,46,46,46,46],"floor_reached":27,"language":"ENG","playtime":637,"items_purged":["Defend_R","Defend_R","Defend_R"],"score":411,"play_id":"8dc8a4fa-0930-4eab-9f25-2f288636843e","local_time":"20210223233502","is_ascension_mode":true,"campfire_choices":[{"floor":8.0,"key":"RECALL"},{"floor":11.0,"key":"REST"},{"data":"Bash","floor":13.0,"key":"SMITH"},{"data":"Armaments","floor":15.0,"key":"SMITH"},{"data":"Thunderclap","floor":23,"key":"SMITH"}],"circlet_count":0,"master_deck":["AscendersBane","Strike_R","Strike_R","Strike_R","Strike_R","Strike_R","Defend_R","Bash+1","Perfected Strike+1","Anger","Armaments+1","Anger","infinitespire:Starlight","Thunderclap+1","Perfected Strike"],"relics":["Burning Blood","halation:PromiseList","Sling","conspire:TopHat","MawBank","Vajra","Pet Ghost","reliquary:RustamsPendant","Gremlin Food"],"acts_visited":["Exordium","TheCity"],"potions_floor_usage":[25],"damage_taken":[{"damage":8.0,"enemies":"2 Louse","floor":1.0,"turns":3.0},{"damage":11.0,"enemies":"Cultist","floor":2.0,"turns":4.0},{"damage":2.0,"enemies":"Jaw Worm","floor":4.0,"turns":2.0},{"damage":30.0,"enemies":"Gremlin Nob","floor":6.0,"turns":4.0},{"damage":14.0,"enemies":"Blue Slaver","floor":7.0,"turns":5.0},{"damage":30.0,"enemies":"Lagavulin","floor":10.0,"turns":5.0},{"damage":0.0,"enemies":"Gremlin Nob","floor":14.0,"turns":2.0},{"damage":37.0,"enemies":"The Guardian","floor":16.0,"turns":13.0},{"damage":0,"enemies":"Shell Parasite","floor":18,"turns":2},{"damage":11,"enemies":"3 Byrds","floor":19,"turns":5},{"damage":25,"enemies":"Cultist and Chosen","floor":21,"turns":5},{"damage":37,"enemies":"Gremlin Leader","floor":25,"turns":5},{"damage":44,"enemies":"Slavers","floor":27,"turns":2}],"seed_played":"-5327848551729774338","potions_obtained":[{"floor":1.0,"key":"SpeedPotion"},{"floor":4.0,"key":"Elixir"},{"floor":10.0,"key":"Fire Potion"},{"floor":21,"key":"BlessingOfTheForge"}],"is_trial":false,"path_per_floor":["M","M","?","M","$","E","M","R","T","E","R","$","R","E","R","B",null,"M","M","AVR","M","?","R","$","E","T","E"],"character_chosen":"IRONCLAD","items_purchased":["Sling","Regen Potion","Vajra","Perfected Strike"],"campfire_rested":1,"item_purchase_floors":[5,5,12,24],"current_hp_per_floor":[70,65,65,69,69,57,49,49,49,25,49,49,49,55,55,24,66,72,67,67,48,48,48,48,32,32,0,0],"gold":46,"neow_bonus":"RANDOM_COMMON_RELIC","is_daily":false,"chose_seed":false,"campfire_upgraded":3,"win_rate":0.0,"timestamp":1614116102,"path_taken":["M","M","?","M","$","E","M","R","T","E","R","$","R","E","R","BOSS","M","?","AVR","M","?","R","$","E","T","E"],"items_purchased_type":["Relic","Potion","Relic","Card"],"build_version":"2020-12-22","purchased_purges":3,"victory":false,"max_hp_per_floor":[80,80,80,80,80,80,80,80,80,80,80,80,80,80,80,80,80,80,80,80,80,80,80,80,80,80,80,80],"card_choices":[{"not_picked":["StuffTheSpire:Resist","Searing Blow","StuffTheSpire:Slingshot"],"picked":"SKIP","floor":1.0},{"not_picked":["Shrug It Off","ReplayTheSpireMod:Corrosion Curse"],"picked":"Perfected Strike","floor":2.0},{"not_picked":["Blood for Blood","conspire:ExplosiveBarrier","Fire Breathing"],"picked":"SKIP","floor":4.0},{"not_picked":["Warcry","Rage","Second Wind"],"picked":"SKIP","floor":6.0},{"not_picked":["Replay:Many Hands","Iron Wave"],"picked":"Anger","floor":7.0},{"not_picked":["ReplayTheSpireMod:Stacked","Dark Embrace","ReplayTheSpireMod:Muscle Training"],"picked":"SKIP","floor":10.0},{"not_picked":["Offering","StuffTheSpire:RagingBull"],"picked":"Armaments","floor":14.0},{"not_picked":["Havoc+1","StuffTheSpire:Resist","Shrug It Off"],"picked":"SKIP","floor":18},{"not_picked":["Pummel","Rupture"],"picked":"Anger","floor":19},{"not_picked":["Bloodletting","Iron Wave"],"picked":"Thunderclap","floor":21},{"not_picked":["Barricade","Wild Strike","StuffTheSpire:RockThrow+1"],"picked":"SKIP","floor":25}],"player_experience":3235663,"relics_obtained":[{"floor":6.0,"key":"conspire:TopHat"},{"floor":10.0,"key":"MawBank"},{"floor":14.0,"key":"Pet Ghost"},{"floor":25,"key":"Gremlin Food"}],"event_choices":[{"damage_healed":0.0,"max_hp_gain":0.0,"max_hp_loss":0.0,"gold_gain":0.0,"event_name":"Accursed Blacksmith","player_choice":"Forge","floor":3.0,"gold_loss":0.0,"damage_taken":0.0,"cards_upgraded":["Perfected Strike"]},{"damage_healed":0,"gold_gain":0,"player_choice":"Ignored","damage_taken":0,"max_hp_gain":0,"max_hp_loss":0,"event_name":"betterNote:BetterNote","floor":22,"gold_loss":0,"cards_obtained":["Strike_P"]}],"is_beta":false,"boss_relics":[{"not_picked":["Ring of Chaos","Busted Crown"],"picked":"reliquary:RustamsPendant"}],"items_purged_floors":[5,12,24],"is_endless":false,"potions_floor_spawned":[1,4,10,21],"killed_by":"Slavers","ascension_level":10}}