{"host":"jr9txmeil0uubrvm","time":1614089344,"event":{"mods":["10 clothes from DAL","ATMod(阿瑾Mod)","BaseMod","Bossed Relics","Colored Powertips","Custom Start","Dota2Spire","Library of Ruina","Minty Spire (QoL Compilation)","Quick Restart","Rare Cards Sparkle","Reliquary","StSLib","The Blackbeard","The Servant 0.9.4","TheWitcher","Warlord Emblem","【功能Mod】Neow奖励","【功能Mod】强力的原版药水","【功能Mod】精心准备","【遗物Mod】简单游戏","【遗物卡牌】REMEMod","没有小屋子和绿帽子啦"],"gold_per_floor":[115,132,144,144,319,354,354,379,441,470,482,519,531,561,573,706,718,750,762,814,845,871,883,938,950,989,1035,1047,1092,1104,1216,1228,1359,1371,1397,1409,1421,1456,1533,1576,1393,1417,1417,1438,1478,825,825,845,845,845],"floor_reached":51,"language":"ZHS","playtime":1696,"items_purged":["DegradedFairy","DegradedFairy"],"score":1234,"play_id":"ac0e7cd9-9d34-4c71-bd2d-323731058047","local_time":"20210223220904","is_ascension_mode":true,"campfire_choices":[{"data":"AT_FamilyPortrait","floor":7,"key":"SMITH"},{"floor":15,"key":"REST"},{"data":"CrackOfDawn","floor":23,"key":"SMITH"},{"data":"LeRegole","floor":28,"key":"SMITH"},{"data":"RipSpace","floor":30,"key":"SMITH"},{"data":"Deflect_lor","floor":32,"key":"SMITH"},{"data":"MindCrush","floor":49,"key":"SMITH"}],"circlet_count":0,"master_deck":["DegradedFairy","DegradedFairy","DegradedChain","DegradedChain","DegradedLock","DegradedPillar","DegradedPillar","DegradedShockwave","AT_FamilyPortrait+1","SparkingSpear","WillBeTasty","Unlock1","LeRegole+1","RushDown","ConcentratedFire","RipSpace+1","GatherIntel","Reload+1","UnavoidableGaze+1","CrackOfDawn+1","Deflect_lor+1","RagingStormLove","MindCrush+1","UnavoidableGaze+1","Feast+1","UndertakePrescript","FormingStorm","MindCrush","TrashDisposal","LeRegole","Tttonst","Collision","ForTheFamily"],"relics":["PageOfLibrarian","EasyRelic","REME_ComplimentaryCards","AT_ATBox","PageOfPinocchio","MawBank","Dota2Spire:ArmletOfMordiggian","SnafuTest:BearRelic","reliquary:Stiletto","Golden Idol","Red Mask","PageOfTodaysShyLook","MutagenicStrength","Oddly Smooth Stone","PageOfJudgementBird","Smiling Mask","Astrolabe","WarlordEmblem:QuestWarrior","Dota2Spire:Vanguard","reliquary:ExpiredCoupon","Dota2Spire:LinkenSphere","WarlordEmblem:WuziBook","AT_Kusabimaru","Orrery"],"acts_visited":["Exordium","TheCity","TheBeyond"],"potions_floor_usage":[10,16,33,50,50,50],"damage_taken":[{"damage":0,"enemies":"Cultist","floor":1,"turns":1},{"damage":0,"enemies":"Small Slimes","floor":2,"turns":1},{"damage":0,"enemies":"Jaw Worm","floor":3,"turns":1},{"damage":0,"enemies":"3 Sentries","floor":6,"turns":3},{"damage":0,"enemies":"Lagavulin","floor":8,"turns":2},{"damage":0,"enemies":"3 Louse","floor":10,"turns":1},{"damage":0,"enemies":"3 Sentries","floor":12,"turns":1},{"damage":0,"enemies":"Exordium Thugs","floor":14,"turns":1},{"damage":5,"enemies":"Hexaghost","floor":16,"turns":3},{"damage":0,"enemies":"Spheric Guardian","floor":18,"turns":1},{"damage":0,"enemies":"Masked Bandits","floor":20,"turns":1},{"damage":0,"enemies":"3 Byrds","floor":21,"turns":1},{"damage":0,"enemies":"Snecko","floor":22,"turns":2},{"damage":0,"enemies":"Gremlin Leader","floor":24,"turns":3},{"damage":0,"enemies":"Book of Stabbing","floor":27,"turns":3},{"damage":0,"enemies":"REME_1_Revenger","floor":29,"turns":2},{"damage":0,"enemies":"Automaton","floor":33,"turns":3},{"damage":0,"enemies":"Orb Walker","floor":35,"turns":1},{"damage":9,"enemies":"3 Shapes","floor":38,"turns":1},{"damage":0,"enemies":"2 Orb Walkers","floor":39,"turns":2},{"damage":0,"enemies":"Giant Head","floor":40,"turns":4},{"damage":0,"enemies":"Spire Growth","floor":42,"turns":2},{"damage":0,"enemies":"Sphere and 2 Shapes","floor":44,"turns":1},{"damage":0,"enemies":"Reptomancer","floor":45,"turns":2},{"damage":0,"enemies":"Writhing Mass","floor":48,"turns":1},{"damage":0,"enemies":"Awakened One","floor":50,"turns":5}],"seed_played":"4116043569541190370","potions_obtained":[{"floor":8,"key":"DistilledChaos"},{"floor":10,"key":"REME_GoldPotion"},{"floor":12,"key":"Block Potion"},{"floor":14,"key":"SteroidPotion"},{"floor":16,"key":"FairyPotion"},{"floor":35,"key":"Energy Potion"}],"is_trial":false,"path_per_floor":["M","M","M","?","?","E","R","E","T","M","T","E","?","M","R","B",null,"M","?","?","M","M","R","E","?","T","E","R","E","R","?","R","B",null,"M","?","?","M","?","E","$","M","T","M","E","$","?","M","R","B",null],"character_chosen":"Librarian","items_purchased":["reliquary:ExpiredCoupon","AT_Kusabimaru","Orrery","Collision","ForTheFamily"],"campfire_rested":1,"item_purchase_floors":[41,46,46,46,46],"current_hp_per_floor":[69,69,69,62,62,64,64,64,64,64,64,64,32,32,70,65,129,129,129,129,129,129,129,129,129,129,129,129,129,129,129,129,129,129,129,123,123,114,114,121,121,123,123,123,123,123,123,123,123,123],"gold":845,"neow_bonus":"TEN_PERCENT_HP_BONUS","is_daily":false,"chose_seed":false,"campfire_upgraded":6,"win_rate":0.0,"timestamp":1614089344,"path_taken":["M","M","?","?","?","E","R","E","T","M","?","E","?","M","R","BOSS","M","?","?","M","M","R","E","?","T","E","R","E","R","?","R","BOSS","M","?","?","?","?","E","$","M","T","M","E","$","?","M","R","BOSS"],"items_purchased_type":["Relic","Relic","Relic","Card","Card"],"build_version":"2020-12-22","purchased_purges":2,"victory":true,"max_hp_per_floor":[129,129,129,129,129,129,129,129,129,129,129,129,129,129,129,129,129,129,129,129,129,129,129,129,129,129,129,129,129,129,129,129,129,129,129,123,123,123,123,123,123,123,123,123,123,123,123,123,123,123],"card_choices":[{"not_picked":["HighKick","NightInTheBackstreets","BackAttack","GaleKick","SomberProcuration","EndlessBattle","FrontalAssault","ClassAndRespect"],"picked":"SparkingSpear","floor":1},{"not_picked":["WillOfThePrescript","Ripple","SweepTheBackstreets","Leap_lor","SerpentSwordTechnique","GuardingStance","FleetFootsteps","DestructiveImpact"],"picked":"WillBeTasty","floor":2},{"not_picked":["GatherIntel","BizarreAttack","EnergyCycle","RatsGuideToSurvival","GuardingStance","FieryWaltz","DefenseOrder","QuickAttack"],"picked":"Unlock1","floor":3},{"not_picked":["EnergyStrike","AsThePrescriptOrders","FieryWaltz","FleetFootsteps","BindingChains","BurningFlash","CoordinatedAssault","Rewind"],"picked":"LeRegole","floor":6},{"not_picked":["FierceCharge","ForcefulGesture","SpearedSweep","SunsetBlade","MirageStorm","Faith","SinglePointStab","StrikeDown","MultiBlock"],"picked":"SKIP","floor":8},{"not_picked":["FlashOfSunup","BackAttack","SmokingPipe","Outburst","Clone","DirtyBlow","Parry","Wallop_lor"],"picked":"RushDown","floor":10},{"not_picked":["TieShanKao","AsThePrescriptOrders","Quickness","TendonChords","PinpointShot","LawAndOrder","SuppressingShot","EndlessBattle","EnergyStrike"],"picked":"SKIP","floor":12},{"not_picked":["SturdyDefense","Quickness","UpbeatPerformance","SpearedSweep","PreemptiveStrike","FeatherShield","FierceCharge","EmotionalTurbulence"],"picked":"ConcentratedFire","floor":14},{"not_picked":["GoinFirst","TieShanKao"],"picked":"RipSpace","floor":16},{"not_picked":["MultiHit","SmokingPipe","SnakeSlit","Standoff","FlyingSword","FervidEmotions+1","Rampage_lor","GuidanceOfTheGears","SunsetBlade"],"picked":"SKIP","floor":18},{"not_picked":["GrazeTheGrass","BackAttack","AutonomousRush","StrongStrike","Diversion","Quickness","FierceOnslaught","MultiHit"],"picked":"Reload","floor":20},{"not_picked":["Leap_lor","EndlessBattle+1","FieryDragonSlash","StayCalm","AutonomousRush","SerpentSwordTechnique","UpbeatPerformance","Diversion+1"],"picked":"UnavoidableGaze+1","floor":21},{"not_picked":["HighKick","TraceOfFumes","ClassAndRespect","QuickSuppression","PinpointShot+1","GrazeTheGrass","StrikeDown+1","PreemptiveStrike"],"picked":"CrackOfDawn","floor":22},{"not_picked":["BackstreetsDash","MindWhip","GreatSerpentsImpact+1","Leap_lor","PreemptiveStrike","Gamble","FierceCharge","DarkCloud"],"picked":"Deflect_lor","floor":24},{"not_picked":["SerpentSwordTechnique+1","BindingArms+1","HighKick","StartinOutLightly+1","ShockingBlow+1","CoordinatedAssault","TasteMyFlamingBat+1","Pound+1","SmokingPipe"],"picked":"SKIP","floor":27},{"not_picked":["DevastatingThrash+1","MultiBlock","BiXi","EndlessBattle+1","VenomousFangs+1","AutonomousRush","Riposte","UndertakePrescript","BackAttack"],"picked":"SKIP","floor":29},{"not_picked":["ChargeUp","GoinFirst"],"picked":"RagingStormLove","floor":33},{"not_picked":["SerpentSwordTechnique","ViolentFlame+1","WillBeTasty+1","SnakesPrey+1","FlashingStrike","DesperateStruggle","WrathOfTorment","Leap_lor"],"picked":"MindCrush","floor":35},{"not_picked":["BlowItUp+1","SearingSword","BiAn","Wallop_lor","FleetFootsteps","WrathOfTorment+1","GuardingStance","Parry"],"picked":"UnavoidableGaze+1","floor":38},{"not_picked":["SharpenedBlade+1","VenomousFangs+1","WaitUp+1","TendonChords+1","SharpSwipe+1","FleetEdge+1","GaleKick+1","Fence+1"],"picked":"Feast+1","floor":39},{"not_picked":["Transpierce","FleshFillet","Concentration","FlyingSword","RatsGuideToSurvival+1","BiAn+1","CoordinatedAssault","PreemptiveStrike+1"],"picked":"UndertakePrescript","floor":40},{"not_picked":["Laceration+1","FrontalAssault","Juggling","UpbeatPerformance+1","SinglePointStab","MultiHit","InnerArdor","YouOnlyLiveOnce+1","Rewind+1"],"picked":"SKIP","floor":42},{"not_picked":["EnergyShield","ConcentratedFire+1","EnergyStrike+1","BlowItUp","FleetFootsteps+1","Parry+1","MultiHit","IllEndYou"],"picked":"FormingStorm","floor":44},{"not_picked":["Pound+1","WillOfThePrescript","Thrust+1","StartinOutLightly","SkitterAway","SturdyDefense+1","DevastatingThrash","Wallop_lor+1"],"picked":"MindCrush","floor":45},{"not_picked":["FleetFootsteps+1","Pound+1","RulesOfTheBackstreets","EnergyShield+1","Thrust+1","HighKick+1","GuardingStance+1","SinglePointStab+1"],"picked":"TrashDisposal","floor":46},{"not_picked":["UpbeatPerformance","ChargeUp","FlashingStrike+1","SuppressingShot","YourShield+1","FleetFootsteps+1","EndlessBattle","Overpower+1"],"picked":"LeRegole","floor":46},{"not_picked":["BackstreetsDash","ICanCookAnything+1","GuidanceOfTheGears","MultiBlock","Overcharge+1","HiddenBlade+1","RushDown+1","FlowOfTheSword+1"],"picked":"Tttonst","floor":46},{"not_picked":["FieryDragonSlash","IronWall","GuidanceOfTheGears","RipSpace","FlashOfSunup+1","ClassAndRespect","CoordinatedAssault+1","Thrust","SerpentSwordTechnique"],"picked":"SKIP","floor":48}],"player_experience":429220,"relics_obtained":[{"floor":6,"key":"PageOfPinocchio"},{"floor":8,"key":"MawBank"},{"floor":9,"key":"Dota2Spire:ArmletOfMordiggian"},{"floor":11,"key":"SnafuTest:BearRelic"},{"floor":12,"key":"reliquary:Stiletto"},{"floor":20,"key":"Red Mask"},{"floor":24,"key":"PageOfTodaysShyLook"},{"floor":26,"key":"Oddly Smooth Stone"},{"floor":27,"key":"PageOfJudgementBird"},{"floor":29,"key":"Smiling Mask"},{"floor":39,"key":"WarlordEmblem:QuestWarrior"},{"floor":40,"key":"Dota2Spire:Vanguard"},{"floor":43,"key":"Dota2Spire:LinkenSphere"},{"floor":45,"key":"WarlordEmblem:WuziBook"}],"event_choices":[{"damage_healed":0,"gold_gain":175,"player_choice":"AGREE","damage_taken":0,"max_hp_gain":0,"max_hp_loss":0,"event_name":"Liars Game","floor":5,"gold_loss":0,"cards_obtained":["Doubt"]},{"damage_healed":0,"gold_gain":0,"player_choice":"Take Damage","damage_taken":32,"relics_obtained":["Golden Idol"],"max_hp_gain":0,"max_hp_loss":0,"event_name":"Golden Idol","floor":13,"gold_loss":0},{"damage_healed":0,"gold_gain":0,"player_choice":"Read","damage_taken":0,"max_hp_gain":0,"max_hp_loss":0,"event_name":"The Library","floor":19,"gold_loss":0,"cards_obtained":["GatherIntel"]},{"damage_healed":0,"gold_gain":0,"player_choice":"Fought Bandits","damage_taken":0,"max_hp_gain":0,"max_hp_loss":0,"event_name":"Masked Bandits","floor":20,"gold_loss":0},{"damage_healed":0,"gold_gain":0,"player_choice":"Inject Mutagens","damage_taken":0,"relics_obtained":["MutagenicStrength"],"max_hp_gain":0,"max_hp_loss":0,"event_name":"Drug Dealer","floor":25,"gold_loss":0},{"damage_healed":0,"gold_gain":100,"player_choice":"Pray","damage_taken":0,"max_hp_gain":0,"max_hp_loss":0,"event_name":"Golden Shrine","floor":31,"gold_loss":0},{"damage_healed":0,"gold_gain":0,"player_choice":"Max HP","damage_taken":0,"max_hp_gain":0,"max_hp_loss":6,"event_name":"Winding Halls","floor":36,"gold_loss":0},{"cards_removed":["Doubt"],"damage_healed":0,"gold_gain":0,"player_choice":"Removed Curses","damage_taken":0,"max_hp_gain":0,"max_hp_loss":0,"event_name":"Fountain of Cleansing","floor":37,"gold_loss":0},{"damage_healed":0,"gold_gain":0,"player_choice":"Fight","damage_taken":0,"max_hp_gain":0,"max_hp_loss":0,"event_name":"Mysterious Sphere","floor":39,"gold_loss":0},{"damage_healed":0,"gold_gain":0,"player_choice":"Ignored","damage_taken":0,"max_hp_gain":0,"max_hp_loss":0,"event_name":"The Moai Head","floor":47,"gold_loss":0}],"is_beta":false,"boss_relics":[{"not_picked":["reliquary:Ember","Runic Dome","Cursed Key"]},{"not_picked":["WarlordEmblem:BadgeBless","reliquary:KinkedSpring"],"picked":"Astrolabe"}],"items_purged_floors":[41,46],"is_endless":false,"potions_floor_spawned":[8,10,12,14,16,18,20,27,29,35,42,44],"ascension_level":1}}