{"host":"ly3xxjo8nz2ssae4","time":1614116301,"event":{"mods":["BaseMod","Colored Map","DeckTracker","Highlight Path","Minty Spire (QoL Compilation)","Quick Restart"],"gold_per_floor":[113,131,149,163,180,207,194,19,19,29,29,29,29,49,49,152,152,168,179,179,190,190,190,215,215,215,247,263,263,178,188,188,292,292,303,319,319,319,175,204,218,236,285,316,362,362,389,148,148,148,148,148,33,60,60],"floor_reached":56,"language":"ENG","playtime":23900,"items_purged":["Strike_B+1"],"score":1549,"play_id":"ea5ed06d-2e6c-48ad-860f-f247e2096110","local_time":"20210223163821","is_ascension_mode":false,"campfire_choices":[{"floor":15,"key":"REST"},{"data":"Consume","floor":23,"key":"SMITH"},{"data":"Chaos","floor":25,"key":"SMITH"},{"floor":29,"key":"RECALL"},{"data":"Fission","floor":32,"key":"SMITH"},{"data":"Fission","floor":46,"key":"SMITH"},{"data":"Rainbow","floor":49,"key":"SMITH"},{"data":"Capacitor","floor":52,"key":"SMITH"}],"circlet_count":0,"master_deck":["Strike_B+1","Strike_B+1","Strike_B+1","Defend_B+1","Defend_B+1","Defend_B+1","Defend_B+1","Zap+1","Dualcast","Ball Lightning","Conserve Battery","Chaos+1","Cold Snap","Reinforced Body","Consume+1","Doom and Gloom","Conserve Battery","Capacitor+1","Self Repair","Rainbow+1","Cold Snap+1","Undo+1","Core Surge","Fission+1","Turbo+1","Panacea","Redo+1","Fission+1","Bandage Up+1","BootSequence+1","Defragment+1","BootSequence"],"relics":["FrozenCore","Pocketwatch","Runic Capacitor","HornCleat","InkBottle","Gremlin Horn","Mummified Hand","Du-Vu Doll","Busted Crown","Membership Card","Bottled Lightning","Bottled Tornado","Girya","Pen Nib","Bottled Flame","HandDrill","War Paint","Oddly Smooth Stone"],"acts_visited":["Exordium","TheCity","TheBeyond","TheEnding"],"potions_floor_usage":[24,54,55,55],"damage_taken":[{"damage":6.0,"enemies":"Jaw Worm","floor":1.0,"turns":3.0},{"damage":10.0,"enemies":"Small Slimes","floor":2.0,"turns":2.0},{"damage":0.0,"enemies":"Cultist","floor":3.0,"turns":3.0},{"damage":2.0,"enemies":"Blue Slaver","floor":4.0,"turns":3.0},{"damage":5.0,"enemies":"Looter","floor":5.0,"turns":3.0},{"damage":10.0,"enemies":"Lagavulin","floor":6.0,"turns":9.0},{"damage":11.0,"enemies":"Exordium Thugs","floor":7.0,"turns":4.0},{"damage":1,"enemies":"2 Fungi Beasts","floor":10,"turns":4},{"damage":7,"enemies":"Exordium Wildlife","floor":14,"turns":4},{"damage":0,"enemies":"The Guardian","floor":16,"turns":8},{"damage":1,"enemies":"Spheric Guardian","floor":18,"turns":4},{"damage":0,"enemies":"Chosen","floor":19,"turns":4},{"damage":5,"enemies":"Centurion and Healer","floor":21,"turns":10},{"damage":23,"enemies":"Slavers","floor":24,"turns":7},{"damage":6,"enemies":"Gremlin Leader","floor":27,"turns":7},{"damage":0,"enemies":"Cultist and Chosen","floor":28,"turns":5},{"damage":9,"enemies":"3 Cultists","floor":31,"turns":5},{"damage":6,"enemies":"Champ","floor":33,"turns":8},{"damage":14,"enemies":"Orb Walker","floor":35,"turns":4},{"damage":0,"enemies":"3 Shapes","floor":36,"turns":4},{"damage":21,"enemies":"Nemesis","floor":40,"turns":9},{"damage":4,"enemies":"Jaw Worm Horde","floor":41,"turns":6},{"damage":0,"enemies":"3 Darklings","floor":42,"turns":5},{"damage":0,"enemies":"Reptomancer","floor":44,"turns":8},{"damage":14,"enemies":"2 Orb Walkers","floor":45,"turns":6},{"damage":0,"enemies":"Time Eater","floor":50,"turns":10},{"damage":9,"enemies":"Shield and Spear","floor":54,"turns":7},{"damage":24,"enemies":"The Heart","floor":55,"turns":12}],"seed_played":"-5078219184523408700","potions_obtained":[{"floor":3.0,"key":"DistilledChaos"},{"floor":5.0,"key":"EssenceOfSteel"},{"floor":7.0,"key":"EssenceOfSteel"},{"floor":14,"key":"LiquidBronze"},{"floor":28,"key":"LiquidBronze"},{"floor":33,"key":"DistilledChaos"},{"floor":35,"key":"DuplicationPotion"}],"is_trial":false,"path_per_floor":["M","M","M","M","M","E","M","$","T","M","?","?","$","M","R","B",null,"M","M","?","M","?","R","E","R","T","E","M","R","$","M","R","B",null,"M","M","?","?","$","E","M","M","T","E","?","R","T","$","R","B",null,"R","$","E","B",null],"character_chosen":"DEFECT","items_purchased":["Runic Capacitor","Conserve Battery","Panacea","Membership Card","Bottled Flame","HandDrill","War Paint","BootSequence"],"campfire_rested":1,"item_purchase_floors":[8,8,30,39,48,48,53,53],"current_hp_per_floor":[69,59,59,57,52,42,31,31,31,30,27,12,12,5,27,27,75,74,75,75,75,75,75,59,59,59,60,67,67,67,65,65,66,75,61,68,68,68,68,51,58,69,69,75,72,72,72,72,72,75,75,75,75,75,64],"gold":60,"neow_bonus":"RANDOM_COLORLESS","is_daily":false,"chose_seed":false,"campfire_upgraded":6,"win_rate":0.0,"timestamp":1614116301,"path_taken":["M","M","M","M","M","E","M","$","T","M","?","?","?","M","R","BOSS","M","M","?","?","?","R","E","R","T","E","M","R","$","M","R","BOSS","M","M","?","?","$","E","?","M","T","E","?","R","?","$","R","BOSS","R","$","E","BOSS"],"items_purchased_type":["Relic","Card","Card","Relic","Relic","Relic","Relic","Card"],"build_version":"2020-12-22","purchased_purges":1,"victory":true,"max_hp_per_floor":[75,75,75,75,75,75,75,75,75,75,75,75,75,75,75,75,75,75,75,75,75,75,75,75,75,75,75,75,75,75,75,75,75,75,75,75,75,75,75,75,75,75,75,75,75,75,75,75,75,75,75,75,75,75,75],"card_choices":[{"not_picked":["Dark Shackles","Flash of Steel"],"picked":"Dramatic Entrance","floor":0.0},{"not_picked":["Steam","Streamline"],"picked":"Ball Lightning","floor":1.0},{"not_picked":["Beam Cell","Leap"],"picked":"Conserve Battery","floor":2.0},{"not_picked":["Stack","Rainbow"],"picked":"Chaos","floor":3.0},{"not_picked":["Force Field","Fusion"],"picked":"Cold Snap","floor":4.0},{"not_picked":["Steam","Redo"],"picked":"Reinforced Body","floor":5.0},{"not_picked":["Conserve Battery","Reboot"],"picked":"Consume","floor":6.0},{"not_picked":["Cold Snap","Beam Cell"],"picked":"Doom and Gloom","floor":7.0},{"not_picked":["Genetic Algorithm","Reinforced Body"],"picked":"Capacitor","floor":10},{"not_picked":["Recycle","Redo"],"picked":"Self Repair","floor":14},{"not_picked":["Meteor Strike","All For One"],"picked":"Rainbow","floor":16},{"not_picked":["Conserve Battery","Gash"],"picked":"Cold Snap+1","floor":18},{"not_picked":["Hologram","Ball Lightning+1"],"picked":"Undo","floor":19},{"not_picked":["Scrape+1","Hologram"],"picked":"Core Surge","floor":21},{"not_picked":["Barrage","Hyperbeam","Rebound"],"picked":"SKIP","floor":24},{"not_picked":["Beam Cell","Leap"],"picked":"Fission","floor":27},{"not_picked":["Darkness","Barrage"],"picked":"Turbo+1","floor":28},{"not_picked":["Tempest","Sweeping Beam"],"picked":"Redo+1","floor":31},{"not_picked":["Hyperbeam","Multi-Cast"],"picked":"Fission","floor":33},{"not_picked":["Leap"],"picked":"SKIP","floor":35},{"not_picked":["Sweeping Beam"],"picked":"SKIP","floor":36},{"not_picked":[],"picked":"BootSequence+1","floor":40},{"not_picked":["Coolheaded"],"picked":"SKIP","floor":41},{"not_picked":["Turbo+1"],"picked":"SKIP","floor":42},{"not_picked":[],"picked":"Defragment+1","floor":44},{"not_picked":["Hologram"],"picked":"SKIP","floor":54}],"player_experience":230617,"relics_obtained":[{"floor":6.0,"key":"Pocketwatch"},{"floor":9.0,"key":"HornCleat"},{"floor":24,"key":"Gremlin Horn"},{"floor":26,"key":"Mummified Hand"},{"floor":27,"key":"Du-Vu Doll"},{"floor":40,"key":"Bottled Lightning"},{"floor":44,"key":"Bottled Tornado"},{"floor":45,"key":"Girya"},{"floor":47,"key":"Pen Nib"},{"floor":54,"key":"Oddly Smooth Stone"}],"event_choices":[{"damage_healed":0,"gold_gain":0,"player_choice":"Success","damage_taken":3,"relics_obtained":["InkBottle"],"max_hp_gain":0,"max_hp_loss":0,"event_name":"Scrap Ooze","floor":11,"gold_loss":0},{"damage_healed":0,"gold_gain":0,"player_choice":"Entered Light","damage_taken":15,"max_hp_gain":0,"max_hp_loss":0,"event_name":"Shining Light","floor":12,"gold_loss":0,"cards_upgraded":["Strike_B","Zap"]},{"damage_healed":0,"gold_gain":0,"player_choice":"Bought 0 Potions","damage_taken":0,"max_hp_gain":0,"max_hp_loss":0,"event_name":"The Woman in Blue","floor":20,"gold_loss":0},{"damage_healed":0,"gold_gain":0,"player_choice":"Simplicity","damage_taken":0,"max_hp_gain":0,"max_hp_loss":0,"event_name":"Back to Basics","floor":22,"gold_loss":0,"cards_upgraded":["Strike_B","Strike_B","Strike_B","Defend_B","Defend_B","Defend_B","Defend_B"]},{"damage_healed":0,"gold_gain":0,"player_choice":"Ignored","damage_taken":0,"max_hp_gain":0,"max_hp_loss":0,"event_name":"Tomb of Lord Red Mask","floor":37,"gold_loss":0},{"damage_healed":0,"gold_gain":0,"player_choice":"1 cards matched","damage_taken":0,"max_hp_gain":0,"max_hp_loss":0,"event_name":"Match and Keep!","floor":38,"gold_loss":0,"cards_obtained":["Bandage Up"]},{"damage_healed":0,"gold_gain":0,"player_choice":"Fight","damage_taken":0,"max_hp_gain":0,"max_hp_loss":0,"event_name":"Mysterious Sphere","floor":45,"gold_loss":0}],"is_beta":false,"boss_relics":[{"not_picked":["Cursed Key","Snecko Eye"],"picked":"FrozenCore"},{"not_picked":["Coffee Dripper","Black Star"],"picked":"Busted Crown"}],"items_purged_floors":[48],"is_endless":false,"potions_floor_spawned":[3,5,7,14,16,21,28,31,33,35,36,41],"ascension_level":0}}