{"host":"ox77rn1xcurm2t5a","time":1614117773,"event":{"mods":["2.2 Compatiblity","AchievementEnabler","Act Like it!","Aspiration","BaseMod","Best Route Mod","Better Match","Better Note","Better Sensory Stone","Block Reminder","Colored Map","Colored Powertips","Conjunction","Conspire","Custom Start","Energized Spire","GifTheSpireLib","Gold Saver","Gremlin Skip","Halation","Highlight Path","Hubris","Infinite Spire","Minty Spire (QoL Compilation)","Pale of the Ancients","Quick Restart","Reliquary","Replay The Spire","Reworked Bosses","ShortenTheSpire","Spire Exporter","StSLib","Stuff the Spire","Wandering Minibosses"],"gold_per_floor":[411,411,411,411,149,184,184,210,237,262,3526,3526,3545,3579,3579,3682,3682,3698,3717,3729,3034,3054,3054,3089,3106,3106,3106,3130,3159,2571,2571,2571,2597,2597,2695,2695,2715,2197,2208,2228,2244,2244,2260,2260,2260,2260,2280,2280,2309,1789,1789,1789,1789,1789,1544,1573,1573],"floor_reached":58,"language":"ENG","playtime":1557,"items_purged":["Strike_R","Strike_R","Strike_R","Strike_R","Strike_R"],"score":1957,"play_id":"fe47e44b-f9f2-4b8f-b25c-327a3672429b","local_time":"20210224000253","is_ascension_mode":true,"campfire_choices":[{"floor":12.0,"key":"RECALL"},{"data":"Limit Break","floor":15.0,"key":"SMITH"},{"data":"Inflame","floor":23.0,"key":"SMITH"},{"data":"Spot Weakness","floor":27.0,"key":"SMITH"},{"data":"Heavy Blade","floor":34.0,"key":"SMITH"},{"data":"ReplayTheSpireMod:Private Reserves","floor":42.0,"key":"SMITH"},{"data":"Heavy Blade","floor":51,"key":"SMITH"},{"data":"Twin Strike","floor":54,"key":"SMITH"}],"circlet_count":0,"master_deck":["AscendersBane","Defend_R+1","Defend_R","Defend_R","Defend_R+1","Bash+1","Heavy Blade+1","Limit Break+1","Limit Break+1","Dropkick+1","Thunderclap+1","Twin Strike+1","Twin Strike","Inflame+1","Perfected Strike+1","Reaper","Spot Weakness+1","Heavy Blade+1","Intimidate+1","Thunderclap+1","Battle Trance+1","Uppercut+1","ReplayTheSpireMod:Private Reserves+1","Infernal Blade+1","Feed+1","Cleave+1","Headbutt+1","Pommel Strike+1","Pommel Strike+1","Infernal Blade+1","Uppercut+1","Thunderclap+1","Heavy Blade+1"],"relics":["Burning Blood","reliquary:WeakTea","aspiration:Lifesprig","reliquary:TuningFork","StuffTheSpire:Gunfinga","Red Skull","Mark of Pain","Molten Egg 2","Cauldron","reliquary:Buckler","ReplayTheSpireMod:Shallot","War Paint","reliquary:TatteredRug","ReplayTheSpireMod:Spearhead","StuffTheSpire:GrapeVine","StuffTheSpire:MayFlowers","Orichalcum","TheAbacus","Champion Belt","Pantograph","wanderingMiniBosses:AbyssPearl","Bag of Marbles","StoneCalendar","Whetstone","reliquary:PorcupineQuills","ReplayFunnel"],"acts_visited":["Exordium","TheCity","TheBeyond","TheEnding"],"potions_floor_usage":[43,49,56,57],"damage_taken":[{"damage":3.0,"enemies":"2 Louse","floor":1.0,"turns":4.0},{"damage":80.0,"enemies":"Lagavulin","floor":6.0,"turns":8.0},{"damage":9.0,"enemies":"3 Sentries","floor":8.0,"turns":5.0},{"damage":0.0,"enemies":"Lagavulin","floor":10.0,"turns":2.0},{"damage":0.0,"enemies":"Small Slimes","floor":13.0,"turns":2.0},{"damage":0.0,"enemies":"3 Sentries","floor":14.0,"turns":2.0},{"damage":0.0,"enemies":"Slime Boss","floor":16.0,"turns":4.0},{"damage":23.0,"enemies":"2 Thieves","floor":18.0,"turns":4.0},{"damage":14.0,"enemies":"Shell Parasite","floor":19.0,"turns":2.0},{"damage":7.0,"enemies":"3 Cultists","floor":20.0,"turns":4.0},{"damage":24.0,"enemies":"Snake Plant","floor":22.0,"turns":2.0},{"damage":30.0,"enemies":"Slavers","floor":24.0,"turns":3.0},{"damage":36.0,"enemies":"Snecko","floor":25.0,"turns":6.0},{"damage":12.0,"enemies":"Book of Stabbing","floor":29.0,"turns":3.0},{"damage":3.0,"enemies":"Slavers","floor":33.0,"turns":3.0},{"damage":23.0,"enemies":"bossMod:newCollector","floor":35.0,"turns":4.0},{"damage":0.0,"enemies":"Orb Walker","floor":37.0,"turns":2.0},{"damage":3.0,"enemies":"3 Darklings","floor":39.0,"turns":4.0},{"damage":16.0,"enemies":"4 Shapes","floor":40.0,"turns":3.0},{"damage":17.0,"enemies":"Jaw Worm Horde","floor":41.0,"turns":3.0},{"damage":27,"enemies":"Spire Growth","floor":43,"turns":3},{"damage":49,"enemies":"4 Shapes","floor":47,"turns":5},{"damage":24,"enemies":"Nemesis","floor":49,"turns":5},{"damage":4,"enemies":"bossMod:newAwakened","floor":52,"turns":5},{"damage":11,"enemies":"Shield and Spear","floor":56,"turns":4},{"damage":125,"enemies":"The Heart","floor":57,"turns":7}],"seed_played":"8422091553914718917","potions_obtained":[{"floor":1.0,"key":"FairyPotion"},{"floor":10.0,"key":"Toxic Potion"},{"floor":13.0,"key":"Strength Potion"},{"floor":19.0,"key":"SpeedPotion"},{"floor":20.0,"key":"Explosive Potion"},{"floor":21.0,"key":"Fruit Juice"},{"floor":21.0,"key":"Adrenaline Potion"},{"floor":24.0,"key":"Cursed Concoction"},{"floor":29.0,"key":"Elixir"},{"floor":33.0,"key":"LiquidMemories"},{"floor":41.0,"key":"Fire Potion"},{"floor":47,"key":"Regen Potion"},{"floor":49,"key":"conspire:TimeTravelPotion"}],"is_trial":false,"path_per_floor":["M","?","?","?","$","E","?","E","T","E","$","R","M","E","R","B",null,"M","M","M","$","M","R","E","M","T","R","T","E","$","PTL","PTL","E","R","B",null,"M","$","M","M","M","R","M","AVR","T","?","M","?","E","$","R","B",null,"R","$","E","B",null],"character_chosen":"IRONCLAD","items_purchased":["Limit Break","Dropkick","Twin Strike","Red Skull","Inflame","FairyPotion","Block Potion","Molten Egg 2","Thunderclap+1","Fruit Juice","Cauldron","ReplayTheSpireMod:Spearhead","StuffTheSpire:GrapeVine","Adrenaline Potion","ReplayTheSpireMod:Private Reserves","Block Potion","Orichalcum","Cleave+1","TheAbacus","Uppercut+1","StoneCalendar","Whetstone","reliquary:PorcupineQuills","Thunderclap+1","Dexterity Potion"],"campfire_rested":0,"item_purchase_floors":[5,5,11,11,11,11,11,21,21,21,21,30,30,30,30,30,38,38,38,50,50,50,55,55,55],"current_hp_per_floor":[75,75,72,72,72,30,30,27,27,33,33,33,39,45,45,51,73,63,55,54,64,65,65,62,70,70,70,70,64,64,64,64,90,90,79,87,90,90,90,87,90,90,69,69,69,69,54,54,45,45,45,72,85,85,85,80,10],"gold":1573,"neow_bonus":"UPGRADE_CARD","is_daily":false,"chose_seed":false,"campfire_upgraded":7,"win_rate":0.0,"timestamp":1614117773,"path_taken":["M","?","?","?","$","E","?","E","T","E","$","R","M","E","R","BOSS","M","M","M","$","M","R","E","M","T","R","?","E","$","PTL","PTL","E","R","BOSS","M","$","M","M","M","R","M","AVR","T","?","M","?","E","$","R","BOSS","R","$","E","BOSS"],"items_purchased_type":["Card","Card","Card","Relic","Card","Potion","Potion","Relic","Card","Potion","Relic","Relic","Relic","Potion","Card","Potion","Relic","Card","Relic","Card","Relic","Relic","Relic","Card","Potion"],"build_version":"2020-12-22","purchased_purges":5,"victory":true,"max_hp_per_floor":[80,80,80,80,80,80,80,80,80,80,80,80,80,80,80,80,80,80,80,80,90,90,90,90,90,90,90,90,90,90,90,90,90,90,90,90,90,90,90,90,90,90,90,90,90,85,89,89,89,89,89,89,89,89,89,89,89],"card_choices":[{"not_picked":["Wild Strike","hubris:CleavingFinish"],"picked":"Heavy Blade","floor":1.0},{"not_picked":["Shrug It Off","Ghostly Armor","Seeing Red"],"picked":"SKIP","floor":6.0},{"not_picked":["Infernal Blade","Armaments"],"picked":"Thunderclap","floor":8.0},{"not_picked":["conspire:Charge","Body Slam","Iron Wave"],"picked":"SKIP","floor":10.0},{"not_picked":["StuffTheSpire:Resist","Combust"],"picked":"Perfected Strike","floor":13.0},{"not_picked":["Dual Wield","hubris:SharpeningStone"],"picked":"Reaper","floor":14.0},{"not_picked":["Clash+1","hubris:CleavingFinish"],"picked":"Spot Weakness","floor":18.0},{"not_picked":["True Grit","Power Through"],"picked":"Heavy Blade","floor":19.0},{"not_picked":["Fire Breathing","ReplayTheSpireMod:Muscle Training"],"picked":"Intimidate+1","floor":20.0},{"not_picked":["ReplayTheSpireMod:Corrosion Curse","Second Wind+1","Flame Barrier"],"picked":"SKIP","floor":22.0},{"not_picked":["StuffTheSpire:Pyroclast+1","ReplayTheSpireMod:Strike From Hell+1"],"picked":"Battle Trance","floor":24.0},{"not_picked":["ReplayTheSpireMod:Corrosion Curse","Flame Barrier"],"picked":"Uppercut+1","floor":25.0},{"not_picked":["Warcry+1","Shockwave","hubris:ReadiedAction"],"picked":"SKIP","floor":29.0},{"not_picked":["Warcry","Second Wind"],"picked":"Infernal Blade+1","floor":33.0},{"not_picked":["Hemogenesis+1","Juggernaut"],"picked":"Feed+1","floor":35.0},{"not_picked":["conspire:Charge+1","Infernal Blade","StuffTheSpire:Incineration+1"],"picked":"SKIP","floor":37.0},{"not_picked":["Dark Embrace+1","Bloodletting","Body Slam+1"],"picked":"SKIP","floor":39.0},{"not_picked":["Clothesline+1","StuffTheSpire:RagingBull+1"],"picked":"Headbutt+1","floor":40.0},{"not_picked":["Havoc+1","Hemokinesis+1"],"picked":"Pommel Strike+1","floor":41.0},{"not_picked":["ReplayTheSpireMod:LeadingStrike+1","Life Link","Carnage+1"],"picked":"SKIP","floor":43},{"not_picked":["True Grit","Body Slam+1"],"picked":"Pommel Strike+1","floor":47},{"not_picked":["hubris:CleavingFinish+1","StuffTheSpire:Slingshot+1"],"picked":"Infernal Blade+1","floor":49},{"not_picked":["Massacre+1","Entrench"],"picked":"Heavy Blade+1","floor":56}],"player_experience":3235663,"relics_obtained":[{"floor":6.0,"key":"aspiration:Lifesprig"},{"floor":8.0,"key":"reliquary:TuningFork"},{"floor":10.0,"key":"StuffTheSpire:Gunfinga"},{"floor":24.0,"key":"reliquary:Buckler"},{"floor":26.0,"key":"ReplayTheSpireMod:Shallot"},{"floor":28.0,"key":"War Paint"},{"floor":29.0,"key":"reliquary:TatteredRug"},{"floor":33.0,"key":"StuffTheSpire:MayFlowers"},{"floor":45,"key":"Pantograph"},{"floor":47,"key":"wanderingMiniBosses:AbyssPearl"},{"floor":49,"key":"Bag of Marbles"},{"floor":56,"key":"ReplayFunnel"}],"event_choices":[{"damage_healed":0.0,"max_hp_gain":0.0,"max_hp_loss":0.0,"gold_gain":0.0,"event_name":"Scrap Ooze","player_choice":"Success","floor":3.0,"gold_loss":0.0,"damage_taken":3.0,"relics_obtained":["reliquary:WeakTea"]},{"damage_healed":0.0,"max_hp_gain":0.0,"max_hp_loss":0.0,"gold_gain":0.0,"event_name":"Accursed Blacksmith","player_choice":"Forge","floor":7.0,"gold_loss":0.0,"damage_taken":0.0,"cards_upgraded":["Limit Break"]},{"damage_healed":0,"gold_gain":0,"player_choice":"Max HP","damage_taken":0,"max_hp_gain":0,"max_hp_loss":5,"event_name":"Winding Halls","floor":46,"gold_loss":0}],"is_beta":false,"boss_relics":[{"not_picked":["halation:Risk","Astrolabe"],"picked":"Mark of Pain"},{"not_picked":["Kintsugi","Replay:Ancient Bell","Runic Pyramid"]}],"items_purged_floors":[5,11,21,30,38],"is_endless":false,"potions_floor_spawned":[1,10,13,19,20,24,29,33,41,47,49],"ascension_level":10}}