{"host":"sfkslwp4t49i7lrt","time":1614069002,"event":{"mods":["Act Like it!","BaseMod","Bestiary","Block Reminder","Downfall","Friendly Minions","Gensokyo","Highlight Path","Lobotomy","Minty Spire (QoL Compilation)","Relic Stats","Ruina","Spire Arcade","StSLib","Wide Potions","everything is the same but u backflip on backflip","slay the spire mod where everything is the same but ironclad has a cowboy hat"],"gold_per_floor":[116,132,92,104,122,122,149,149,194,209,209,223,0,19,19,124,124,138,70,86,86,86],"floor_reached":21,"language":"ENG","playtime":1221,"items_purged":["Strike_G"],"score":183,"play_id":"1a287858-6787-44bb-87d1-fa6c2f56e326","local_time":"20210223153002","is_ascension_mode":false,"campfire_choices":[{"data":"Bouncing Flask","floor":6,"key":"SMITH"},{"data":"Neutralize","floor":15,"key":"SMITH"}],"circlet_count":0,"master_deck":["Strike_G","Strike_G","Strike_G","Strike_G","Defend_G","Defend_G","Defend_G","Defend_G","Defend_G","Survivor","Neutralize+1","Bouncing Flask+1","UniverseFragment","Backflip","Well Laid Plans","Bouncing Flask","Heel Hook","Escape Plan","Flying Knee","CherryBlossoms","Night Terror","Burst","Noxious Fumes","Cloak And Dagger"],"relics":["Ring of the Snake","CogitoBucket","RabbitCall","Bottled Lightning","Happy Flower","AspirationHeart","Toy Ornithopter","Philosopher\u0027s Stone"],"acts_visited":["Exordium","TheCity"],"potions_floor_usage":[20,20],"damage_taken":[{"damage":0,"enemies":"Jaw Worm","floor":1,"turns":4},{"damage":1,"enemies":"Cultist","floor":2,"turns":3},{"damage":4,"enemies":"2 Louse","floor":4,"turns":3},{"damage":2,"enemies":"Blue Slaver","floor":5,"turns":4},{"damage":17,"enemies":"Gremlin Nob","floor":7,"turns":5},{"damage":21,"enemies":"Exordium Thugs","floor":10,"turns":8},{"damage":6,"enemies":"Lots of Slimes","floor":12,"turns":4},{"damage":10,"enemies":"Looter","floor":14,"turns":3},{"damage":7,"enemies":"Hexaghost","floor":16,"turns":8},{"damage":17,"enemies":"Shell Parasite","floor":18,"turns":5},{"damage":59,"enemies":"Chosen","floor":20,"turns":9},{"damage":22,"enemies":"3 Cultists","floor":21,"turns":5}],"seed_played":"-5512444674328983206","potions_obtained":[{"floor":3,"key":"GhostInAJar"},{"floor":3,"key":"CunningPotion"}],"is_trial":false,"path_per_floor":["M","M","?","M","M","R","E","?","T","M","?","M","$","M","R","B",null,"M","$","M","M"],"character_chosen":"THE_SILENT","items_purchased":["Night Terror","Noxious Fumes"],"campfire_rested":0,"item_purchase_floors":[13,19],"current_hp_per_floor":[70,69,69,65,63,63,46,46,46,35,32,26,26,16,16,9,80,63,63,19,0,0],"gold":86,"neow_bonus":"","is_daily":false,"chose_seed":false,"campfire_upgraded":2,"win_rate":0.0,"timestamp":1614069002,"path_taken":["M","M","?","M","?","R","E","?","T","M","?","?","$","M","R","BOSS","M","?","M","M"],"items_purchased_type":["Card","Card"],"build_version":"2020-12-22","purchased_purges":1,"victory":false,"max_hp_per_floor":[70,70,70,70,70,70,70,70,70,80,80,80,80,80,80,80,80,80,80,80,80,80],"relic_stats":{"Happy Flower":[14],"counters":[14,63],"obtain_stats":[{"RabbitCall":0,"CogitoBucket":0,"Happy Flower":9,"AspirationHeart":10,"Philosopher\u0027s Stone":17,"Bottled Lightning":7,"Toy Ornithopter":11,"Ring of the Snake":0},{"RabbitCall":0,"CogitoBucket":0,"Happy Flower":5,"AspirationHeart":7,"Philosopher\u0027s Stone":10,"Bottled Lightning":5,"Toy Ornithopter":7,"Ring of the Snake":0},{"RabbitCall":0,"CogitoBucket":0,"Happy Flower":19,"AspirationHeart":28,"Philosopher\u0027s Stone":43,"Bottled Lightning":19,"Toy Ornithopter":28,"Ring of the Snake":0}],"Toy Ornithopter":0,"Ring of the Snake":[28]},"card_choices":[{"not_picked":["Accuracy","Underhanded Strike"],"picked":"Bouncing Flask","floor":1},{"not_picked":["Bloodbath","Freischutz"],"picked":"UniverseFragment","floor":1},{"not_picked":["Flechettes","Acrobatics"],"picked":"Backflip","floor":2},{"not_picked":["Deflect","Calculated Gamble"],"picked":"Well Laid Plans","floor":4},{"not_picked":["Deflect","PiercingWail"],"picked":"Bouncing Flask","floor":5},{"not_picked":["Sucker Punch","PiercingWail"],"picked":"Heel Hook","floor":7},{"not_picked":["SnowQueen","OldLady","BeautyBeast"],"picked":"Singing Bowl","floor":7},{"not_picked":["Slice","Riddle With Holes"],"picked":"Escape Plan","floor":10},{"not_picked":["WallGazer","SpiderBud","FairyFestival"],"picked":"Singing Bowl","floor":10},{"not_picked":["Acrobatics","Tactician"],"picked":"Flying Knee","floor":12},{"not_picked":["Wellcheers","SingingMachine"],"picked":"CherryBlossoms","floor":12},{"not_picked":["FairyFestival","Variant","GreedKing"],"picked":"Singing Bowl","floor":14},{"not_picked":["PiercingWail","Backflip","Well Laid Plans"],"picked":"SKIP","floor":14},{"not_picked":["Envenom","Grand Finale"],"picked":"Burst","floor":16},{"not_picked":["OldLady","MHz","OSAHOGD"],"picked":"Singing Bowl","floor":16},{"not_picked":["BlackSwan","Wellcheers","VoidDream"],"picked":"Singing Bowl","floor":18},{"not_picked":["Concentrate","PiercingWail","Slice+1"],"picked":"SKIP","floor":18},{"not_picked":["Caltrops","Eviscerate+1"],"picked":"Cloak And Dagger","floor":20},{"not_picked":["Scorched","WhitesApple","PunishingBird"],"picked":"Singing Bowl","floor":20}],"player_experience":477743,"relics_obtained":[{"floor":7,"key":"Bottled Lightning"},{"floor":9,"key":"Happy Flower"}],"event_choices":[{"damage_healed":0,"gold_gain":0,"player_choice":"Bought 3 Potions","damage_taken":0,"max_hp_gain":0,"max_hp_loss":0,"event_name":"The Woman in Blue","floor":3,"gold_loss":0},{"damage_healed":0,"gold_gain":0,"player_choice":"Ignored","damage_taken":0,"max_hp_gain":0,"max_hp_loss":0,"event_name":"Golden Wing","floor":8,"gold_loss":0},{"damage_healed":0,"gold_gain":0,"player_choice":"Success","damage_taken":3,"relics_obtained":["Toy Ornithopter"],"max_hp_gain":0,"max_hp_loss":0,"event_name":"Scrap Ooze","floor":11,"gold_loss":0}],"is_beta":false,"boss_relics":[{"not_picked":["Empty Cage","SacredBark"],"picked":"Philosopher\u0027s Stone"}],"items_purged_floors":[13],"is_endless":false,"potions_floor_spawned":[4,5,10,12],"killed_by":"3 Cultists","ascension_level":0}}