{"host":"c1oza4x7xlyuasvd","time":1614072979,"event":{"mods":["ATMod(∞¢Ë™Mod)","Act Like it!","BaseMod","Better Vampires","Colored Powertips","Gensokyo","Marisa£®ÏF”Í°°ƒß¿Ì…≥£©","Minty Spire (QoL Compilation)","MostiFishMod","Reimu£®≤©¿ˆ¡È√Œ£©","StSLib","TestMod","The Animator","Waifu the Spire","Youmu£®ªÍ∆«—˝√Œ£©"],"gold_per_floor":[119,119,44,63,63,91,108,108,108],"floor_reached":8,"language":"ZHS","playtime":209,"items_purged":["Strike_G"],"score":131,"play_id":"8e1a8964-3714-4c9c-a8bc-2690a6045e18","local_time":"20210223173619","is_ascension_mode":true,"campfire_choices":[],"circlet_count":0,"master_deck":["AscendersBane","Strike_G","Strike_G","Strike_G","Strike_G","Defend_G","Defend_G","Defend_G","Defend_G","Defend_G","Survivor","AT_ArcaneSupremacy","Backflip","Clumsy","Well Laid Plans","AT_KingSlayer"],"relics":["Ring of the Snake","testmod-TestBox","AT_ATBox","DaveBox","testmod-CrystalShield","Transparent","NeowsBlessing","SynthV:TestCard","Gensokyo:NagashiBinaDoll","Happy Flower","testmod-CasingShield"],"acts_visited":["Exordium"],"potions_floor_usage":[],"damage_taken":[{"damage":13,"enemies":"Gensokyo:Gryphon","floor":1,"turns":1},{"damage":13,"enemies":"Gensokyo:3_Fairies","floor":4,"turns":1},{"damage":13,"enemies":"Gensokyo:Aya","floor":6,"turns":1},{"damage":52,"enemies":"Gensokyo:Python","floor":7,"turns":4},{"damage":27,"enemies":"Gensokyo:Cirno","floor":8,"turns":2}],"seed_played":"-5256394279348203596","potions_obtained":[{"floor":1,"key":"SkillPotion"},{"floor":4,"key":"EssenceOfSteel"}],"is_trial":false,"path_per_floor":["M","?","$","M","?","E","M","E"],"character_chosen":"THE_SILENT","items_purchased":[],"campfire_rested":0,"item_purchase_floors":[],"current_hp_per_floor":[66,66,66,66,66,66,53,26,26],"gold":108,"neow_bonus":"THREE_ENEMY_KILL","is_daily":false,"chose_seed":false,"campfire_upgraded":0,"win_rate":0.0,"timestamp":1614072979,"path_taken":["M","?","?","M","?","E","?","E"],"items_purchased_type":[],"build_version":"2020-12-22","purchased_purges":1,"victory":false,"max_hp_per_floor":[66,66,66,66,66,66,66,66,66],"card_choices":[{"not_picked":["AT_WindFlip","Caltrops"],"picked":"Backflip","floor":1},{"not_picked":["Skewer","Quick Slash","Flying Knee","MostiFishMod:PoisonShield"],"picked":"Well Laid Plans","floor":4},{"not_picked":["AT_WindRun","Caltrops","Deadly Poison","Deflect"],"picked":"AT_KingSlayer","floor":6},{"not_picked":["Cloak And Dagger","Noxious Fumes","Quick Slash","Catalyst","Leg Sweep"],"picked":"SKIP","floor":7}],"player_experience":261089,"relics_obtained":[{"floor":1,"key":"SynthV:TestCard"},{"floor":6,"key":"testmod-CasingShield"}],"event_choices":[],"is_beta":false,"boss_relics":[],"items_purged_floors":[3],"is_endless":false,"potions_floor_spawned":[1,4,6,7],"killed_by":"Gensokyo:Cirno","ascension_level":14}}