{"host":"iv24d026eac8pm4e","time":1614053785,"event":{"mods":["BaseMod","Minty Spire (QoL Compilation)"],"gold_per_floor":[118,134,59,73,73,73,91,91,91,91,109,109,126,138,138,209,209,219,229,229,244,262,262,297,313,313,49,81,81,107,107,107,182,182,196,196,215,226,238,238,53,53,121,121,155,167,167,196,196,196,196],"floor_reached":50,"language":"ENG","playtime":4050,"items_purged":["Strike_G"],"score":1183,"play_id":"2af0eeb0-a784-4e11-a82c-803a39661422","local_time":"20210222201625","is_ascension_mode":true,"campfire_choices":[{"data":"Die Die Die","floor":6,"key":"SMITH"},{"data":"Caltrops","floor":8,"key":"SMITH"},{"data":"Neutralize","floor":12,"key":"SMITH"},{"data":"Flechettes","floor":15,"key":"SMITH"},{"data":"Noxious Fumes","floor":23,"key":"SMITH"},{"data":"Bullet Time","floor":29,"key":"SMITH"},{"data":"Tools of the Trade","floor":32,"key":"SMITH"},{"floor":40,"key":"REST"},{"floor":42,"key":"REST"},{"data":"After Image","floor":44,"key":"SMITH"},{"floor":49,"key":"RECALL"}],"circlet_count":0,"master_deck":["AscendersBane","Strike_G","Strike_G","Defend_G","Defend_G+1","Defend_G","Defend_G","Defend_G","Survivor","Neutralize+1","Caltrops+1","Dodge and Roll","Dagger Spray","Die Die Die+1","Flechettes+1","PiercingWail","Prepared","Dash","Malaise","CurseOfTheBell","Blade Dance","Dash","Die Die Die+1","Prepared+1","Noxious Fumes+1","Burst","Sadistic Nature","Bullet Time+1","Tools of the Trade+1","After Image+1","Deflect+1","Calculated Gamble+1","Corpse Explosion","Panache","Footwork+1","Doubt","Adrenaline"],"relics":["Ring of the Snake","InkBottle","Ninja Scroll","Calling Bell","Ancient Tea Set","White Beast Statue","Dead Branch","War Paint","Bottled Tornado","Pantograph","Question Card","MutagenicStrength","Runic Pyramid","HornCleat","Nunchaku"],"acts_visited":["Exordium","TheCity","TheBeyond"],"potions_floor_usage":[16,19,19,21,24,33,33,38,45,45,50,50,50],"damage_taken":[{"damage":2,"enemies":"Jaw Worm","floor":1,"turns":7},{"damage":1,"enemies":"Cultist","floor":2,"turns":4},{"damage":0,"enemies":"2 Louse","floor":4,"turns":3},{"damage":0,"enemies":"2 Fungi Beasts","floor":7,"turns":2},{"damage":5,"enemies":"Exordium Wildlife","floor":11,"turns":2},{"damage":3,"enemies":"Large Slime","floor":13,"turns":4},{"damage":0,"enemies":"3 Louse","floor":14,"turns":2},{"damage":15,"enemies":"The Guardian","floor":16,"turns":12},{"damage":0,"enemies":"2 Thieves","floor":18,"turns":3},{"damage":5,"enemies":"Shell Parasite","floor":19,"turns":7},{"damage":3,"enemies":"Snake Plant","floor":21,"turns":4},{"damage":0,"enemies":"Sentry and Sphere","floor":22,"turns":1},{"damage":0,"enemies":"Slavers","floor":24,"turns":1},{"damage":0,"enemies":"3 Cultists","floor":25,"turns":2},{"damage":20,"enemies":"Book of Stabbing","floor":28,"turns":7},{"damage":5,"enemies":"Slavers","floor":30,"turns":5},{"damage":34,"enemies":"Collector","floor":33,"turns":8},{"damage":25,"enemies":"3 Darklings","floor":35,"turns":5},{"damage":0,"enemies":"Orb Walker","floor":37,"turns":1},{"damage":28,"enemies":"Spire Growth","floor":38,"turns":4},{"damage":11,"enemies":"Maw","floor":39,"turns":7},{"damage":44,"enemies":"Giant Head","floor":45,"turns":9},{"damage":0,"enemies":"Writhing Mass","floor":46,"turns":7},{"damage":28,"enemies":"Nemesis","floor":48,"turns":5},{"damage":114,"enemies":"Awakened One","floor":50,"turns":10}],"seed_played":"-463077756718217535","potions_obtained":[{"floor":1,"key":"Dexterity Potion"},{"floor":7,"key":"Strength Potion"},{"floor":18,"key":"ColorlessPotion"},{"floor":19,"key":"Block Potion"},{"floor":21,"key":"Dexterity Potion"},{"floor":22,"key":"DuplicationPotion"},{"floor":24,"key":"FearPotion"},{"floor":30,"key":"Strength Potion"},{"floor":33,"key":"Fruit Juice"},{"floor":35,"key":"Explosive Potion"},{"floor":37,"key":"Strength Potion"},{"floor":38,"key":"DistilledChaos"},{"floor":45,"key":"PowerPotion"},{"floor":46,"key":"Swift Potion"},{"floor":48,"key":"EntropicBrew"}],"is_trial":false,"path_per_floor":["M","M","?","M","?","R","M","R","T","T","M","R","M","M","R","B",null,"M","M","?","M","M","R","E","M","T","$","E","R","E","?","R","B",null,"M","?","M","M","M","R","$","R","T","R","E","M","?","E","R","B"],"character_chosen":"THE_SILENT","items_purchased":["Sadistic Nature","Panache"],"campfire_rested":2,"item_purchase_floors":[27,41],"current_hp_per_floor":[63,62,62,62,62,62,62,62,62,62,57,57,54,54,54,39,64,64,59,59,56,56,56,56,56,56,56,36,36,31,31,31,27,65,40,40,40,12,1,24,24,47,47,47,3,3,77,49,49,0,0],"gold":196,"neow_bonus":"TEN_PERCENT_HP_BONUS","is_daily":false,"chose_seed":false,"campfire_upgraded":8,"win_rate":0.0,"timestamp":1614053785,"path_taken":["M","M","?","M","?","R","M","R","T","?","M","R","M","M","R","BOSS","M","M","?","M","?","R","E","M","T","$","E","R","E","?","R","BOSS","M","?","M","M","?","R","$","R","T","R","E","?","?","E","R","BOSS"],"items_purchased_type":["Card","Card"],"build_version":"2020-12-22","purchased_purges":1,"victory":false,"max_hp_per_floor":[72,72,72,72,72,72,72,72,72,72,72,72,72,72,72,72,72,72,72,72,72,72,72,72,72,72,72,72,72,72,72,72,77,77,77,77,77,77,77,77,77,77,77,77,77,77,77,77,77,77,77],"card_choices":[{"not_picked":["Prepared","Quick Slash"],"picked":"Caltrops","floor":1},{"not_picked":["Escape Plan","Infinite Blades"],"picked":"Dodge and Roll","floor":2},{"not_picked":["Well Laid Plans","Backstab"],"picked":"Dagger Spray","floor":4},{"not_picked":["Outmaneuver","Flying Knee"],"picked":"Flechettes","floor":7},{"not_picked":["Terror","Flying Knee"],"picked":"PiercingWail","floor":11},{"not_picked":["Calculated Gamble","Distraction"],"picked":"Prepared","floor":13},{"not_picked":["Tactician","Terror"],"picked":"Dash","floor":14},{"not_picked":["Envenom","After Image"],"picked":"Malaise","floor":16},{"not_picked":["Slice","Dagger Throw"],"picked":"Blade Dance","floor":18},{"not_picked":["Reflex","Deflect"],"picked":"Dash","floor":19},{"not_picked":["Underhanded Strike","Dodge and Roll"],"picked":"Prepared","floor":21},{"not_picked":["All Out Attack","Deflect"],"picked":"Noxious Fumes","floor":22},{"not_picked":["PiercingWail","Slice"],"picked":"Burst","floor":24},{"not_picked":["Backstab","Caltrops","Prepared"],"picked":"SKIP","floor":25},{"not_picked":["Blade Dance","Doppelganger"],"picked":"Bullet Time","floor":28},{"not_picked":["Riddle With Holes","Underhanded Strike"],"picked":"Tools of the Trade","floor":30},{"not_picked":["Corpse Explosion","Night Terror","Tools of the Trade"],"picked":"After Image","floor":33},{"not_picked":["All Out Attack","Flying Knee","Crippling Poison"],"picked":"Deflect+1","floor":35},{"not_picked":["Quick Slash","Dagger Throw","Prepared+1"],"picked":"Calculated Gamble+1","floor":37},{"not_picked":["Flying Knee","Deflect","Sucker Punch"],"picked":"Corpse Explosion","floor":38},{"not_picked":["Accuracy","Dagger Throw+1","Choke","Quick Slash+1"],"picked":"SKIP","floor":39},{"not_picked":["Accuracy","Backstab","Underhanded Strike+1"],"picked":"Footwork+1","floor":45},{"not_picked":["Cloak And Dagger","Flying Knee+1","Quick Slash","Sucker Punch"],"picked":"SKIP","floor":46},{"not_picked":["Tactician","Underhanded Strike+1","Slice"],"picked":"Adrenaline","floor":48}],"player_experience":2588473,"relics_obtained":[{"floor":9,"key":"InkBottle"},{"floor":10,"key":"Ninja Scroll"},{"floor":17,"key":"Ancient Tea Set"},{"floor":17,"key":"White Beast Statue"},{"floor":17,"key":"Dead Branch"},{"floor":24,"key":"War Paint"},{"floor":26,"key":"Bottled Tornado"},{"floor":28,"key":"Pantograph"},{"floor":30,"key":"Question Card"},{"floor":45,"key":"HornCleat"},{"floor":48,"key":"Nunchaku"}],"event_choices":[{"cards_removed":["Strike_G"],"damage_healed":0,"gold_gain":0,"player_choice":"Card Removal","damage_taken":0,"max_hp_gain":0,"max_hp_loss":0,"event_name":"The Cleric","floor":3,"gold_loss":75},{"damage_healed":0,"gold_gain":0,"cards_transformed":["Strike_G"],"player_choice":"Change","damage_taken":0,"max_hp_gain":0,"max_hp_loss":0,"event_name":"Living Wall","floor":5,"gold_loss":0,"cards_obtained":["Die Die Die"]},{"damage_healed":0,"gold_gain":0,"player_choice":"Copied","damage_taken":0,"max_hp_gain":0,"max_hp_loss":0,"event_name":"Duplicator","floor":20,"gold_loss":0,"cards_obtained":["Die Die Die"]},{"damage_healed":0,"gold_gain":0,"player_choice":"Inject Mutagens","damage_taken":0,"relics_obtained":["MutagenicStrength"],"max_hp_gain":0,"max_hp_loss":0,"event_name":"Drug Dealer","floor":31,"gold_loss":0},{"damage_healed":0,"gold_gain":0,"player_choice":"0 cards matched","damage_taken":0,"max_hp_gain":0,"max_hp_loss":0,"event_name":"Match and Keep!","floor":36,"gold_loss":0,"cards_obtained":[]},{"damage_healed":74,"gold_gain":0,"player_choice":"Heal","damage_taken":0,"max_hp_gain":0,"max_hp_loss":0,"event_name":"MindBloom","floor":47,"gold_loss":0,"cards_obtained":["Doubt"]}],"is_beta":false,"boss_relics":[{"not_picked":["Black Star","Philosopher\u0027s Stone"],"picked":"Calling Bell"},{"not_picked":["Snecko Eye","Fusion Hammer"],"picked":"Runic Pyramid"}],"items_purged_floors":[27],"is_endless":false,"potions_floor_spawned":[1,7,11,13,18,19,21,22,24,25,28,30,33,35,37,38,39,45,46,48],"killed_by":"Awakened One","ascension_level":20}}