{"host":"en4narc5947t7k9n","time":1614070847,"event":{"mods":["AchievementEnabler","BaseMod","Colored Map","Minty Spire (QoL Compilation)","SuperFastMode"],"gold_per_floor":[119,119,133,146,162,193,213,213,213,213,18,18,51,51,51,155,155,174,185,196,121,10,10,10,10,83,83,182,201,201,214,214,214,214],"floor_reached":33,"language":"KOR","playtime":1297,"items_purged":["Strike_G"],"score":280,"play_id":"762f03a5-3790-4853-8405-65a2be5ac32a","local_time":"20210223180047","is_ascension_mode":false,"campfire_choices":[{"data":"Wraith Form v2","floor":8,"key":"SMITH"},{"data":"Terror","floor":10,"key":"SMITH"},{"floor":15,"key":"RECALL"},{"data":"Bullet Time","floor":23,"key":"SMITH"},{"data":"Neutralize","floor":25,"key":"SMITH"},{"data":"Flechettes","floor":27,"key":"SMITH"},{"data":"Survivor","floor":30,"key":"SMITH"},{"data":"Bouncing Flask","floor":32,"key":"SMITH"}],"circlet_count":0,"master_deck":["Strike_G","Strike_G","Defend_G","Defend_G","Defend_G","Defend_G","Defend_G","Survivor+1","Neutralize+1","Deadly Poison","Terror+1","Dagger Throw","Bane","Poisoned Stab","Wraith Form v2+1","Noxious Fumes+1","Backflip+1","Bullet Time+1","Backflip","Masterful Stab+1","Riddle With Holes+1","Flechettes+1","Accuracy+1","Bouncing Flask+1"],"relics":["Ring of the Snake","NeowsBlessing","FossilizedHelix","PreservedInsect","Sundial","WristBlade","Ninja Scroll"],"acts_visited":["Exordium","TheCity"],"potions_floor_usage":[6,6,13,33,33],"damage_taken":[{"damage":0,"enemies":"Jaw Worm","floor":1,"turns":1},{"damage":0,"enemies":"Small Slimes","floor":3,"turns":1},{"damage":0,"enemies":"2 Louse","floor":4,"turns":1},{"damage":8,"enemies":"2 Fungi Beasts","floor":5,"turns":4},{"damage":22,"enemies":"3 Sentries","floor":6,"turns":7},{"damage":0,"enemies":"Large Slime","floor":7,"turns":6},{"damage":0,"enemies":"Gremlin Nob","floor":13,"turns":3},{"damage":8,"enemies":"Slime Boss","floor":16,"turns":9},{"damage":0,"enemies":"Chosen","floor":18,"turns":4},{"damage":7,"enemies":"3 Byrds","floor":19,"turns":7},{"damage":0,"enemies":"Snecko","floor":20,"turns":4},{"damage":0,"enemies":"Snake Plant","floor":29,"turns":2},{"damage":1,"enemies":"3 Cultists","floor":31,"turns":5},{"damage":99,"enemies":"Collector","floor":33,"turns":5}],"seed_played":"-5272341543276674585","potions_obtained":[{"floor":1,"key":"EssenceOfSteel"},{"floor":3,"key":"CultistPotion"},{"floor":6,"key":"CunningPotion"},{"floor":20,"key":"LiquidMemories"},{"floor":29,"key":"Regen Potion"}],"is_trial":false,"path_per_floor":["M","?","M","M","M","E","M","R","T","R","$","?","E","?","R","B",null,"M","M","M","?","$","R","?","R","T","R","?","M","R","M","R","B"],"character_chosen":"THE_SILENT","items_purchased":["PreservedInsect","Noxious Fumes","Flechettes"],"campfire_rested":0,"item_purchase_floors":[11,11,22],"current_hp_per_floor":[70,63,63,63,55,33,33,33,33,33,33,38,38,23,23,15,75,75,68,68,68,68,68,68,68,68,68,68,68,68,67,67,0,0],"gold":214,"neow_bonus":"THREE_ENEMY_KILL","is_daily":false,"chose_seed":false,"campfire_upgraded":7,"win_rate":0.0,"timestamp":1614070847,"path_taken":["M","?","M","M","M","E","M","R","T","R","$","?","E","?","R","BOSS","M","M","M","?","$","R","?","R","T","R","?","M","R","M","R","BOSS"],"items_purchased_type":["Relic","Card","Card"],"build_version":"2020-12-22","purchased_purges":1,"victory":false,"max_hp_per_floor":[70,70,70,70,70,70,70,70,70,70,70,75,75,75,75,75,75,75,75,75,75,75,75,75,75,75,75,75,75,75,75,75,75,75],"card_choices":[{"not_picked":["Expertise","Acrobatics"],"picked":"Deadly Poison","floor":1},{"not_picked":["Backstab","All Out Attack"],"picked":"Terror","floor":3},{"not_picked":["Quick Slash","Slice"],"picked":"Dagger Throw","floor":4},{"not_picked":["Outmaneuver","PiercingWail"],"picked":"Bane","floor":5},{"not_picked":["Backflip","Quick Slash"],"picked":"Poisoned Stab","floor":6},{"not_picked":["Backstab","Quick Slash"],"picked":"Wraith Form v2","floor":7},{"not_picked":["Blade Dance","Quick Slash"],"picked":"Backflip","floor":13},{"not_picked":["A Thousand Cuts","Die Die Die"],"picked":"Bullet Time","floor":16},{"not_picked":["Dagger Throw","Quick Slash"],"picked":"Backflip","floor":18},{"not_picked":["Dagger Throw","Deadly Poison"],"picked":"Masterful Stab+1","floor":19},{"not_picked":["Slice","Catalyst"],"picked":"Riddle With Holes+1","floor":20},{"not_picked":["Dodge and Roll","Blur"],"picked":"Accuracy+1","floor":29},{"not_picked":["Flechettes","Dagger Spray"],"picked":"Bouncing Flask","floor":31}],"player_experience":176130,"relics_obtained":[{"floor":6,"key":"FossilizedHelix"},{"floor":13,"key":"Sundial"},{"floor":26,"key":"Ninja Scroll"}],"event_choices":[{"cards_removed":["Strike_G"],"damage_healed":0,"gold_gain":0,"player_choice":"Card Removal","damage_taken":7,"max_hp_gain":0,"max_hp_loss":0,"event_name":"Golden Wing","floor":2,"gold_loss":0},{"damage_healed":0,"gold_gain":0,"player_choice":"Donut","damage_taken":0,"max_hp_gain":5,"max_hp_loss":0,"event_name":"Big Fish","floor":12,"gold_loss":0},{"damage_healed":0,"gold_gain":0,"player_choice":"Entered Light","damage_taken":15,"max_hp_gain":0,"max_hp_loss":0,"event_name":"Shining Light","floor":14,"gold_loss":0,"cards_upgraded":["Noxious Fumes","Backflip"]},{"cards_removed":["Strike_G"],"damage_healed":0,"gold_gain":0,"player_choice":"Gave Gold","damage_taken":0,"max_hp_gain":0,"max_hp_loss":0,"event_name":"Beggar","floor":21,"gold_loss":75},{"damage_healed":0,"gold_gain":0,"player_choice":"Ignored","damage_taken":0,"max_hp_gain":0,"max_hp_loss":0,"event_name":"The Mausoleum","floor":24,"gold_loss":0},{"damage_healed":0,"gold_gain":99,"player_choice":"Stole From Cult","damage_taken":0,"max_hp_gain":0,"max_hp_loss":0,"event_name":"Nest","floor":28,"gold_loss":0}],"is_beta":false,"boss_relics":[{"not_picked":["Velvet Choker","Runic Pyramid"],"picked":"WristBlade"}],"items_purged_floors":[22],"is_endless":false,"potions_floor_spawned":[1,3,6,20,29],"killed_by":"Collector","ascension_level":0}}