{"host":"qrfkyfrpo74atslb","time":1614066889,"event":{"mods":["Bartender","BaseMod","Beaked The Cultist","CapriCore","Colored Map","Colored Powertips","Conspire","DeckTracker","Downfall","Hermit","Hubris","Koishi","LagranYue(???·?)","Marisa????????","Minty Spire (QoL Compilation)","Prisma Mod","Remilia??????","StSLib","The Alterego","The Cursed","The Immortal","The Mystic","The Necromancer","The Servant 0.9.4","The Wild Card","Yakumo Yukari mod","Yuyuko"],"gold_per_floor":[111,186,42,142,142,142,171,171,171,171,196,208,228,248,248,350,350,365,365,365,290,290,290,325,325,325,344,70,88,88,88,88],"floor_reached":31,"language":"ENG","playtime":1022,"items_purged":["downfall:Bewildered"],"score":359,"play_id":"c7020d9e-9d16-436b-a30e-df627938b2e9","local_time":"20210223205449","is_ascension_mode":false,"campfire_choices":[{"data":"theWildCard:Arsene","floor":6,"key":"SMITH"},{"data":"theWildCard:MagicMettle","floor":8,"key":"SMITH"},{"data":"theWildCard:FuelForTheFire","floor":10,"key":"SMITH"},{"floor":15,"key":"REST"},{"floor":23,"key":"REST"},{"data":"theWildCard:PowerOfTheArcana","floor":25,"key":"SMITH"}],"circlet_count":0,"master_deck":["theWildCard:BasicStrike","theWildCard:BasicStrike","theWildCard:BasicStrike","theWildCard:BasicStrike","theWildCard:BasicDefend","theWildCard:BasicDefend","theWildCard:BasicDefend","theWildCard:BasicDefend","theWildCard:CallToAdventure","theWildCard:Arsene+1","theWildCard:EnergizedStroke","downfall:Haunted","downfall:Haunted","hubris:Wrath","theWildCard:FuelForTheFire+1","downfall:Icky","theWildCard:Sakuya","theWildCard:MagicMettle+1","theWildCard:ArchaicAssault","theWildCard:ArcaneArts","theWildCard:ArcanaArtistry","theWildCard:Salvation","theWildCard:SeveringSlash","theWildCard:Thanatos","theWildCard:Odin","theWildCard:PowerOfTheArcana+1","theWildCard:Ruination","theWildCard:ArcanaArtistry+1","theWildCard:MaskChange","theWildCard:StalwartBlade"],"relics":["theWildCard:VelvetContract","LagranYue:RandomDrawCardRelic","NeowsBlessing","Pen Nib","Darkstone Periapt","Toy Ornithopter","hubris:TinFlute","Dream Catcher","conspire:RunicOctahedron","sneckomod:BabySnecko","hubris:Icosahedron","Kunai","conspire:GiftBox","Letter Opener","TheAbacus"],"acts_visited":["Exordium","TheCity"],"potions_floor_usage":[16],"damage_taken":[{"damage":0,"enemies":"Small Slimes","floor":1,"turns":1},{"damage":0,"enemies":"Lagavulin","floor":7,"turns":1},{"damage":0,"enemies":"Gremlin Nob","floor":11,"turns":1},{"damage":22,"enemies":"Jaw Worm","floor":12,"turns":4},{"damage":0,"enemies":"2 Louse","floor":13,"turns":3},{"damage":9,"enemies":"Blue Slaver","floor":14,"turns":4},{"damage":43,"enemies":"Slime Boss","floor":16,"turns":12},{"damage":23,"enemies":"Spheric Guardian","floor":18,"turns":4},{"damage":41,"enemies":"Book of Stabbing","floor":24,"turns":6},{"damage":10,"enemies":"Chosen","floor":27,"turns":3},{"damage":32,"enemies":"Snecko","floor":29,"turns":5},{"damage":0,"enemies":"Cultist and Chosen","floor":31,"turns":1}],"seed_played":"2770139413588221536","potions_obtained":[{"floor":1,"key":"PanachePotion"},{"floor":12,"key":"SpeedPotion"},{"floor":13,"key":"AttackPotion"},{"floor":27,"key":"Energy Potion"}],"is_trial":false,"path_per_floor":["M","?","$","?","?","R","E","R","T","R","E","M","M","M","R","B",null,"M","?","?","?","T","R","E","R","T","M","$","M","$","M"],"character_chosen":"THE_WILD_CARD","items_purchased":["Pen Nib","theWildCard:MaskChange","TheAbacus"],"campfire_rested":2,"item_purchase_floors":[3,28,28],"current_hp_per_floor":[60,49,49,84,84,84,84,84,84,84,84,62,62,53,81,52,95,72,78,78,78,78,101,60,60,60,50,50,18,18,18,18],"gold":88,"neow_bonus":"THREE_ENEMY_KILL","is_daily":false,"chose_seed":false,"campfire_upgraded":4,"win_rate":0.0,"timestamp":1614066889,"path_taken":["M","?","$","?","?","R","E","R","T","R","E","M","?","M","R","BOSS","M","?","?","?","?","R","E","R","T","M","$","M","?","M"],"items_purchased_type":["Relic","Card","Relic"],"build_version":"2020-12-22","purchased_purges":1,"victory":false,"max_hp_per_floor":[60,60,60,95,95,95,95,95,95,95,95,95,95,95,95,95,95,95,101,101,101,101,101,101,101,101,101,101,101,101,101,101],"card_choices":[{"not_picked":["theWildCard:Odin","theWildCard:StalwartBlade"],"picked":"theWildCard:EnergizedStroke","floor":1},{"not_picked":["theWildCard:Michael","theWildCard:EnergyTheft"],"picked":"theWildCard:MagicMettle","floor":7},{"not_picked":["theWildCard:Michael","theWildCard:Thanatos"],"picked":"theWildCard:ArchaicAssault","floor":11},{"not_picked":["theWildCard:ShieldOfMany","theWildCard:TheGreatSeal"],"picked":"theWildCard:ArcaneArts","floor":12},{"not_picked":["theWildCard:PaleRider","theWildCard:Abstinence"],"picked":"theWildCard:ArcanaArtistry","floor":13},{"not_picked":["theWildCard:Sakuya","theWildCard:Polydeuces"],"picked":"theWildCard:Salvation","floor":14},{"not_picked":["theWildCard:Alice","theWildCard:TheGreatSeal"],"picked":"theWildCard:SeveringSlash","floor":15},{"not_picked":["theWildCard:Deicide","theWildCard:Overwhelm"],"picked":"theWildCard:Thanatos","floor":16},{"not_picked":["theWildCard:ArchaicAssault","theWildCard:PaleRider+1"],"picked":"theWildCard:Odin","floor":18},{"not_picked":["theWildCard:MagicMettle","theWildCard:EnergizedStroke"],"picked":"theWildCard:PowerOfTheArcana","floor":23},{"not_picked":["theWildCard:Thanatos","theWildCard:Desolation"],"picked":"theWildCard:Ruination","floor":24},{"not_picked":["theWildCard:PowerOfTheArcana","theWildCard:StingingStrike","theWildCard:SacrificialStroke"],"picked":"SKIP","floor":24},{"not_picked":["theWildCard:Odin","theWildCard:MaskChange"],"picked":"theWildCard:ArcanaArtistry+1","floor":27},{"not_picked":["theWildCard:SacrificialStroke","theWildCard:MagicalMight+1"],"picked":"theWildCard:StalwartBlade","floor":29}],"player_experience":121188,"relics_obtained":[{"floor":7,"key":"Toy Ornithopter"},{"floor":9,"key":"hubris:TinFlute"},{"floor":11,"key":"Dream Catcher"},{"floor":22,"key":"Kunai"},{"floor":24,"key":"conspire:GiftBox"},{"floor":26,"key":"Letter Opener"}],"event_choices":[{"damage_healed":0,"gold_gain":75,"player_choice":"Gather Gold","damage_taken":11,"max_hp_gain":0,"max_hp_loss":0,"event_name":"World of Goop","floor":2,"gold_loss":0},{"cards_removed":["Normality"],"damage_healed":0,"gold_gain":0,"player_choice":"Gave Gold","damage_taken":0,"max_hp_gain":0,"max_hp_loss":0,"event_name":"Beggar","floor":21,"gold_loss":75}],"is_beta":false,"boss_relics":[{"not_picked":["hubris:CrackedHourglass","hubris:HollowSoul"],"picked":"conspire:RunicOctahedron"}],"items_purged_floors":[28],"is_endless":false,"potions_floor_spawned":[1,12,13,14,27],"killed_by":"Cultist and Chosen","ascension_level":0}}