{"host":"by8i6f8xc0ywpsd5","time":1614064298,"event":{"mods":["BaseMod","Colored Map","Downfall","Minty Spire (QoL Compilation)","Relic Stats","StSLib"],"gold_per_floor":[99,111,121,221,221,247,247,260,284,315,330,361,371,389,406,504,504,404,423,423,423,423],"floor_reached":20,"language":"ENG","playtime":1327,"items_purged":[],"score":216,"play_id":"57149700-24ba-4a7c-8c77-81959782041d","local_time":"20210223091138","is_ascension_mode":true,"campfire_choices":[{"data":"champ:BladeFlurry","floor":1,"key":"SMITH"},{"data":"champ:UltimateStance","floor":18,"key":"SMITH"}],"circlet_count":0,"master_deck":["champ:Strike","champ:Strike","champ:Strike","champ:Strike","champ:Defend","champ:Defend","champ:Defend","champ:Defend","champ:Execute","champ:Taunt","champ:BladeFlurry+1","champ:PerfectedStrike","champ:GladiatorStyle","champ:DefensiveStyle","champ:CrookedStrike","champ:EnGarde","champ:TornadoPunch","champ:SwordSigil","champ:BerserkerStyle","champ:IronFortress","champ:AdrenalArmor","champ:UltimateStance+1"],"relics":["champ:ChampionCrownUpgraded","Gremlin Horn","Oddly Smooth Stone","Potion Belt","Regal Pillow","Art of War","downfall:HeartBlessingGreen"],"acts_visited":["Exordium","TheCity"],"potions_floor_usage":[12,16,16,19],"damage_taken":[{"damage":0,"enemies":"Small Slimes","floor":2,"turns":3},{"damage":10,"enemies":"2 Louse","floor":3,"turns":2},{"damage":16,"enemies":"Lagavulin","floor":6,"turns":5},{"damage":0,"enemies":"Jaw Worm","floor":8,"turns":1},{"damage":24,"enemies":"Gremlin Nob","floor":10,"turns":3},{"damage":10,"enemies":"Gremlin Gang","floor":11,"turns":5},{"damage":25,"enemies":"3 Sentries","floor":12,"turns":6},{"damage":11,"enemies":"downfall:LooterAlt","floor":13,"turns":2},{"damage":15,"enemies":"Exordium Wildlife","floor":14,"turns":3},{"damage":0,"enemies":"Exordium Thugs","floor":15,"turns":2},{"damage":39,"enemies":"IC_STATUS_ARCHETYPE","floor":16,"turns":7},{"damage":60,"enemies":"downfall:LooterAlt2","floor":19,"turns":4},{"damage":29,"enemies":"3 Byrds","floor":20,"turns":5}],"seed_played":"-2632966739213498505","potions_obtained":[{"floor":8,"key":"Swift Potion"},{"floor":10,"key":"PowerPotion"},{"floor":13,"key":"Strength Potion"},{"floor":14,"key":"champ:TechniquePotion"},{"floor":15,"key":"champ:OpenerPotion"},{"floor":16,"key":"BlessingOfTheForge"}],"is_trial":false,"path_per_floor":["R","M","M","?","?","E","T","M","T","E","M","E","M","M","M","B",null,"R","M","M"],"character_chosen":"THE_CHAMP","items_purchased":[],"campfire_rested":0,"item_purchase_floors":[],"current_hp_per_floor":[90,90,90,90,90,84,84,84,84,70,70,60,49,44,44,29,90,90,70,46,46,46],"gold":423,"neow_bonus":"THREE_CARDS","is_daily":false,"chose_seed":false,"campfire_upgraded":2,"win_rate":0.0,"timestamp":1614064298,"path_taken":["R","M","M","?","?","E","T","M","?","E","M","E","M","?","M","BOSS","R","M","M"],"items_purchased_type":[],"build_version":"2020-12-22","purchased_purges":0,"victory":false,"max_hp_per_floor":[90,90,90,90,90,90,90,90,90,90,90,90,90,90,90,90,90,90,90,90,90,90],"relic_stats":{"Regal Pillow":0,"Gremlin Horn":[9,9],"counters":[13,48],"Art of War":[3],"obtain_stats":[{"Potion Belt":9,"Regal Pillow":10,"Gremlin Horn":6,"Oddly Smooth Stone":7,"champ:ChampionCrown":0,"downfall:HeartBlessingGreen":18,"champ:ChampionCrownUpgraded":17,"Art of War":12},{"Potion Belt":4,"Regal Pillow":5,"Gremlin Horn":3,"Oddly Smooth Stone":3,"champ:ChampionCrown":0,"downfall:HeartBlessingGreen":11,"champ:ChampionCrownUpgraded":11,"Art of War":7},{"Potion Belt":11,"Regal Pillow":14,"Gremlin Horn":10,"Oddly Smooth Stone":10,"champ:ChampionCrown":0,"downfall:HeartBlessingGreen":39,"champ:ChampionCrownUpgraded":39,"Art of War":25}]},"card_choices":[{"not_picked":["champ:Backstep","champ:EnGarde"],"picked":"champ:BladeFlurry","floor":0},{"not_picked":["champ:FanOfKnives","champ:PreemptiveStrike"],"picked":"champ:PerfectedStrike","floor":2},{"not_picked":["champ:PerfectedStrike","champ:CalledShot"],"picked":"champ:GladiatorStyle","floor":3},{"not_picked":["champ:ShieldThrow","champ:Encircle"],"picked":"champ:DefensiveStyle","floor":6},{"not_picked":["champ:Parry","champ:DefensiveShout"],"picked":"champ:CrookedStrike","floor":8},{"not_picked":["champ:CrownThrow","champ:SkillfulDodge"],"picked":"champ:EnGarde","floor":10},{"not_picked":["champ:PreemptiveStrike","champ:Parry"],"picked":"champ:TornadoPunch","floor":11},{"not_picked":["champ:IronFortress","champ:PreemptiveStrike"],"picked":"champ:SwordSigil","floor":12},{"not_picked":["champ:RisingSlash","champ:CrownThrow"],"picked":"champ:BerserkerStyle","floor":13},{"not_picked":["champ:FlashCut","champ:PreciseThrust"],"picked":"champ:IronFortress","floor":14},{"not_picked":["champ:CrookedStrike","champ:ShieldSigil"],"picked":"champ:AdrenalArmor","floor":15},{"not_picked":["champ:StrikeOfGenius","champ:EnchantShield"],"picked":"champ:UltimateStance","floor":16},{"not_picked":["champ:PreciseThrust","champ:PerfectedStrike","champ:FanOfKnives"],"picked":"SKIP","floor":19}],"player_experience":1823517,"relics_obtained":[{"floor":6,"key":"Gremlin Horn"},{"floor":7,"key":"Oddly Smooth Stone"},{"floor":9,"key":"Potion Belt"},{"floor":10,"key":"Regal Pillow"},{"floor":12,"key":"Art of War"}],"event_choices":[],"is_beta":false,"boss_relics":[{"not_picked":["Velvet Choker","Pandora\u0027s Box"],"picked":"champ:ChampionCrownUpgraded"}],"items_purged_floors":[],"is_endless":false,"potions_floor_spawned":[8,10,13,14,15,16],"killed_by":"3 Byrds","ascension_level":2}}