{"host":"70zhvo5nwrhp1mbg","time":1614111623,"event":{"mods":["BaseMod","Colored Map","Colored Powertips","Highlight Path","Minty Spire (QoL Compilation)","Rare Cards Sparkle","StSLib"],"gold_per_floor":[144,189,169,19,73,73,73,172,184,295,406,418,430,517,529,850,862,919,931,952,52,106,205,205,304,304,349,9,108,117,216,225,534,534,579,579,633,633,262,271,361,461,486,540,549,549,117,117,126,126],"floor_reached":51,"language":"ENG","playtime":2980,"items_purged":[],"score":1011,"play_id":"50b86b70-8a1f-4073-8b0b-ff1eadb521ec","local_time":"20210223152023","daily_mods":["Draft","Flight","Midas"],"is_ascension_mode":false,"campfire_choices":[{"floor":6,"key":"REST"},{"floor":12,"key":"REST"},{"floor":15,"key":"REST"},{"floor":24,"key":"REST"},{"floor":30,"key":"REST"},{"floor":32,"key":"REST"},{"floor":40,"key":"REST"},{"floor":45,"key":"REST"},{"floor":49,"key":"REST"}],"circlet_count":0,"master_deck":["Spot Weakness+1","Iron Wave+1","Shrug It Off+1","Flex+1","Wild Strike+1","Infernal Blade+1","Iron Wave+1","Rampage+1","Pummel+1","Cleave+1","Anger+1","Iron Wave+1","Pommel Strike+1","Headbutt+1","Anger+1","Shrug It Off+1","Flex+1","Spot Weakness+1","Flame Barrier+1","Headbutt+1","Barricade+1","Necronomicurse","Impervious+1","Body Slam+1","Pummel+1","Pummel+1","Armaments+1","Bite+1","Bite+1","Bite+1","Bite+1","Bite+1","Shrug It Off+1","Seeing Red+1","Power Through+1","Heavy Blade+1","Double Tap+1","Bludgeon+1","Armaments+1","Inflame+1","Flame Barrier+1","Pommel Strike+1","Iron Wave+1","Heavy Blade+1","Impervious+1","Cleave+1"],"relics":["Burning Blood","CeramicFish","MawBank","Centennial Puzzle","InkBottle","Molten Egg 2","Snecko Eye","Calipers","Necronomicon","ClockworkSouvenir","Paper Frog","Ancient Tea Set","Akabeko","Bird Faced Urn","Toxic Egg 2","Happy Flower","Toolbox","Dream Catcher","War Paint","Black Star","Vajra","Whetstone","Singing Bowl","Red Skull","Anchor","Mark of the Bloom","FossilizedHelix","Orrery"],"acts_visited":["Exordium","TheCity","TheBeyond"],"potions_floor_usage":[8,10,10,16,16,23,23,29,33,37,50,50],"damage_taken":[{"damage":0,"enemies":"Jaw Worm","floor":1,"turns":3},{"damage":0,"enemies":"Cultist","floor":2,"turns":2},{"damage":0,"enemies":"2 Louse","floor":5,"turns":2},{"damage":0,"enemies":"Gremlin Nob","floor":8,"turns":2},{"damage":11,"enemies":"3 Sentries","floor":10,"turns":5},{"damage":26,"enemies":"Lagavulin","floor":11,"turns":5},{"damage":41,"enemies":"Hexaghost","floor":16,"turns":6},{"damage":17,"enemies":"Chosen","floor":18,"turns":6},{"damage":10,"enemies":"Shell Parasite","floor":22,"turns":5},{"damage":5,"enemies":"Gremlin Leader","floor":23,"turns":9},{"damage":9,"enemies":"Slavers","floor":25,"turns":4},{"damage":12,"enemies":"Book of Stabbing","floor":29,"turns":2},{"damage":0,"enemies":"Slavers","floor":31,"turns":2},{"damage":8,"enemies":"Collector","floor":33,"turns":7},{"damage":10,"enemies":"Orb Walker","floor":35,"turns":2},{"damage":19,"enemies":"3 Darklings","floor":37,"turns":3},{"damage":10,"enemies":"Reptomancer","floor":41,"turns":4},{"damage":22,"enemies":"Writhing Mass","floor":44,"turns":3},{"damage":50,"enemies":"Awakened One","floor":50,"turns":9}],"seed_played":"-7386017133472573341","potions_obtained":[{"floor":1,"key":"DistilledChaos"},{"floor":2,"key":"Dexterity Potion"},{"floor":3,"key":"Dexterity Potion"},{"floor":10,"key":"Fruit Juice"},{"floor":16,"key":"Fruit Juice"},{"floor":23,"key":"DuplicationPotion"},{"floor":29,"key":"Regen Potion"},{"floor":31,"key":"BloodPotion"},{"floor":44,"key":"SneckoOil"}],"is_trial":false,"path_per_floor":["M","M","?","$","M","R","?","E","T","E","E","R","?","?","R","B",null,"M","?","?","$","M","E","R","E","T","?","$","E","R","E","R","B",null,"M","?","M","?","$","R","E","?","T","M","R","?","$","?","R","B",null],"character_chosen":"IRONCLAD","items_purchased":["CeramicFish","ClockworkSouvenir","Paper Frog","Ancient Tea Set","Impervious","Body Slam+1","DuplicationPotion","Energy Potion","SpeedPotion","Happy Flower","Toolbox","Shrug It Off+1","Vajra","Whetstone","Inflame","FossilizedHelix","Orrery"],"campfire_rested":9,"item_purchase_floors":[4,21,21,21,21,21,21,21,21,28,28,28,39,39,39,47,47],"current_hp_per_floor":[80,80,80,80,80,80,80,80,80,80,60,85,85,74,85,55,90,79,79,63,63,59,60,87,84,84,62,62,59,62,62,62,62,62,58,58,52,52,52,62,63,63,63,57,64,64,64,64,64,14],"gold":126,"neow_bonus":"","is_daily":true,"chose_seed":false,"campfire_upgraded":0,"win_rate":0.0,"timestamp":1614111623,"path_taken":["M","M","?","$","?","R","?","E","T","E","E","R","?","?","R","BOSS","M","?","?","$","M","E","R","E","T","?","$","E","R","E","R","BOSS","M","?","?","?","$","R","E","?","T","?","R","?","$","?","R","BOSS"],"items_purchased_type":["Relic","Relic","Relic","Relic","Card","Card","Potion","Potion","Potion","Relic","Relic","Card","Relic","Relic","Card","Relic","Relic"],"build_version":"2020-12-22","purchased_purges":0,"victory":true,"max_hp_per_floor":[80,80,80,80,80,80,80,80,80,85,85,85,85,85,85,90,90,90,90,90,90,90,90,90,90,90,62,62,62,62,62,62,62,62,62,62,62,62,62,62,64,64,64,64,64,64,70,66,66,66],"card_choices":[{"not_picked":["Entrench","Thunderclap"],"picked":"Spot Weakness","floor":0},{"not_picked":["Battle Trance","Evolve"],"picked":"True Grit","floor":0},{"not_picked":["Body Slam","Armaments"],"picked":"Iron Wave","floor":0},{"not_picked":["Searing Blow","Flame Barrier"],"picked":"Shrug It Off","floor":0},{"not_picked":["Heavy Blade","Shockwave"],"picked":"Flex","floor":0},{"not_picked":["Clash","Heavy Blade"],"picked":"Wild Strike","floor":0},{"not_picked":["Flex","Thunderclap"],"picked":"Infernal Blade","floor":0},{"not_picked":["Heavy Blade","Body Slam"],"picked":"Iron Wave","floor":0},{"not_picked":["True Grit","Pommel Strike"],"picked":"Rampage","floor":0},{"not_picked":["Reckless Charge","Headbutt"],"picked":"Pummel","floor":0},{"not_picked":["Flex","Body Slam"],"picked":"Cleave","floor":0},{"not_picked":["Perfected Strike","Heavy Blade"],"picked":"Anger","floor":0},{"not_picked":["Heavy Blade","Warcry"],"picked":"Iron Wave","floor":0},{"not_picked":["Uppercut","Battle Trance"],"picked":"Pommel Strike","floor":0},{"not_picked":["True Grit","Perfected Strike"],"picked":"Headbutt","floor":0},{"not_picked":["Heavy Blade","Sword Boomerang"],"picked":"Anger","floor":1},{"not_picked":["Armaments","Entrench"],"picked":"Shrug It Off","floor":2},{"not_picked":["True Grit","Battle Trance"],"picked":"Flex","floor":5},{"not_picked":["Shrug It Off","Perfected Strike"],"picked":"Spot Weakness","floor":8},{"not_picked":["Intimidate","Evolve"],"picked":"Flame Barrier","floor":10},{"not_picked":["Fire Breathing","Feel No Pain"],"picked":"Headbutt+1","floor":11},{"not_picked":["Corruption","Brutality"],"picked":"Barricade","floor":16},{"not_picked":["Thunderclap+1","Heavy Blade+1","Dropkick+1"],"picked":"SKIP","floor":18},{"not_picked":["Wild Strike+1","Clothesline+1"],"picked":"Pummel+1","floor":22},{"not_picked":["Perfected Strike+1","Infernal Blade"],"picked":"Pummel+1","floor":23},{"not_picked":["Twin Strike+1","Iron Wave+1"],"picked":"Armaments+1","floor":25},{"not_picked":["Thunderclap+1","Shrug It Off+1"],"picked":"Seeing Red+1","floor":29},{"not_picked":["Sword Boomerang+1","Whirlwind+1"],"picked":"Power Through+1","floor":30},{"not_picked":["Clothesline+1","Spot Weakness+1"],"picked":"Heavy Blade+1","floor":31},{"not_picked":["Headbutt+1","Fire Breathing"],"picked":"Double Tap+1","floor":32},{"not_picked":["Feed+1","Exhume+1"],"picked":"Bludgeon+1","floor":33},{"not_picked":["Power Through+1","Thunderclap+1","True Grit+1"],"picked":"SKIP","floor":35},{"not_picked":["Pommel Strike+1","Havoc+1"],"picked":"Armaments+1","floor":37},{"not_picked":["Anger+1","Barricade"],"picked":"Flame Barrier+1","floor":40},{"not_picked":["Thunderclap+1","Blood for Blood+1","Shrug It Off+1"],"picked":"Singing Bowl","floor":41},{"not_picked":["Headbutt+1","Infernal Blade+1"],"picked":"Pommel Strike+1","floor":44},{"not_picked":["Sword Boomerang+1","Hemokinesis+1"],"picked":"Iron Wave+1","floor":45},{"not_picked":["Sword Boomerang+1","Clothesline+1","Flex+1"],"picked":"Singing Bowl","floor":47},{"not_picked":["Sword Boomerang+1","Iron Wave+1","Headbutt+1"],"picked":"Singing Bowl","floor":47},{"not_picked":["Shrug It Off+1","Wild Strike+1"],"picked":"Heavy Blade+1","floor":47},{"not_picked":["Twin Strike+1","Armaments+1","Thunderclap+1"],"picked":"Singing Bowl","floor":47},{"not_picked":["Warcry+1","Dropkick+1"],"picked":"Impervious+1","floor":47},{"not_picked":["Havoc+1","True Grit+1"],"picked":"Cleave+1","floor":49}],"player_experience":691988,"relics_obtained":[{"floor":8,"key":"MawBank"},{"floor":9,"key":"Centennial Puzzle"},{"floor":10,"key":"InkBottle"},{"floor":11,"key":"Molten Egg 2"},{"floor":20,"key":"Necronomicon"},{"floor":23,"key":"Akabeko"},{"floor":25,"key":"Bird Faced Urn"},{"floor":26,"key":"Toxic Egg 2"},{"floor":29,"key":"Dream Catcher"},{"floor":31,"key":"War Paint"},{"floor":41,"key":"Singing Bowl"},{"floor":41,"key":"Red Skull"},{"floor":43,"key":"Anchor"}],"event_choices":[{"damage_healed":0,"gold_gain":0,"player_choice":"Bought 1 Potion","damage_taken":0,"max_hp_gain":0,"max_hp_loss":0,"event_name":"The Woman in Blue","floor":3,"gold_loss":0},{"damage_healed":0,"gold_gain":0,"player_choice":"Leave","damage_taken":0,"max_hp_gain":0,"max_hp_loss":0,"event_name":"The Cleric","floor":7,"gold_loss":0},{"damage_healed":0,"gold_gain":0,"player_choice":"Grow","damage_taken":0,"max_hp_gain":0,"max_hp_loss":0,"event_name":"Living Wall","floor":13,"gold_loss":0,"cards_upgraded":["Rampage"]},{"damage_healed":0,"gold_gain":75,"player_choice":"Gather Gold","damage_taken":11,"max_hp_gain":0,"max_hp_loss":0,"event_name":"World of Goop","floor":14,"gold_loss":0},{"damage_healed":0,"gold_gain":0,"player_choice":"Opened","damage_taken":0,"relics_obtained":["Calipers"],"max_hp_gain":0,"max_hp_loss":0,"event_name":"The Mausoleum","floor":19,"gold_loss":0},{"damage_healed":0,"gold_gain":0,"player_choice":"Obtained Book","damage_taken":16,"max_hp_gain":0,"max_hp_loss":0,"event_name":"Cursed Tome","floor":20,"gold_loss":0},{"damage_healed":0,"gold_gain":0,"player_choice":"Became a vampire","damage_taken":0,"max_hp_gain":0,"max_hp_loss":28,"event_name":"Vampires","floor":27,"gold_loss":0,"cards_obtained":["Bite","Bite","Bite","Bite","Bite"]},{"cards_removed":["True Grit"],"damage_healed":0,"gold_gain":0,"player_choice":"Purged","damage_taken":0,"max_hp_gain":0,"max_hp_loss":0,"event_name":"Purifier","floor":36,"gold_loss":0},{"damage_healed":0,"gold_gain":0,"player_choice":"Ignored","damage_taken":0,"max_hp_gain":0,"max_hp_loss":0,"event_name":"Mysterious Sphere","floor":38,"gold_loss":0},{"damage_healed":0,"gold_gain":100,"player_choice":"Pray","damage_taken":0,"max_hp_gain":0,"max_hp_loss":0,"event_name":"Golden Shrine","floor":42,"gold_loss":0},{"damage_healed":0,"gold_gain":0,"player_choice":"Upgrade","damage_taken":0,"relics_obtained":["Mark of the Bloom"],"max_hp_gain":0,"max_hp_loss":0,"event_name":"MindBloom","floor":46,"gold_loss":0,"cards_upgraded":["Spot Weakness","Shrug It Off","Wild Strike","Infernal Blade","Iron Wave","Pummel","Cleave","Anger","Pommel Strike","Headbutt","Anger","Shrug It Off","Flex","Spot Weakness","Barricade","Impervious","Inflame"]},{"damage_healed":0,"gold_gain":0,"player_choice":"Max HP","damage_taken":0,"max_hp_gain":0,"max_hp_loss":4,"event_name":"Winding Halls","floor":48,"gold_loss":0}],"is_beta":false,"boss_relics":[{"not_picked":["Sozu","Astrolabe"],"picked":"Snecko Eye"},{"not_picked":["SlaversCollar","Tiny House"],"picked":"Black Star"}],"items_purged_floors":[],"is_endless":false,"potions_floor_spawned":[1,2,10,16,23,29,31,44],"ascension_level":0}}