{"host":"lv7etzzgwahaenh9","time":1614120965,"event":{"mods":["AchievementEnabler","BaseMod","Colored Map","Colored Powertips","Highlight Path","Minty Spire (QoL Compilation)","Permanent Neow","Quick Restart","Random Character Button","StSLib"],"gold_per_floor":[14,28,40,55,55,80,80,111,137,137,156,174,186,216,216,312,312,312,312],"floor_reached":18,"language":"ENG","playtime":757,"items_purged":[],"score":294,"play_id":"024fe4fe-0653-442a-8308-c95a17dca0a3","local_time":"20210223145605","is_ascension_mode":true,"campfire_choices":[{"floor":10,"key":"REST"},{"data":"SashWhip","floor":15,"key":"SMITH"}],"circlet_count":0,"master_deck":["AscendersBane","Strike_P+1","Strike_P","Defend_P","Defend_P","Eruption","Vigilance","BattleHymn+1","Pray","ForeignInfluence+1","SashWhip","FlurryOfBlows","Evaluate","Protect","Scrawl","ThirdEye","Crescendo","LikeWater","SashWhip+1","Devotion"],"relics":["PureWater","Girya","Oddly Smooth Stone","Akabeko","Bag of Marbles","Empty Cage"],"acts_visited":["Exordium","TheCity"],"potions_floor_usage":[8,16],"damage_taken":[{"damage":5.0,"enemies":"2 Louse","floor":1.0,"turns":3.0},{"damage":5.0,"enemies":"Small Slimes","floor":2.0,"turns":4.0},{"damage":0.0,"enemies":"Cultist","floor":3.0,"turns":2.0},{"damage":10.0,"enemies":"3 Louse","floor":4.0,"turns":3.0},{"damage":19.0,"enemies":"3 Sentries","floor":6.0,"turns":5.0},{"damage":2,"enemies":"Lagavulin","floor":8,"turns":6},{"damage":5,"enemies":"Looter","floor":11,"turns":3},{"damage":0,"enemies":"Large Slime","floor":12,"turns":3},{"damage":2,"enemies":"3 Louse","floor":13,"turns":2},{"damage":2,"enemies":"3 Sentries","floor":14,"turns":4},{"damage":6,"enemies":"Hexaghost","floor":16,"turns":6},{"damage":24,"enemies":"Shell Parasite","floor":18,"turns":3}],"seed_played":"2694410175312689124","potions_obtained":[{"floor":2.0,"key":"GamblersBrew"},{"floor":4.0,"key":"PowerPotion"},{"floor":12,"key":"ColorlessPotion"},{"floor":13,"key":"Ancient Potion"}],"is_trial":false,"path_per_floor":["M","M","M","M","?","E","?","E","T","R","M","M","M","E","R","B",null,"M"],"character_chosen":"WATCHER","items_purchased":[],"campfire_rested":1,"item_purchase_floors":[],"current_hp_per_floor":[60,55,55,45,31,12,12,10,10,31,26,26,24,22,22,16,58,34,34],"gold":312,"neow_bonus":"TRANSFORM_TWO_CARDS","is_daily":false,"chose_seed":false,"campfire_upgraded":1,"win_rate":0.0,"timestamp":1614120965,"path_taken":["M","M","M","M","?","E","?","E","T","R","M","?","M","E","R","BOSS","M"],"items_purchased_type":[],"build_version":"2020-12-22","purchased_purges":0,"victory":false,"max_hp_per_floor":[72,72,72,72,72,72,72,72,72,72,72,72,72,72,72,72,72,72,72],"card_choices":[{"not_picked":["FlyingSleeves","CutThroughFate"],"picked":"ForeignInfluence","floor":1.0},{"not_picked":["PathToVictory","Fasting2"],"picked":"SashWhip","floor":2.0},{"not_picked":["Halt","EmptyFist"],"picked":"FlurryOfBlows","floor":3.0},{"not_picked":["SashWhip","FlurryOfBlows"],"picked":"Evaluate","floor":4.0},{"not_picked":["Swivel","CrushJoints"],"picked":"Protect","floor":6.0},{"not_picked":["FearNoEvil","ForeignInfluence"],"picked":"Scrawl","floor":8},{"not_picked":["BowlingBash","PathToVictory"],"picked":"ThirdEye","floor":11},{"not_picked":["Halt","FollowUp"],"picked":"Crescendo","floor":12},{"not_picked":["CrushJoints","Study"],"picked":"LikeWater","floor":13},{"not_picked":["FollowUp","PathToVictory"],"picked":"SashWhip","floor":14},{"not_picked":["DevaForm","SpiritShield"],"picked":"Devotion","floor":16}],"player_experience":535792,"relics_obtained":[{"floor":6.0,"key":"Girya"},{"floor":8,"key":"Oddly Smooth Stone"},{"floor":9,"key":"Akabeko"},{"floor":14,"key":"Bag of Marbles"}],"event_choices":[{"damage_healed":0.0,"max_hp_gain":0.0,"max_hp_loss":0.0,"gold_gain":0.0,"event_name":"Shining Light","player_choice":"Entered Light","floor":5.0,"gold_loss":0.0,"damage_taken":14.0,"cards_upgraded":["Strike_P","BattleHymn"]},{"damage_healed":0.0,"max_hp_gain":0.0,"max_hp_loss":0.0,"gold_gain":0.0,"event_name":"Upgrade Shrine","player_choice":"Upgraded","floor":7.0,"gold_loss":0.0,"damage_taken":0.0,"cards_upgraded":["ForeignInfluence"]}],"is_beta":false,"boss_relics":[{"not_picked":["SacredBark","Runic Pyramid"],"picked":"Empty Cage"}],"items_purged_floors":[],"is_endless":false,"potions_floor_spawned":[2,4,12,13,14],"killed_by":"Shell Parasite","ascension_level":12}}