{"host":"nptej036rrbiurf5","time":1614058450,"event":{"mods":["BaseMod","Colored Map","Colored Powertips","DeckTracker","Minty Spire (QoL Compilation)","StSLib","SuperFastMode"],"gold_per_floor":[115,115,190,190,209,240,253,253,279,279,297,318,343,343,343,437,437,457,480,494,513,534,534,74,107,107,123,123,159,209,244,244,244,244],"floor_reached":33,"language":"KOR","playtime":774,"items_purged":["Strike_P"],"score":718,"play_id":"8241ec11-dc84-40a7-82a1-9a1dd84cf5d0","local_time":"20210223143410","is_ascension_mode":true,"campfire_choices":[{"data":"Eruption","floor":8.0,"key":"SMITH"},{"data":"SignatureMove","floor":10.0,"key":"SMITH"},{"floor":15.0,"key":"REST"},{"floor":23.0,"key":"REST"},{"data":"Scrawl","floor":32.0,"key":"SMITH"}],"circlet_count":0,"master_deck":["AscendersBane","Strike_P","Strike_P+1","Defend_P","Defend_P+1","Defend_P","Defend_P+1","Eruption+1","Vigilance","CutThroughFate+1","EmptyBody+1","SignatureMove+1","Consecrate","FollowUp","Meditate","Brilliance","FlurryOfBlows","Scrawl+1","ThirdEye","Protect","Weave","Tantrum","CrushJoints","LessonLearned"],"relics":["HolyWater","NeowsBlessing","Golden Idol","Dream Catcher","Lantern","Bag of Preparation","Lee\u0027s Waffle","Kunai","Omamori","Toy Ornithopter","War Paint","Mummified Hand"],"acts_visited":["Exordium","TheCity"],"potions_floor_usage":[33],"damage_taken":[{"damage":0.0,"enemies":"Small Slimes","floor":1.0,"turns":2.0},{"damage":0.0,"enemies":"Jaw Worm","floor":5.0,"turns":1.0},{"damage":0.0,"enemies":"Gremlin Nob","floor":6.0,"turns":1.0},{"damage":1.0,"enemies":"2 Louse","floor":7.0,"turns":2.0},{"damage":0.0,"enemies":"2 Fungi Beasts","floor":11.0,"turns":2.0},{"damage":0.0,"enemies":"Exordium Wildlife","floor":12.0,"turns":2.0},{"damage":1.0,"enemies":"3 Louse","floor":13.0,"turns":2.0},{"damage":34.0,"enemies":"Hexaghost","floor":16.0,"turns":5.0},{"damage":9.0,"enemies":"2 Thieves","floor":18.0,"turns":2.0},{"damage":0.0,"enemies":"Shell Parasite","floor":19.0,"turns":1.0},{"damage":0.0,"enemies":"3 Cultists","floor":20.0,"turns":4.0},{"damage":0.0,"enemies":"Shelled Parasite and Fungi","floor":21.0,"turns":2.0},{"damage":6.0,"enemies":"Snake Plant","floor":22.0,"turns":3.0},{"damage":0.0,"enemies":"Gremlin Leader","floor":25.0,"turns":1.0},{"damage":0.0,"enemies":"Centurion and Healer","floor":27.0,"turns":2.0},{"damage":16.0,"enemies":"Slavers","floor":29.0,"turns":2.0},{"damage":12.0,"enemies":"Book of Stabbing","floor":31.0,"turns":3.0},{"damage":51,"enemies":"Champ","floor":33,"turns":6}],"seed_played":"-2664515141095960918","potions_obtained":[{"floor":6.0,"key":"SmokeBomb"},{"floor":7.0,"key":"Regen Potion"},{"floor":12.0,"key":"EssenceOfSteel"},{"floor":16.0,"key":"Weak Potion"},{"floor":20.0,"key":"AttackPotion"},{"floor":21.0,"key":"StancePotion"},{"floor":25.0,"key":"PowerPotion"},{"floor":31.0,"key":"SpeedPotion"}],"is_trial":false,"path_per_floor":["M","?","?","?","M","E","M","R","T","R","M","M","M","?","R","B",null,"M","M","M","M","M","R","$","E","T","M","?","E","?","E","R","B"],"character_chosen":"WATCHER","items_purchased":["Bag of Preparation","Lee\u0027s Waffle","Swift Potion"],"campfire_rested":2,"item_purchase_floors":[24,24,24],"current_hp_per_floor":[61,41,30,30,30,30,29,29,29,29,29,29,28,28,46,26,53,44,44,44,44,38,56,69,69,69,69,69,53,53,41,41,0,0],"gold":244,"neow_bonus":"THREE_ENEMY_KILL","is_daily":false,"chose_seed":false,"campfire_upgraded":3,"win_rate":0.0,"timestamp":1614058450,"path_taken":["M","?","?","?","M","E","M","R","T","R","M","M","M","?","R","BOSS","M","M","M","M","M","R","$","E","T","M","?","E","?","E","R","BOSS"],"items_purchased_type":["Relic","Relic","Potion"],"build_version":"2020-12-22","purchased_purges":1,"victory":false,"max_hp_per_floor":[68,68,68,62,62,62,62,62,62,62,62,62,62,62,62,62,62,62,62,62,62,62,62,69,69,69,69,69,69,69,69,69,69,69],"card_choices":[{"not_picked":["Weave","Pray"],"picked":"CutThroughFate","floor":1.0},{"not_picked":["Fasting2","Evaluate"],"picked":"EmptyBody","floor":5.0},{"not_picked":["WheelKick","FollowUp"],"picked":"SignatureMove","floor":6.0},{"not_picked":["JustLucky","FlyingSleeves"],"picked":"Consecrate","floor":7.0},{"not_picked":["EmptyFist","CarveReality"],"picked":"FollowUp","floor":11.0},{"not_picked":["Fasting2","CutThroughFate","Vengeance"],"picked":"SKIP","floor":12.0},{"not_picked":["ClearTheMind","WreathOfFlame"],"picked":"Meditate","floor":13.0},{"not_picked":["WreathOfFlame","ClearTheMind"],"picked":"FlurryOfBlows","floor":15.0},{"not_picked":["Judgement","DevaForm"],"picked":"Scrawl","floor":16.0},{"not_picked":["Fasting2","Worship"],"picked":"ThirdEye","floor":18.0},{"not_picked":["Consecrate","PathToVictory"],"picked":"Protect","floor":19.0},{"not_picked":["Vengeance","ForeignInfluence"],"picked":"Weave","floor":20.0},{"not_picked":["CutThroughFate","EmptyBody","PathToVictory"],"picked":"SKIP","floor":21.0},{"not_picked":["CrushJoints","Perseverance"],"picked":"Tantrum","floor":22.0},{"not_picked":["EmptyFist","BattleHymn"],"picked":"CrushJoints","floor":23.0},{"not_picked":["ForeignInfluence","CarveReality","Perseverance"],"picked":"SKIP","floor":25.0},{"not_picked":["FlyingSleeves","CrushJoints"],"picked":"LessonLearned","floor":27.0},{"not_picked":["JustLucky","FearNoEvil","Evaluate"],"picked":"SKIP","floor":29.0},{"not_picked":["WheelKick","ClearTheMind","Vengeance"],"picked":"SKIP","floor":31.0}],"player_experience":1010912,"relics_obtained":[{"floor":6.0,"key":"Dream Catcher"},{"floor":9.0,"key":"Lantern"},{"floor":25.0,"key":"Kunai"},{"floor":26.0,"key":"Omamori"},{"floor":29.0,"key":"War Paint"},{"floor":31.0,"key":"Mummified Hand"}],"event_choices":[{"damage_healed":0.0,"max_hp_gain":0.0,"max_hp_loss":0.0,"gold_gain":0.0,"event_name":"Shining Light","player_choice":"Entered Light","floor":2.0,"gold_loss":0.0,"damage_taken":20.0,"cards_upgraded":["Strike_P","CutThroughFate"]},{"damage_healed":0.0,"max_hp_gain":0.0,"max_hp_loss":0.0,"gold_gain":75.0,"event_name":"World of Goop","player_choice":"Gather Gold","floor":3.0,"gold_loss":0.0,"damage_taken":11.0},{"damage_healed":0.0,"max_hp_gain":0.0,"max_hp_loss":6.0,"gold_gain":0.0,"event_name":"Golden Idol","player_choice":"Lose Max HP","floor":4.0,"gold_loss":0.0,"damage_taken":0.0,"relics_obtained":["Golden Idol"]},{"damage_healed":0.0,"max_hp_gain":0.0,"max_hp_loss":0.0,"gold_gain":0.0,"cards_transformed":["Strike_P"],"event_name":"Living Wall","player_choice":"Change","floor":14.0,"gold_loss":0.0,"damage_taken":0.0,"cards_obtained":["Brilliance"]},{"damage_healed":0.0,"max_hp_gain":0.0,"max_hp_loss":0.0,"gold_gain":0.0,"event_name":"The Mausoleum","player_choice":"Opened","floor":28.0,"gold_loss":0.0,"damage_taken":0.0,"relics_obtained":["Toy Ornithopter"],"cards_obtained":["Writhe"]},{"damage_healed":0.0,"max_hp_gain":0.0,"max_hp_loss":0.0,"gold_gain":50.0,"event_name":"Nest","player_choice":"Stole From Cult","floor":30.0,"gold_loss":0.0,"damage_taken":0.0}],"is_beta":false,"boss_relics":[{"not_picked":["Astrolabe","Black Star"],"picked":"HolyWater"}],"items_purged_floors":[24],"is_endless":false,"potions_floor_spawned":[6,7,12,13,16,20,21,25,31],"killed_by":"Champ","ascension_level":20}}