{"host":"onmzcmq5a68cxj3d","time":1614041035,"event":{"mods":["BaseMod","Colored Map","Minty Spire (QoL Compilation)","Remove Card Discount Mod"],"gold_per_floor":[115,115,135,135,135,148,148,148,218,218,218,218,218,210,210,310,310,326,26,26,36,34,34,34,34,84,84,115,115,115,115,115,210,210,229,229,77,37,57,57,57,57,57,131,131,131,131,141,141,141],"floor_reached":51,"language":"ENG","playtime":2089,"items_purged":["Wraith Form v2","Defend_G","Defend_G","Strike_G","Strike_G","Strike_G","Defend_G+1","Neutralize+1"],"score":741,"play_id":"3c9330a4-a1be-4d0a-8b44-bf8a9f7aad17","local_time":"20210222174355","daily_mods":["Heirloom","Time Dilation","Flight"],"is_ascension_mode":false,"campfire_choices":[{"data":"DevaForm","floor":7,"key":"SMITH"},{"data":"Echo Form","floor":8,"key":"SMITH"},{"data":"Demon Form","floor":10,"key":"SMITH"},{"data":"Noxious Fumes","floor":11,"key":"SMITH"},{"data":"Cloak And Dagger","floor":12,"key":"SMITH"},{"data":"Neutralize","floor":13,"key":"SMITH"},{"data":"Survivor","floor":15,"key":"SMITH"},{"data":"Defend_G","floor":23,"key":"SMITH"},{"data":"Defend_G","floor":24,"key":"SMITH"},{"data":"Defend_G","floor":25,"key":"SMITH"},{"floor":27,"key":"REST"},{"floor":30,"key":"REST"},{"floor":32,"key":"REST"},{"data":"After Image","floor":40,"key":"SMITH"},{"data":"Panache","floor":41,"key":"SMITH"},{"floor":42,"key":"REST"},{"data":"Strike_G","floor":45,"key":"SMITH"},{"data":"Strike_G","floor":49,"key":"SMITH"}],"circlet_count":0,"master_deck":["Demon Form+1","Echo Form+1","DevaForm+1","Strike_G+1","Strike_G+1","Defend_G+1","Defend_G+1","Survivor+1","Cloak And Dagger+1","Noxious Fumes+1","Blade Dance+1","PiercingWail+1","After Image+1","CurseOfTheBell","Panache+1"],"relics":["Unceasing Top","CaptainsWheel","Orichalcum","InkBottle","WristBlade","Bottled Tornado","Dream Catcher","Pen Nib","MutagenicStrength","Calling Bell","Tiny Chest","Meat on the Bone","Incense Burner","Blood Vial","TungstenRod","Molten Egg 2"],"acts_visited":["Exordium","TheCity","TheBeyond"],"potions_floor_usage":[16,28,28,33,48,50,50,50],"damage_taken":[{"damage":0,"enemies":"2 Louse","floor":1,"turns":4},{"damage":0,"enemies":"Jaw Worm","floor":3,"turns":5},{"damage":2,"enemies":"Small Slimes","floor":6,"turns":4},{"damage":18,"enemies":"The Guardian","floor":16,"turns":7},{"damage":5,"enemies":"Chosen","floor":18,"turns":6},{"damage":8,"enemies":"Shell Parasite","floor":21,"turns":4},{"damage":36,"enemies":"Book of Stabbing","floor":28,"turns":7},{"damage":10,"enemies":"Automaton","floor":33,"turns":7},{"damage":9,"enemies":"Orb Walker","floor":35,"turns":4},{"damage":11,"enemies":"3 Darklings","floor":39,"turns":5},{"damage":14,"enemies":"4 Shapes","floor":48,"turns":5},{"damage":30,"enemies":"Donu and Deca","floor":50,"turns":6}],"seed_played":"2414199122864018552","potions_obtained":[{"floor":3,"key":"DistilledChaos"},{"floor":6,"key":"Explosive Potion"},{"floor":18,"key":"Poison Potion"},{"floor":28,"key":"SteroidPotion"},{"floor":38,"key":"Ancient Potion"},{"floor":38,"key":"Fire Potion"},{"floor":38,"key":"Fire Potion"},{"floor":39,"key":"Regen Potion"},{"floor":48,"key":"AttackPotion"}],"is_trial":true,"path_per_floor":["M","?","M","?","?","M","R","R","T","R","R","R","R","$","R","B",null,"M","$","?","M","$","R","R","R","T","R","E","?","R","?","R","B",null,"M","?","$","?","M","R","R","R","T","T","R","$","?","M","R","B",null],"character_chosen":"THE_SILENT","items_purchased":["Bottled Tornado","Blade Dance","Blood Vial"],"campfire_rested":4,"item_purchase_floors":[19,19,37],"current_hp_per_floor":[70,70,70,52,52,50,50,50,50,50,50,50,50,50,50,32,70,65,65,65,57,57,57,57,57,57,70,34,34,55,55,70,60,70,61,61,61,61,52,52,52,70,70,70,70,70,66,62,62,34],"gold":141,"neow_bonus":"","is_daily":false,"chose_seed":false,"campfire_upgraded":14,"win_rate":0.0,"timestamp":1614041035,"path_taken":["M","?","M","?","?","?","R","R","T","R","R","R","R","$","R","BOSS","M","$","?","?","?","R","R","R","T","R","E","?","R","?","R","BOSS","M","?","$","?","?","R","R","R","T","?","R","$","?","M","R","BOSS"],"items_purchased_type":["Relic","Card","Relic"],"build_version":"2020-12-22","purchased_purges":8,"victory":true,"max_hp_per_floor":[70,70,70,70,70,70,70,70,70,70,70,70,70,70,70,70,70,70,70,70,70,70,70,70,70,70,70,70,70,70,70,70,70,70,70,70,70,70,70,70,70,70,70,70,70,70,66,66,66,66],"card_choices":[{"not_picked":["Dagger Spray","Finisher"],"picked":"Cloak And Dagger","floor":1},{"not_picked":["Terror","Poisoned Stab","Predator"],"picked":"SKIP","floor":3},{"not_picked":["Dagger Throw","Blade Dance"],"picked":"Noxious Fumes","floor":6},{"not_picked":["Dagger Spray","Deflect+1","Bane"],"picked":"SKIP","floor":18},{"not_picked":["Sucker Punch","Outmaneuver","Acrobatics"],"picked":"SKIP","floor":21},{"not_picked":["Leg Sweep","Distraction"],"picked":"PiercingWail+1","floor":27},{"not_picked":["Noxious Fumes","Expertise+1","Flying Knee"],"picked":"SKIP","floor":28},{"not_picked":["Die Die Die","Burst"],"picked":"After Image","floor":33},{"not_picked":["Predator","Eviscerate+1","Caltrops+1"],"picked":"SKIP","floor":35},{"not_picked":["Panacea","Blind"],"picked":"Panache","floor":36},{"not_picked":["Catalyst","Flying Knee","Well Laid Plans+1"],"picked":"SKIP","floor":39},{"not_picked":["Flying Knee+1","Cloak And Dagger","Backflip+1"],"picked":"SKIP","floor":48}],"player_experience":462295,"relics_obtained":[{"floor":9,"key":"InkBottle"},{"floor":26,"key":"Dream Catcher"},{"floor":28,"key":"Pen Nib"},{"floor":34,"key":"Tiny Chest"},{"floor":34,"key":"Meat on the Bone"},{"floor":34,"key":"Incense Burner"},{"floor":43,"key":"TungstenRod"},{"floor":44,"key":"Molten Egg 2"}],"event_choices":[{"damage_healed":0,"gold_gain":0,"player_choice":"Leave","damage_taken":0,"max_hp_gain":0,"max_hp_loss":0,"event_name":"The Cleric","floor":2,"gold_loss":0},{"damage_healed":0,"gold_gain":0,"player_choice":"Success","damage_taken":18,"relics_obtained":["Orichalcum"],"max_hp_gain":0,"max_hp_loss":0,"event_name":"Scrap Ooze","floor":4,"gold_loss":0},{"damage_healed":0,"gold_gain":0,"player_choice":"Ignored","damage_taken":0,"max_hp_gain":0,"max_hp_loss":0,"event_name":"Transmorgrifier","floor":5,"gold_loss":0},{"damage_healed":0,"gold_gain":0,"player_choice":"Forge","damage_taken":0,"max_hp_gain":0,"max_hp_loss":0,"event_name":"Accursed Blacksmith","floor":20,"gold_loss":0,"cards_upgraded":["Blade Dance"]},{"damage_healed":0,"gold_gain":0,"player_choice":"Ignored","damage_taken":0,"max_hp_gain":0,"max_hp_loss":0,"event_name":"Cursed Tome","floor":29,"gold_loss":0},{"damage_healed":0,"gold_gain":0,"player_choice":"Inject Mutagens","damage_taken":0,"relics_obtained":["MutagenicStrength"],"max_hp_gain":0,"max_hp_loss":0,"event_name":"Drug Dealer","floor":31,"gold_loss":0},{"damage_healed":0,"gold_gain":0,"player_choice":"Memory 1","damage_taken":0,"max_hp_gain":0,"max_hp_loss":0,"event_name":"SensoryStone","floor":36,"gold_loss":0},{"damage_healed":0,"gold_gain":0,"player_choice":"Bought 3 Potions","damage_taken":0,"max_hp_gain":0,"max_hp_loss":0,"event_name":"The Woman in Blue","floor":38,"gold_loss":0},{"damage_healed":0,"gold_gain":0,"player_choice":"Max HP","damage_taken":0,"max_hp_gain":0,"max_hp_loss":4,"event_name":"Winding Halls","floor":47,"gold_loss":0}],"is_beta":false,"boss_relics":[{"not_picked":["Sozu","Empty Cage"],"picked":"WristBlade"},{"not_picked":["Astrolabe","Runic Dome"],"picked":"Calling Bell"}],"items_purged_floors":[14,14,14,14,22,37,37,37],"is_endless":false,"potions_floor_spawned":[3,6,18,28,39,48],"ascension_level":0}}