{"host":"y76clbnovzmw9ubx","time":1614045927,"event":{"mods":["AchievementEnabler","BaseMod","Minty Spire (QoL Compilation)","Permanent Neow","Relic Stats"],"gold_per_floor":[13,25,45,60,80,111,111,136,136,136,152,180,194,207,207,281,281,294,307,317,328,378,378,378],"floor_reached":23,"language":"ENG","playtime":4938,"items_purged":[],"score":438,"play_id":"19f6d3d3-a377-4ad8-acf9-101e6a990046","local_time":"20210222210527","is_ascension_mode":true,"campfire_choices":[{"data":"Skewer","floor":7.0,"key":"SMITH"},{"floor":10.0,"key":"REST"},{"floor":15.0,"key":"REST"}],"circlet_count":0,"master_deck":["AscendersBane","Strike_G","Strike_G","Strike_G","Strike_G","Strike_G","Defend_G","Defend_G","Defend_G","Defend_G","Defend_G","Survivor","Neutralize","Blade Dance","Slice","Bouncing Flask","Skewer+1","Adrenaline","Poisoned Stab","Footwork","Flechettes+1","Backflip","Night Terror","Finisher+1","Predator+1","PiercingWail"],"relics":["Ring of the Snake","Tough Bandages","Paper Crane","HornCleat","Molten Egg 2","Boot","Cursed Key"],"acts_visited":["Exordium","TheCity"],"potions_floor_usage":[18,20],"damage_taken":[{"damage":0.0,"enemies":"Cultist","floor":1.0,"turns":4.0},{"damage":0.0,"enemies":"Small Slimes","floor":2.0,"turns":3.0},{"damage":0.0,"enemies":"2 Louse","floor":3.0,"turns":3.0},{"damage":1.0,"enemies":"Large Slime","floor":4.0,"turns":5.0},{"damage":8.0,"enemies":"Blue Slaver","floor":5.0,"turns":4.0},{"damage":12.0,"enemies":"Gremlin Nob","floor":6.0,"turns":3.0},{"damage":18.0,"enemies":"Lagavulin","floor":8.0,"turns":6.0},{"damage":1.0,"enemies":"Looter","floor":11.0,"turns":3.0},{"damage":24.0,"enemies":"Gremlin Nob","floor":12.0,"turns":4.0},{"damage":0.0,"enemies":"2 Fungi Beasts","floor":13.0,"turns":3.0},{"damage":0.0,"enemies":"Blue Slaver","floor":14.0,"turns":3.0},{"damage":3.0,"enemies":"Hexaghost","floor":16.0,"turns":9.0},{"damage":10,"enemies":"Spheric Guardian","floor":18,"turns":4},{"damage":1,"enemies":"Shell Parasite","floor":19,"turns":3},{"damage":18,"enemies":"Cultist and Chosen","floor":20,"turns":6},{"damage":9,"enemies":"Centurion and Healer","floor":21,"turns":4},{"damage":27,"enemies":"Slavers","floor":23,"turns":1}],"seed_played":"-135492445313802278","potions_obtained":[{"floor":2.0,"key":"LiquidMemories"},{"floor":3.0,"key":"SteroidPotion"},{"floor":6.0,"key":"EssenceOfSteel"},{"floor":11.0,"key":"LiquidBronze"},{"floor":12.0,"key":"Block Potion"},{"floor":18,"key":"Fire Potion"}],"is_trial":false,"path_per_floor":["M","M","M","M","M","E","R","E","T","R","M","E","M","M","R","B",null,"M","M","M","M","?","E"],"character_chosen":"THE_SILENT","items_purchased":[],"campfire_rested":2,"item_purchase_floors":[],"current_hp_per_floor":[59,59,59,58,50,38,38,20,20,39,38,14,14,14,33,30,57,47,46,28,19,19,0,0],"gold":378,"neow_bonus":"ONE_RARE_RELIC","is_daily":false,"chose_seed":false,"campfire_upgraded":1,"win_rate":0.0,"timestamp":1614045927,"path_taken":["M","M","M","M","?","E","R","E","T","R","M","E","M","M","R","BOSS","M","M","M","M","?","E"],"items_purchased_type":[],"build_version":"2020-12-22","purchased_purges":0,"victory":false,"max_hp_per_floor":[66,66,66,66,66,66,66,66,66,66,66,66,66,66,66,66,66,66,66,66,66,66,66,66],"relic_stats":{"Tough Bandages":[27],"counters":[17,68],"Boot":[34],"Cursed Key":0,"obtain_stats":[{"Tough Bandages":0,"HornCleat":8,"Molten Egg 2":9,"Paper Crane":6,"Boot":12,"Cursed Key":17,"Ring of the Snake":0},{"Tough Bandages":0,"HornCleat":7,"Molten Egg 2":7,"Paper Crane":6,"Boot":9,"Cursed Key":12,"Ring of the Snake":0},{"Tough Bandages":0,"HornCleat":28,"Molten Egg 2":28,"Paper Crane":22,"Boot":35,"Cursed Key":50,"Ring of the Snake":0}],"Ring of the Snake":[34]},"card_choices":[{"not_picked":["Prepared","Dodge and Roll"],"picked":"Blade Dance","floor":1.0},{"not_picked":["Backflip","Outmaneuver"],"picked":"Slice","floor":2.0},{"not_picked":["Tactician","Sucker Punch"],"picked":"Bouncing Flask","floor":3.0},{"not_picked":["Blur","Flying Knee"],"picked":"Skewer","floor":4.0},{"not_picked":["Eviscerate","Sucker Punch"],"picked":"Adrenaline","floor":5.0},{"not_picked":["Blur","Heel Hook"],"picked":"Poisoned Stab","floor":6.0},{"not_picked":["Tactician","Poisoned Stab","Bouncing Flask"],"picked":"SKIP","floor":8.0},{"not_picked":["Noxious Fumes","Catalyst"],"picked":"Footwork","floor":11.0},{"not_picked":["Poisoned Stab+1","Cloak And Dagger"],"picked":"Flechettes+1","floor":12.0},{"not_picked":["Acrobatics","Sucker Punch+1","Tactician"],"picked":"SKIP","floor":13.0},{"not_picked":["Predator+1","Terror"],"picked":"Backflip","floor":14.0},{"not_picked":["Bullet Time","Grand Finale+1"],"picked":"Night Terror","floor":16.0},{"not_picked":["Bane+1","Slice+1","Eviscerate+1"],"picked":"SKIP","floor":18},{"not_picked":["Dodge and Roll","Dagger Throw+1"],"picked":"Finisher+1","floor":19},{"not_picked":["Calculated Gamble","Endless Agony+1"],"picked":"Predator+1","floor":20},{"not_picked":["Masterful Stab+1","Backflip"],"picked":"PiercingWail","floor":21}],"player_experience":3278547,"relics_obtained":[{"floor":6.0,"key":"Paper Crane"},{"floor":8.0,"key":"HornCleat"},{"floor":9.0,"key":"Molten Egg 2"},{"floor":12.0,"key":"Boot"}],"event_choices":[{"damage_healed":0,"gold_gain":50,"player_choice":"Stole From Cult","damage_taken":0,"max_hp_gain":0,"max_hp_loss":0,"event_name":"Nest","floor":22,"gold_loss":0}],"is_beta":false,"boss_relics":[{"not_picked":["HoveringKite","Busted Crown"],"picked":"Cursed Key"}],"items_purged_floors":[],"is_endless":false,"potions_floor_spawned":[2,3,6,11,12,14,18],"killed_by":"Slavers","ascension_level":20}}