{"host":"gsp4qlltb0c3ynci","time":1614052299,"event":{"mods":["2.2 Compatiblity","Abigail Mod","Ascension Reborn","BaseMod","Friendly Minions","Minty Spire (QoL Compilation)","Prisma Mod","Replay The Spire","Say the Spire","StSLib"],"gold_per_floor":[141,141,141,195,195,270,300,393,393,474,576,55,142,223,235,247,247],"floor_reached":16,"language":"KOR","playtime":427,"items_purged":["Strike_G+1"],"score":246,"play_id":"ec1dbd72-3ea6-429a-af4c-5d0cbfd145e3","local_time":"20210223125139","daily_mods":["Vintage","Heirloom","Time Dilation","Flight","DeadlyEvents","Elite Swarm","Midas"],"is_ascension_mode":true,"campfire_choices":[],"circlet_count":0,"master_deck":["Strike_G+1","Strike_G+1","Defend_G+1","Defend_G+1","Defend_G+1","Defend_G+1","Defend_G+1","Leap+1","Beam Cell+1","Toxin Wave+1","After Image","Envenom","Venomology","Sucker Punch"],"relics":["Ring of the Snake","Bird Faced Urn","Omamori","Ring of Fury","ReplayTheSpireMod:Ring of Addiction","SacredBark","Toy Ornithopter","Calipers","Paper Crane","ReplayFunnel","Art of War","Replay:Bottled Snecko","StrikeDummy","Incense Burner","Pondfish Scales","War Paint","Durian","MawBank"],"acts_visited":["Exordium"],"potions_floor_usage":[4,6,8,11,13,14],"damage_taken":[{"damage":0,"enemies":"Jaw Worm","floor":1,"turns":2},{"damage":0,"enemies":"2 Louse","floor":4,"turns":2},{"damage":4,"enemies":"3 Sentries","floor":6,"turns":6},{"damage":0,"enemies":"Cultist","floor":7,"turns":2},{"damage":0,"enemies":"Replay:BlueRogue","floor":8,"turns":5},{"damage":12,"enemies":"Gremlin Nob","floor":10,"turns":4},{"damage":0,"enemies":"3 Sentries","floor":11,"turns":6},{"damage":0,"enemies":"Replay:BlueRogue","floor":13,"turns":6},{"damage":0,"enemies":"Lagavulin","floor":14,"turns":6},{"damage":0,"enemies":"Hexaghost","floor":16,"turns":2}],"seed_played":"4469923584902754534","potions_obtained":[{"floor":1,"key":"Strength Potion"},{"floor":2,"key":"Flashbang"},{"floor":2,"key":"BlessingOfTheForge"},{"floor":2,"key":"Venom Potion"},{"floor":6,"key":"Milkshake"},{"floor":11,"key":"Weak Potion"},{"floor":14,"key":"Venom Potion"}],"is_trial":true,"path_per_floor":["M","?","?","M","?","E","M","E","T","E","E","$","E","E","R","B"],"character_chosen":"THE_SILENT","items_purchased":["Pondfish Scales","War Paint"],"campfire_rested":0,"item_purchase_floors":[12,12],"current_hp_per_floor":[70,70,70,70,70,66,68,70,70,58,65,65,75,75,75,75,75],"gold":247,"neow_bonus":"","is_daily":false,"chose_seed":false,"campfire_upgraded":0,"win_rate":0.0,"timestamp":1614052299,"path_taken":["M","?","?","M","?","E","M","E","T","E","?","$","E","E","R","BOSS"],"items_purchased_type":["Relic","Relic"],"build_version":"2020-12-22","purchased_purges":1,"victory":false,"max_hp_per_floor":[70,70,70,70,70,70,70,70,70,70,70,70,75,75,75,75,75],"card_choices":[{"not_picked":["Unload","Bullet Time"],"picked":"After Image","floor":6},{"not_picked":["ReplayTheSpireMod:From All Sides","Poison Darts","Unload"],"picked":"SKIP","floor":8},{"not_picked":["Atom Bomb","Night Terror","Unload"],"picked":"SKIP","floor":10},{"not_picked":["A Thousand Cuts","Grand Finale"],"picked":"Envenom","floor":11},{"not_picked":["Wraith Form v2","Adrenaline"],"picked":"Venomology","floor":13},{"not_picked":["Envenom","ReplayTheSpireMod:From All Sides","Replay:Bag of Tricks"],"picked":"SKIP","floor":14}],"player_experience":511819,"relics_obtained":[{"floor":1,"key":"Omamori"},{"floor":2,"key":"Ring of Fury"},{"floor":2,"key":"ReplayTheSpireMod:Ring of Addiction"},{"floor":2,"key":"SacredBark"},{"floor":2,"key":"Toy Ornithopter"},{"floor":4,"key":"Calipers"},{"floor":6,"key":"Paper Crane"},{"floor":7,"key":"ReplayFunnel"},{"floor":8,"key":"Art of War"},{"floor":9,"key":"Replay:Bottled Snecko"},{"floor":10,"key":"StrikeDummy"},{"floor":11,"key":"Incense Burner"},{"floor":13,"key":"Durian"},{"floor":14,"key":"MawBank"}],"event_choices":[{"damage_healed":0,"gold_gain":0,"cards_transformed":["Strike_G"],"player_choice":"Transformed","damage_taken":0,"max_hp_gain":0,"max_hp_loss":0,"event_name":"Transmorgrifier","floor":5,"gold_loss":0,"cards_obtained":["Toxin Wave"]}],"is_beta":false,"boss_relics":[],"items_purged_floors":[12],"is_endless":false,"potions_floor_spawned":[1,6,11,14],"killed_by":"Hexaghost","ascension_level":0}}