{"host":"toh0bbw446wnuexf","time":1614065306,"event":{"mods":["BaseMod","Downfall","Hermit","Minty Spire (QoL Compilation)","Random Character Button","Robot Space Explorer","StSLib"],"gold_per_floor":[99,119,134,145,55,71,71,101,117,117,217,217,235,247,267,267,267,267],"floor_reached":16,"language":"ENG","playtime":1304,"items_purged":["Guardian:Strike_Guardian"],"score":110,"play_id":"dea48f67-09c1-4b1b-9e5f-e70336108c98","local_time":"20210223202826","is_ascension_mode":true,"campfire_choices":[{"data":"Guardian:CurlUp","floor":1,"key":"SMITH"},{"floor":10,"key":"REST"},{"data":"Guardian:PrimingBeam","floor":12,"key":"SMITH"}],"circlet_count":0,"master_deck":["Guardian:Strike_Guardian","Guardian:Strike_Guardian","Guardian:Defend_Guardian","Guardian:Defend_Guardian","Guardian:Defend_Guardian","Guardian:Defend_Guardian","Guardian:CurlUp+1","Guardian:TwinSlam","Guardian:RollAttack","Guardian:PrimingBeam+1","Guardian:EvasiveProtocol","Guardian:Gem_Green"],"relics":["Guardian:ModeShifter","Sundial"],"acts_visited":["Exordium"],"potions_floor_usage":[16,16,16],"damage_taken":[{"damage":1,"enemies":"Cultist","floor":2,"turns":4},{"damage":0,"enemies":"Small Slimes","floor":3,"turns":4},{"damage":7,"enemies":"2 Louse","floor":4,"turns":2},{"damage":0,"enemies":"downfall:FleeingMerchant","floor":5,"turns":4},{"damage":3,"enemies":"2 Fungi Beasts","floor":6,"turns":4},{"damage":40,"enemies":"Gremlin Gang","floor":9,"turns":5},{"damage":0,"enemies":"Blue Slaver","floor":13,"turns":3},{"damage":9,"enemies":"Red Slaver","floor":14,"turns":3},{"damage":6,"enemies":"Lots of Slimes","floor":15,"turns":2},{"damage":39,"enemies":"DF_ARCHETYPE_STREAMLINE","floor":16,"turns":9}],"seed_played":"-5268335456713834997","potions_obtained":[{"floor":4,"key":"Block Potion"},{"floor":9,"key":"hexamod:SoulburnPotion"},{"floor":13,"key":"Energy Potion"}],"is_trial":false,"path_per_floor":["R","M","M","M","$","M","T","?","M","R","?","R","M","M","M","B"],"character_chosen":"GUARDIAN","items_purchased":[],"campfire_rested":1,"item_purchase_floors":[],"current_hp_per_floor":[80,79,79,72,72,69,69,69,29,53,53,53,53,44,38,0,0,0],"gold":267,"neow_bonus":"REMOVE_CARD","is_daily":false,"chose_seed":false,"campfire_upgraded":2,"win_rate":0.0,"timestamp":1614065306,"path_taken":["R","M","M","M","$","M","T","?","M","R","?","R","M","M","M","BOSS"],"items_purchased_type":[],"build_version":"2020-12-22","purchased_purges":1,"victory":false,"max_hp_per_floor":[80,80,80,80,80,80,80,80,80,80,80,80,80,80,80,80,80,80],"card_choices":[{"not_picked":["Guardian:Reroute","Guardian:TemporalStrike"],"picked":"Guardian:RollAttack","floor":2},{"not_picked":["Guardian:Orbwalk","Guardian:Gem_Cyan"],"picked":"Guardian:PrimingBeam","floor":3},{"not_picked":["Guardian:Reroute","Guardian:DecasProtection"],"picked":"Guardian:Gem_Lightblue","floor":4},{"not_picked":["Guardian:TemporalStrike","Guardian:ShieldSpikes"],"picked":"Guardian:EvasiveProtocol","floor":5},{"not_picked":["Guardian:VentSteam","Guardian:TimeCapacitor"],"picked":"Guardian:Gem_Cyan","floor":6},{"not_picked":["Guardian:TimeSifter","Guardian:BronzeOrb","Guardian:TimeBomb"],"picked":"SKIP","floor":9},{"not_picked":["Guardian:ArmoredProtocol","Guardian:TimeCapacitor","Guardian:FloatingOrbs"],"picked":"SKIP","floor":13},{"not_picked":["Guardian:PrimingBeam","Guardian:Preprogram"],"picked":"Guardian:Gem_Green","floor":14},{"not_picked":["Guardian:TimeCapacitor","Guardian:SpikerProtocol","Guardian:Recover"],"picked":"SKIP","floor":15}],"player_experience":727447,"relics_obtained":[{"floor":7,"key":"Sundial"}],"event_choices":[],"is_beta":false,"boss_relics":[],"items_purged_floors":[5],"is_endless":false,"potions_floor_spawned":[4,9,13,14],"killed_by":"DF_ARCHETYPE_STREAMLINE","ascension_level":3}}