{"host":"yhhyog5h1q67ienp","time":1614092352,"event":{"mods":["AchievementEnabler","BaseMod","Block Reminder","Colored Map","Colored Powertips","Minty Spire (QoL Compilation)","Quick Restart","Relic Stats","StSLib","ojb\u0027s Better Paths Mod","ojb\u0027s Info Mod"],"gold_per_floor":[115,115,134,134,158,158,158,158],"floor_reached":7,"language":"ENG","playtime":501,"items_purged":[],"score":82,"play_id":"d499049b-933e-4142-be97-055caf53f8b3","local_time":"20210223115912","is_ascension_mode":true,"campfire_choices":[{"data":"Capacitor","floor":6,"key":"SMITH"}],"circlet_count":0,"master_deck":["AscendersBane","Strike_B","Strike_B","Strike_B","Strike_B","Defend_B","Defend_B","Defend_B","Defend_B","Zap","Dualcast","Capacitor+1","Self Repair","Conserve Battery"],"relics":["Snecko Eye","Golden Idol"],"acts_visited":[],"potions_floor_usage":[],"damage_taken":[{"damage":1,"enemies":"Cultist","floor":1,"turns":3},{"damage":14,"enemies":"Jaw Worm","floor":3,"turns":4},{"damage":7,"enemies":"Small Slimes","floor":5,"turns":4},{"damage":52,"enemies":"Gremlin Nob","floor":7,"turns":4}],"seed_played":"7125624452921717395","potions_obtained":[],"is_trial":false,"path_per_floor":["M","?","M","?","M","R","E"],"character_chosen":"DEFECT","items_purchased":[],"campfire_rested":0,"item_purchase_floors":[],"current_hp_per_floor":[63,63,49,49,49,49,0,0],"gold":158,"neow_bonus":"BOSS_RELIC","is_daily":false,"chose_seed":false,"campfire_upgraded":1,"win_rate":0.0,"timestamp":1614092352,"path_taken":["M","?","M","?","M","R","E"],"items_purchased_type":[],"build_version":"2020-12-22","purchased_purges":0,"victory":false,"max_hp_per_floor":[71,71,71,64,64,64,64,64],"relic_stats":{"counters":[4,15],"Golden Idol":5,"Snecko Eye":[23,31,26,21],"obtain_stats":[{"Golden Idol":4,"Snecko Eye":0,"Cracked Core":0},{"Golden Idol":2,"Snecko Eye":0,"Cracked Core":0},{"Golden Idol":7,"Snecko Eye":0,"Cracked Core":0}]},"card_choices":[{"not_picked":["Barrage","Stack"],"picked":"Capacitor","floor":1},{"not_picked":["Heatsinks","White Noise"],"picked":"Self Repair","floor":3},{"not_picked":["Aggregate","Streamline"],"picked":"Conserve Battery","floor":5}],"player_experience":1529858,"relics_obtained":[],"event_choices":[{"damage_healed":0,"gold_gain":0,"player_choice":"Ignored","damage_taken":0,"max_hp_gain":0,"max_hp_loss":0,"event_name":"Liars Game","floor":2,"gold_loss":0},{"damage_healed":0,"gold_gain":0,"player_choice":"Lose Max HP","damage_taken":0,"relics_obtained":["Golden Idol"],"max_hp_gain":0,"max_hp_loss":7,"event_name":"Golden Idol","floor":4,"gold_loss":0}],"is_beta":false,"boss_relics":[],"items_purged_floors":[],"is_endless":false,"potions_floor_spawned":[],"killed_by":"Gremlin Nob","ascension_level":20}}