{"host":"40e4adzyl212zebh","time":1614043053,"event":{"mods":["BaseMod","Colored Map","Colored Powertips","DeckTracker","Minty Spire (QoL Compilation)","Quick Restart","Random Character Button","Relic Stats","StSLib","SuperFastMode"],"gold_per_floor":[119,139,139,64,64,96,96,127,204,230,230,255,265,299,299,400,400,411,421,421,336,346,373,373,407,407,440,472,484,496,508,520,628,640,672,684,170,170,190,223,223,250,296,328,328,203,203,237,237,237,237,237,36,68,68],"floor_reached":56,"language":"ENG","playtime":4754,"items_purged":["Regret","Decay","Strike_P","Strike_P"],"score":1434,"play_id":"5178db76-1fd8-4e82-adb7-01622bc9c5f3","local_time":"20210223101733","is_ascension_mode":true,"campfire_choices":[{"floor":7,"key":"REST"},{"data":"Fasting2","floor":11,"key":"SMITH"},{"data":"Wallop","floor":15,"key":"SMITH"},{"floor":30,"key":"RECALL"},{"data":"TalkToTheHand","floor":32,"key":"SMITH"},{"data":"Panacea","floor":41,"key":"SMITH"},{"data":"SignatureMove","floor":49,"key":"SMITH"},{"data":"Establishment","floor":52,"key":"SMITH"}],"circlet_count":0,"master_deck":["Defend_P","Defend_P","Defend_P","Defend_P","Eruption","Vigilance","Perseverance","WindmillStrike","Conclude","Fasting2+1","Protect","Meditate","Wallop+1","DevaForm","Vault","ThirdEye+1","Crescendo+1","TalkToTheHand+1","DeceiveReality","BowlingBash","DeusExMachina","Fasting2","Establishment+1","SignatureMove+1","Evaluate","Panacea+1","Tantrum","Wallop+1","Meditate+1","Vengeance","Fasting2+1","Blind","Flash of Steel","EmptyMind+1"],"relics":["PureWater","WingedGreaves","Regal Pillow","Potion Belt","Bottled Tornado","Nunchaku","Pen Nib","Centennial Puzzle","Coffee Dripper","Bag of Preparation","Mummified Hand","Juzu Bracelet","Meat on the Bone","MawBank","Lantern","SacredBark","Eternal Feather","Toy Ornithopter","Mercury Hourglass","Frozen Egg 2","Pantograph","InkBottle"],"acts_visited":["Exordium","TheCity","TheBeyond","TheEnding"],"potions_floor_usage":[14,18,18,50,54,54,54,55,55],"damage_taken":[{"damage":1,"enemies":"Cultist","floor":1,"turns":2},{"damage":4,"enemies":"Jaw Worm","floor":2,"turns":5},{"damage":29,"enemies":"Gremlin Nob","floor":6,"turns":5},{"damage":9,"enemies":"3 Sentries","floor":8,"turns":4},{"damage":14,"enemies":"Gremlin Nob","floor":10,"turns":4},{"damage":0,"enemies":"3 Sentries","floor":12,"turns":3},{"damage":0,"enemies":"2 Louse","floor":13,"turns":1},{"damage":12,"enemies":"Gremlin Nob","floor":14,"turns":3},{"damage":6,"enemies":"Hexaghost","floor":16,"turns":9},{"damage":7,"enemies":"3 Byrds","floor":18,"turns":4},{"damage":1,"enemies":"Spheric Guardian","floor":19,"turns":4},{"damage":5,"enemies":"Chosen and Byrds","floor":22,"turns":7},{"damage":3,"enemies":"Slavers","floor":23,"turns":6},{"damage":4,"enemies":"Book of Stabbing","floor":25,"turns":6},{"damage":0,"enemies":"Gremlin Leader","floor":27,"turns":5},{"damage":2,"enemies":"Snecko","floor":28,"turns":5},{"damage":9,"enemies":"Collector","floor":33,"turns":10},{"damage":0,"enemies":"3 Shapes","floor":35,"turns":2},{"damage":0,"enemies":"3 Darklings","floor":39,"turns":5},{"damage":7,"enemies":"Reptomancer","floor":40,"turns":5},{"damage":0,"enemies":"Giant Head","floor":42,"turns":6},{"damage":11,"enemies":"Nemesis","floor":44,"turns":5},{"damage":7,"enemies":"Reptomancer","floor":48,"turns":5},{"damage":1,"enemies":"Awakened One","floor":50,"turns":15},{"damage":20,"enemies":"Shield and Spear","floor":54,"turns":7},{"damage":58,"enemies":"The Heart","floor":55,"turns":8}],"seed_played":"-2678794724930591451","potions_obtained":[{"floor":8,"key":"BottledMiracle"},{"floor":10,"key":"PowerPotion"},{"floor":13,"key":"SneckoOil"},{"floor":16,"key":"Explosive Potion"},{"floor":25,"key":"BottledMiracle"},{"floor":28,"key":"EssenceOfSteel"},{"floor":33,"key":"EssenceOfSteel"},{"floor":35,"key":"AttackPotion"},{"floor":42,"key":"PowerPotion"},{"floor":44,"key":"LiquidMemories"}],"is_trial":false,"path_per_floor":["M","M","$","$","?","E","R","E","T","E","R","E","M","E","R","B",null,"M","M","?","?","M","E","?","E","T","E","M","$","R","?","R","B",null,"M","?","$","?","M","E","R","E","T","E","?","$","?","E","R","B",null,"R","$","E","B",null],"character_chosen":"WATCHER","items_purchased":["Panacea","Eternal Feather","Tantrum","Fire Potion"],"campfire_rested":1,"item_purchase_floors":[37,37,37,53],"current_hp_per_floor":[71,67,67,67,60,31,67,58,58,44,44,44,44,32,32,26,72,65,64,64,64,59,56,56,52,52,52,50,50,50,50,50,41,72,72,72,72,68,68,61,68,68,68,57,57,57,47,40,58,68,68,68,68,53,22],"gold":68,"neow_bonus":"ONE_RARE_RELIC","is_daily":false,"chose_seed":false,"campfire_upgraded":6,"win_rate":0.0,"timestamp":1614043053,"path_taken":["M","?","?","$","?","E","R","E","T","E","R","E","M","E","R","BOSS","M","M","?","?","?","E","?","E","T","E","M","?","R","?","R","BOSS","M","?","?","?","M","E","R","E","T","E","?","$","?","E","R","BOSS","R","$","E","BOSS"],"items_purchased_type":["Card","Relic","Card","Potion"],"build_version":"2020-12-22","purchased_purges":4,"victory":true,"max_hp_per_floor":[72,72,72,72,72,72,72,72,72,72,72,72,72,72,72,72,72,72,72,72,72,72,72,72,72,72,72,72,72,72,72,72,72,72,72,72,72,68,68,68,68,68,68,68,68,68,68,68,68,68,68,68,68,68,68],"relic_stats":{"Regal Pillow":15,"counters":[26,141],"Eternal Feather":25,"Pen Nib":[19],"Bag of Preparation":[31],"Juzu Bracelet":1,"MawBank":120,"Mercury Hourglass":[149],"Nunchaku":[19],"Centennial Puzzle":[44],"Mummified Hand":[59],"Pantograph":25,"obtain_stats":[{"Potion Belt":8,"Regal Pillow":6,"Lantern":31,"SacredBark":34,"Eternal Feather":37,"Pen Nib":12,"Bag of Preparation":21,"Juzu Bracelet":25,"Bottled Tornado":9,"Frozen Egg 2":44,"MawBank":27,"Mercury Hourglass":42,"Nunchaku":10,"Centennial Puzzle":14,"Mummified Hand":23,"Pantograph":48,"WingedGreaves":0,"Coffee Dripper":17,"PureWater":0,"Toy Ornithopter":40,"InkBottle":54,"Meat on the Bone":26},{"Potion Belt":4,"Regal Pillow":3,"Lantern":16,"SacredBark":17,"Eternal Feather":18,"Pen Nib":6,"Bag of Preparation":11,"Juzu Bracelet":14,"Bottled Tornado":4,"Frozen Egg 2":22,"MawBank":15,"Mercury Hourglass":21,"Nunchaku":5,"Centennial Puzzle":8,"Mummified Hand":13,"Pantograph":23,"WingedGreaves":0,"Coffee Dripper":9,"PureWater":0,"Toy Ornithopter":20,"InkBottle":25,"Meat on the Bone":14},{"Potion Belt":16,"Regal Pillow":12,"Lantern":73,"SacredBark":83,"Eternal Feather":85,"Pen Nib":23,"Bag of Preparation":44,"Juzu Bracelet":63,"Bottled Tornado":16,"Frozen Egg 2":106,"MawBank":68,"Mercury Hourglass":101,"Nunchaku":20,"Centennial Puzzle":27,"Mummified Hand":57,"Pantograph":111,"WingedGreaves":0,"Coffee Dripper":36,"PureWater":0,"Toy Ornithopter":95,"InkBottle":133,"Meat on the Bone":63}],"Toy Ornithopter":6,"InkBottle":[5],"Meat on the Bone":12},"card_choices":[{"not_picked":["ClearTheMind","Study"],"picked":"Perseverance","floor":1},{"not_picked":["Indignation","LikeWater"],"picked":"WindmillStrike","floor":2},{"not_picked":["PathToVictory","SashWhip"],"picked":"Conclude","floor":6},{"not_picked":["Protect","SashWhip"],"picked":"Fasting2","floor":8},{"not_picked":["ClearTheMind","FollowUp"],"picked":"Protect","floor":10},{"not_picked":["WindmillStrike","ThirdEye"],"picked":"Meditate","floor":12},{"not_picked":["Prostrate","Crescendo"],"picked":"Wallop","floor":13},{"not_picked":["CutThroughFate","Crescendo"],"picked":"DevaForm","floor":14},{"not_picked":["Establishment","Brilliance"],"picked":"Vault","floor":16},{"not_picked":["CutThroughFate","EmptyBody+1"],"picked":"ThirdEye+1","floor":18},{"not_picked":["ThirdEye","Consecrate"],"picked":"Crescendo+1","floor":19},{"not_picked":["CrushJoints","Perseverance","CutThroughFate"],"picked":"SKIP","floor":22},{"not_picked":["Establishment","EmptyBody+1"],"picked":"TalkToTheHand","floor":23},{"not_picked":["Consecrate","ClearTheMind"],"picked":"BowlingBash","floor":25},{"not_picked":["FlyingSleeves","Adaptation"],"picked":"DeusExMachina","floor":27},{"not_picked":["ReachHeaven","Crescendo"],"picked":"Fasting2","floor":28},{"not_picked":["MasterReality","Omniscience"],"picked":"Establishment","floor":33},{"not_picked":["Crescendo+1","Nirvana"],"picked":"SignatureMove","floor":35},{"not_picked":["Tantrum","EmptyFist"],"picked":"Wallop+1","floor":39},{"not_picked":["BowlingBash+1","SashWhip+1"],"picked":"Meditate+1","floor":40},{"not_picked":["EmptyMind","FollowUp"],"picked":"Vengeance","floor":42},{"not_picked":["Vengeance","CarveReality"],"picked":"Fasting2+1","floor":44},{"not_picked":["Master of Strategy","Panache+1"],"picked":"Blind","floor":47},{"not_picked":["Panache+1","Violence"],"picked":"Flash of Steel","floor":47},{"not_picked":["JustLucky","CrushJoints+1","FollowUp+1"],"picked":"SKIP","floor":48},{"not_picked":["Perseverance+1","SashWhip"],"picked":"EmptyMind+1","floor":54}],"player_experience":599280,"relics_obtained":[{"floor":6,"key":"Regal Pillow"},{"floor":8,"key":"Potion Belt"},{"floor":9,"key":"Bottled Tornado"},{"floor":10,"key":"Nunchaku"},{"floor":12,"key":"Pen Nib"},{"floor":14,"key":"Centennial Puzzle"},{"floor":23,"key":"Mummified Hand"},{"floor":25,"key":"Juzu Bracelet"},{"floor":26,"key":"Meat on the Bone"},{"floor":27,"key":"MawBank"},{"floor":40,"key":"Toy Ornithopter"},{"floor":42,"key":"Mercury Hourglass"},{"floor":44,"key":"Frozen Egg 2"},{"floor":48,"key":"Pantograph"},{"floor":54,"key":"InkBottle"}],"event_choices":[{"cards_removed":["Strike_P"],"damage_healed":0,"gold_gain":0,"player_choice":"Card Removal","damage_taken":7,"max_hp_gain":0,"max_hp_loss":0,"event_name":"Golden Wing","floor":5,"gold_loss":0},{"damage_healed":0,"gold_gain":0,"player_choice":"Smashed Altar","damage_taken":0,"max_hp_gain":0,"max_hp_loss":0,"event_name":"Forgotten Altar","floor":20,"gold_loss":0,"cards_obtained":["Decay"]},{"damage_healed":0,"gold_gain":0,"player_choice":"Obtained Relic","damage_taken":0,"relics_obtained":["Bag of Preparation"],"max_hp_gain":0,"max_hp_loss":0,"event_name":"Addict","floor":21,"gold_loss":85},{"damage_healed":0,"gold_gain":0,"cards_transformed":["Strike_P"],"player_choice":"Transformed","damage_taken":0,"max_hp_gain":0,"max_hp_loss":0,"event_name":"Transmorgrifier","floor":24,"gold_loss":0,"cards_obtained":["DeceiveReality"]},{"damage_healed":0,"gold_gain":0,"player_choice":"Opened","damage_taken":0,"relics_obtained":["Lantern"],"max_hp_gain":0,"max_hp_loss":0,"event_name":"The Mausoleum","floor":31,"gold_loss":0},{"damage_healed":0,"gold_gain":0,"player_choice":"1 cards matched","damage_taken":0,"max_hp_gain":0,"max_hp_loss":0,"event_name":"Match and Keep!","floor":36,"gold_loss":0,"cards_obtained":["Evaluate"]},{"damage_healed":0,"gold_gain":0,"player_choice":"Max HP","damage_taken":0,"max_hp_gain":0,"max_hp_loss":4,"event_name":"Winding Halls","floor":38,"gold_loss":0},{"damage_healed":0,"gold_gain":0,"player_choice":"Ignored","damage_taken":0,"max_hp_gain":0,"max_hp_loss":0,"event_name":"SecretPortal","floor":45,"gold_loss":0},{"damage_healed":0,"gold_gain":0,"player_choice":"Memory 3","damage_taken":10,"max_hp_gain":0,"max_hp_loss":0,"event_name":"SensoryStone","floor":47,"gold_loss":0}],"is_beta":false,"boss_relics":[{"not_picked":["Empty Cage","Runic Pyramid"],"picked":"Coffee Dripper"},{"not_picked":["Astrolabe","Fusion Hammer"],"picked":"SacredBark"}],"items_purged_floors":[4,37,46,53],"is_endless":false,"potions_floor_spawned":[8,10,13,16,25,28,33,35,42,44],"ascension_level":1}}