{"host":"yawnmhdh5u4s0p8o","time":1614080984,"event":{"mods":["AchievementEnabler","BaseMod","BetterRewards","Colored Powertips","Downfall","Friendly Minions","GifTheSpireLib","Minty Spire (QoL Compilation)","Replay The Spire","StSLib","The Hierophant","The Mystic","The Necromancer"],"gold_per_floor":[116,116,37,53,53,53,90,90,116,137,158,171,184,204,204,311,361,379,72,86,99,112,112,112,112],"floor_reached":24,"language":"ENG","playtime":2491,"items_purged":[],"score":227,"play_id":"b3dc7ec8-d041-4995-865d-df49aae4c6be","local_time":"20210223224944","is_ascension_mode":false,"campfire_choices":[{"data":"Summon_Undead","floor":6,"key":"SMITH"},{"floor":8,"key":"REST"},{"data":"Replay:ManipulateFuture","floor":15,"key":"SMITH"},{"floor":23,"key":"REST"}],"circlet_count":0,"master_deck":["Strike_W","Strike_W","Strike_W","Strike_W","Defend_W","Defend_W","Defend_W","Defend_W","Negative_Energy_Arrows","Bone_Wall+1","Vampiric_Strike+1","CommonCold","Summon_Lich+1","Strike_from_Beyond+1","Exploit","Finger_Of_Death","Summon_Undead+1","hierophant:OrnateBuckler","SandsOfTime","Replay:Parry","Pot Of Greed","Pot Of Greed","Replay:ManipulateFuture+1","Twin Strike","Negative_Energy_Shield","mysticmod:LightningBolt","Pot Of Greed","Echo Form","Slimebound:DisruptingSlam","Bone_Spikes","Bone_Armory","Bones_to_Steel","Bones_to_Steel","Hellfire","Vampiric_Strike","champ:ShieldWall","Inflame"],"relics":["Vampire_Amulet","Vajra","Guide Book","Pen Nib","PrismaticShard","Dream Catcher","Grinning Jar","Tiny House"],"acts_visited":["Exordium","TheCity"],"potions_floor_usage":[16,16,16,21,22],"damage_taken":[{"damage":0,"enemies":"2 Louse","floor":1,"turns":3},{"damage":1,"enemies":"Cultist","floor":4,"turns":3},{"damage":23,"enemies":"Lagavulin","floor":7,"turns":5},{"damage":0,"enemies":"Small Slimes","floor":10,"turns":2},{"damage":5,"enemies":"Blue Slaver","floor":11,"turns":3},{"damage":12,"enemies":"Gremlin Gang","floor":12,"turns":4},{"damage":11,"enemies":"Exordium Wildlife","floor":13,"turns":5},{"damage":16,"enemies":"Lots of Slimes","floor":14,"turns":3},{"damage":24,"enemies":"Hexaghost","floor":16,"turns":8},{"damage":15,"enemies":"Chosen","floor":18,"turns":5},{"damage":29,"enemies":"2 Thieves","floor":20,"turns":4},{"damage":20,"enemies":"Cultist and Chosen","floor":21,"turns":6},{"damage":30,"enemies":"Centurion and Healer","floor":22,"turns":7},{"damage":81,"enemies":"Gremlin Leader","floor":24,"turns":5}],"seed_played":"7200070956531908744","potions_obtained":[{"floor":1,"key":"Swift Potion"},{"floor":11,"key":"CultistPotion"},{"floor":12,"key":"EssenceOfSteel"},{"floor":14,"key":"Regen Potion"},{"floor":17,"key":"DuplicationPotion"},{"floor":20,"key":"ColorlessPotion"},{"floor":22,"key":"BlessingOfTheForge"}],"is_trial":false,"path_per_floor":["M","?","$","M","?","R","E","R","T","M","M","M","M","M","R","B",null,"M","$","M","M","M","R","E"],"character_chosen":"NECROMANCER","items_purchased":["Vajra","Vampiric_Strike+1","Summon_Lich","Strike_from_Beyond","Exploit","Guide Book","Pen Nib","Summon_Undead","Bone_Armory","Bones_to_Steel","Hellfire","Vampiric_Strike"],"campfire_rested":2,"item_purchase_floors":[0,0,0,0,0,0,0,3,19,19,19,19],"current_hp_per_floor":[58,58,58,65,65,65,59,75,75,75,72,70,65,59,59,56,80,73,73,56,48,30,54,0,0],"gold":112,"neow_bonus":"","is_daily":false,"chose_seed":false,"campfire_upgraded":2,"win_rate":0.0,"timestamp":1614080984,"path_taken":["M","?","$","M","?","R","E","R","T","M","M","M","M","M","R","BOSS","M","$","M","M","M","R","E"],"items_purchased_type":["Relic","Card","Card","Card","Card","Relic","Relic","Card","Card","Card","Card","Card"],"build_version":"2020-12-22","purchased_purges":0,"victory":false,"max_hp_per_floor":[75,75,75,75,75,75,75,75,75,75,75,75,75,75,75,75,80,80,80,80,80,80,80,80,80],"card_choices":[{"not_picked":["Blood_Curse","Bone_Shift"],"picked":"Finger_Of_Death","floor":1},{"not_picked":["bronze:Branch","Guardian:VentSteam"],"picked":"hierophant:OrnateBuckler","floor":4},{"not_picked":["champ:RapidStrikes","Flame Barrier"],"picked":"SandsOfTime","floor":7},{"not_picked":["Slimebound:AcidTongue","Replay:AtTheReady"],"picked":"Replay:Parry","floor":8},{"not_picked":["sneckomod:UnknownClassBLUE","Conclude"],"picked":"Replay:ManipulateFuture","floor":10},{"not_picked":["hierophant:CoinFling","hexamod:Haunt"],"picked":"Twin Strike","floor":11},{"not_picked":["Guardian:Gem_Cyan","Underhanded Strike"],"picked":"Negative_Energy_Shield","floor":12},{"not_picked":["mysticmod:CorrosiveTouch","Slimebound:SplitBruiser","Replay:Hum"],"picked":"SKIP","floor":13},{"not_picked":["champ:PerfectedStrike","Life Link"],"picked":"mysticmod:LightningBolt","floor":14},{"not_picked":["hierophant:Generosity","Guardian:FierceBash"],"picked":"Echo Form","floor":16},{"not_picked":["hierophant:Repentance","hierophant:Patience"],"picked":"Slimebound:DisruptingSlam","floor":17},{"not_picked":["champ:Backstep","Anger"],"picked":"Bone_Spikes","floor":18},{"not_picked":["hierophant:Purify","Replay:SS_hec_1","Negative_Energy_Javelin"],"picked":"SKIP","floor":20},{"not_picked":["ReplayTheSpireMod:Exploit Weakness","Purity+1","bronze:Separator"],"picked":"SKIP","floor":21},{"not_picked":["champ:EnragedBash","Slimebound:ComboTackle"],"picked":"champ:ShieldWall","floor":22},{"not_picked":["Skewer","sneckomod:TrashToTreasure+1"],"picked":"Inflame","floor":23}],"player_experience":73747,"relics_obtained":[{"floor":7,"key":"Dream Catcher"},{"floor":9,"key":"Grinning Jar"}],"event_choices":[{"damage_healed":0,"gold_gain":0,"player_choice":"Ignored","damage_taken":0,"max_hp_gain":0,"max_hp_loss":0,"event_name":"Purifier","floor":5,"gold_loss":0}],"is_beta":false,"boss_relics":[{"not_picked":["Black Star","Runic Dome"],"picked":"Tiny House"}],"items_purged_floors":[],"is_endless":false,"potions_floor_spawned":[1,11,12,14,20,22],"killed_by":"Gremlin Leader","ascension_level":0}}