{"host":"ben","time":1614049771,"event":{"mods":["AchievementEnabler","BaseMod","Block Reminder","DeckTracker","Highlight Path","Minty Spire (QoL Compilation)","Permanent Neow","Relic Stats","StSLib"],"gold_per_floor":[113,132,145,165,165,196,196,196,196],"floor_reached":8,"language":"ENG","playtime":484,"items_purged":[],"score":116,"play_id":"c90b8384-f43f-4dd2-a071-420bbd462282","local_time":"20210222200931","is_ascension_mode":true,"campfire_choices":[{"data":"After Image","floor":7,"key":"SMITH"}],"circlet_count":0,"master_deck":["AscendersBane","Strike_G","Strike_G","Strike_G","Strike_G","Strike_G+1","Defend_G","Defend_G","Defend_G","Defend_G","Defend_G","Survivor","Neutralize","Leg Sweep","Bane","After Image+1","Blade Dance","Accuracy+1","Deflect"],"relics":["Ring of the Snake","Bottled Flame"],"acts_visited":["Exordium"],"potions_floor_usage":[6,6,8],"damage_taken":[{"damage":13,"enemies":"Cultist","floor":1,"turns":8},{"damage":0,"enemies":"2 Louse","floor":2,"turns":3},{"damage":0,"enemies":"Small Slimes","floor":3,"turns":5},{"damage":0,"enemies":"Blue Slaver","floor":4,"turns":6},{"damage":7,"enemies":"Lagavulin","floor":6,"turns":5},{"damage":30,"enemies":"Gremlin Nob","floor":8,"turns":3}],"seed_played":"-3732552488559124265","potions_obtained":[{"floor":3,"key":"SteroidPotion"},{"floor":4,"key":"CunningPotion"},{"floor":6,"key":"Energy Potion"}],"is_trial":false,"path_per_floor":["M","M","M","M","?","E","R","E"],"character_chosen":"THE_SILENT","items_purchased":[],"campfire_rested":0,"item_purchase_floors":[],"current_hp_per_floor":[46,46,46,46,26,19,19,0,0],"gold":196,"neow_bonus":"THREE_CARDS","is_daily":false,"chose_seed":false,"campfire_upgraded":1,"win_rate":0.0,"timestamp":1614049771,"path_taken":["M","M","M","?","?","E","R","E"],"items_purchased_type":[],"build_version":"2020-12-18","purchased_purges":0,"victory":false,"max_hp_per_floor":[66,66,66,66,66,66,66,66,66],"relic_stats":{"counters":[6,30],"obtain_stats":[{"Bottled Flame":6,"Ring of the Snake":0},{"Bottled Flame":5,"Ring of the Snake":0},{"Bottled Flame":27,"Ring of the Snake":0}],"Ring of the Snake":[12]},"card_choices":[{"not_picked":["Eviscerate","Slice"],"picked":"Leg Sweep","floor":0},{"not_picked":["Underhanded Strike","Outmaneuver"],"picked":"Bane","floor":1},{"not_picked":["Slice","All Out Attack"],"picked":"After Image","floor":2},{"not_picked":["Sucker Punch","PiercingWail"],"picked":"Blade Dance","floor":3},{"not_picked":["Poisoned Stab","Quick Slash"],"picked":"Accuracy","floor":4},{"not_picked":["Acrobatics","Quick Slash"],"picked":"Deflect","floor":6}],"player_experience":7754517,"relics_obtained":[{"floor":6,"key":"Bottled Flame"}],"event_choices":[{"damage_healed":0,"gold_gain":0,"player_choice":"Entered Light","damage_taken":20,"max_hp_gain":0,"max_hp_loss":0,"event_name":"Shining Light","floor":5,"gold_loss":0,"cards_upgraded":["Accuracy","Strike_G"]}],"is_beta":true,"boss_relics":[],"items_purged_floors":[],"is_endless":false,"potions_floor_spawned":[3,4,6],"killed_by":"Gremlin Nob","ascension_level":20}}