{"host":"rhwhcpbwk36iao2l","time":1614110307,"event":{"mods":["BaseMod","Downfall","Minty Spire (QoL Compilation)","StSLib","The Senshi"],"gold_per_floor":[118,135,39,214,234,234,135,155,224,242,242,270,291,309,309,413,463,480,498,35,125,139,139,149,149,149,149,74,74,89,107,107,107,107],"floor_reached":33,"language":"ENG","playtime":3501,"items_purged":["Doubt","Strike_G"],"score":274,"play_id":"2eb50b15-482b-4695-8db6-a854794374f4","local_time":"20210223145827","is_ascension_mode":false,"campfire_choices":[{"data":"Tools of the Trade","floor":6,"key":"SMITH"},{"data":"Blade Dance","floor":11,"key":"SMITH"},{"data":"Caltrops","floor":15,"key":"SMITH"},{"floor":23,"key":"REST"},{"floor":25,"key":"REST"},{"data":"Tools of the Trade","floor":27,"key":"SMITH"},{"data":"Blade Dance","floor":29,"key":"SMITH"},{"data":"Deflect","floor":32,"key":"SMITH"}],"circlet_count":0,"master_deck":["Strike_G","Strike_G","Strike_G","Defend_G","Defend_G","Defend_G","Defend_G","Defend_G+1","Survivor","Neutralize","Deflect","Deflect","Caltrops+1","Flying Knee","Tools of the Trade+1","PiercingWail","Slice","Blade Dance+1","Endless Agony","Acrobatics","Prepared","Tools of the Trade+1","Deflect+1","Dodge and Roll+1","Infinite Blades","Blade Dance+1","Dark Shackles","Finesse","Deflect","Underhanded Strike","Blade Dance","Blur+1"],"relics":["Ring of the Snake","NeowsBlessing","Mummified Hand","Oddly Smooth Stone","Odd Mushroom","Tiny House","Membership Card","Nunchaku","Lantern","Tingsha"],"acts_visited":["Exordium","TheCity"],"potions_floor_usage":[8,16,16,19,33],"damage_taken":[{"damage":0,"enemies":"Cultist","floor":1,"turns":1},{"damage":0,"enemies":"Small Slimes","floor":2,"turns":1},{"damage":0,"enemies":"Jaw Worm","floor":5,"turns":1},{"damage":1,"enemies":"Lots of Slimes","floor":8,"turns":5},{"damage":0,"enemies":"Blue Slaver","floor":10,"turns":4},{"damage":17,"enemies":"Gremlin Nob","floor":12,"turns":5},{"damage":9,"enemies":"The Mushroom Lair","floor":13,"turns":4},{"damage":0,"enemies":"2 Fungi Beasts","floor":14,"turns":3},{"damage":9,"enemies":"Hexaghost","floor":16,"turns":9},{"damage":5,"enemies":"3 Byrds","floor":18,"turns":4},{"damage":22,"enemies":"Spheric Guardian","floor":19,"turns":6},{"damage":6,"enemies":"Snecko","floor":22,"turns":6},{"damage":15,"enemies":"Snake Plant","floor":24,"turns":7},{"damage":12,"enemies":"Chosen and Byrds","floor":30,"turns":7},{"damage":5,"enemies":"Shelled Parasite and Fungi","floor":31,"turns":5},{"damage":30,"enemies":"Champ","floor":33,"turns":14}],"seed_played":"8213637574694018193","potions_obtained":[{"floor":5,"key":"EssenceOfSteel"},{"floor":8,"key":"Dexterity Potion"},{"floor":10,"key":"Strength Potion"},{"floor":13,"key":"SneckoOil"},{"floor":14,"key":"Energy Potion"},{"floor":17,"key":"Energy Potion"},{"floor":18,"key":"Poison Potion"},{"floor":30,"key":"sneckomod:MuddlingPotion"}],"is_trial":false,"path_per_floor":["M","M","$","?","M","R","$","M","T","M","R","E","?","M","R","B",null,"M","M","$","?","M","R","M","R","T","R","?","R","M","M","R","B"],"character_chosen":"THE_SILENT","items_purchased":["Caltrops","Flying Knee","PiercingWail","Membership Card","Nunchaku","Infinite Blades","Blade Dance","Lantern"],"campfire_rested":2,"item_purchase_floors":[3,3,7,20,20,20,20,20],"current_hp_per_floor":[70,70,70,70,70,70,70,69,69,69,69,52,43,43,43,34,75,70,48,48,23,17,39,24,46,46,46,46,46,34,29,29,0,0],"gold":107,"neow_bonus":"THREE_ENEMY_KILL","is_daily":false,"chose_seed":false,"campfire_upgraded":6,"win_rate":0.0,"timestamp":1614110307,"path_taken":["M","?","$","?","M","R","?","M","T","?","R","E","?","M","R","BOSS","M","M","$","?","M","R","?","R","T","R","?","R","M","M","R","BOSS"],"items_purchased_type":["Card","Card","Card","Relic","Relic","Card","Card","Relic"],"build_version":"2020-12-22","purchased_purges":2,"victory":false,"max_hp_per_floor":[70,70,70,70,70,70,70,70,70,70,70,70,70,70,70,70,75,75,75,75,75,75,75,75,75,75,75,75,75,75,75,75,75,75],"card_choices":[{"not_picked":["Outmaneuver","Deadly Poison"],"picked":"Deflect","floor":1},{"not_picked":["Eviscerate","Deadly Poison"],"picked":"Deflect","floor":2},{"not_picked":["Predator","Quick Slash"],"picked":"Tools of the Trade","floor":5},{"not_picked":["Leg Sweep","Quick Slash"],"picked":"Slice","floor":8},{"not_picked":["Reflex","Flying Knee"],"picked":"Blade Dance","floor":10},{"not_picked":["Dagger Spray","Night Terror"],"picked":"Endless Agony","floor":12},{"not_picked":["Sucker Punch","Dagger Throw"],"picked":"Acrobatics","floor":13},{"not_picked":["Tactician","Crippling Poison"],"picked":"Prepared","floor":14},{"not_picked":["Die Die Die","Night Terror"],"picked":"Tools of the Trade","floor":16},{"not_picked":["PiercingWail","Dash"],"picked":"Deflect","floor":17},{"not_picked":["Predator","Choke","Acrobatics"],"picked":"SKIP","floor":18},{"not_picked":["Predator+1","Prepared"],"picked":"Dodge and Roll+1","floor":19},{"not_picked":["Prepared","Dodge and Roll"],"picked":"Deflect","floor":22},{"not_picked":["Well Laid Plans","Tactician"],"picked":"Underhanded Strike","floor":24},{"not_picked":["Quick Slash","Glass Knife"],"picked":"Blade Dance","floor":30},{"not_picked":["Heel Hook","Dagger Spray"],"picked":"Blur+1","floor":31}],"player_experience":26511,"relics_obtained":[{"floor":9,"key":"Mummified Hand"},{"floor":12,"key":"Oddly Smooth Stone"},{"floor":13,"key":"Odd Mushroom"},{"floor":26,"key":"Tingsha"}],"event_choices":[{"damage_healed":0,"gold_gain":175,"player_choice":"AGREE","damage_taken":0,"max_hp_gain":0,"max_hp_loss":0,"event_name":"Liars Game","floor":4,"gold_loss":0,"cards_obtained":["Doubt"]},{"damage_healed":0,"gold_gain":0,"player_choice":"Fought Mushrooms","damage_taken":0,"max_hp_gain":0,"max_hp_loss":0,"event_name":"Mushrooms","floor":13,"gold_loss":0},{"damage_healed":0,"gold_gain":90,"player_choice":"CARD GOLD CARD ","damage_taken":25,"max_hp_gain":0,"max_hp_loss":0,"event_name":"Knowing Skull","floor":21,"potions_obtained":[],"gold_loss":0,"cards_obtained":["Dark Shackles","Finesse"]},{"cards_removed":["Strike_G"],"damage_healed":0,"gold_gain":0,"player_choice":"Gave Gold","damage_taken":0,"max_hp_gain":0,"max_hp_loss":0,"event_name":"Beggar","floor":28,"gold_loss":75}],"is_beta":false,"boss_relics":[{"not_picked":["Calling Bell","Astrolabe"],"picked":"Tiny House"}],"items_purged_floors":[7,20],"is_endless":false,"potions_floor_spawned":[5,8,10,13,14,18,30],"killed_by":"Champ","ascension_level":0}}