{"host":"dkr0dog13pegamnp","time":1614075967,"event":{"mods":["AchievementEnabler","BaseMod","Minty Spire (QoL Compilation)","Rare Cards Sparkle","StSLib","SuperFastMode","everything is the same but u backflip on backflip"],"gold_per_floor":[111,131,131,131,9,37,37,54,54,66,66,66,78,78,78,151,151,165,179,194,109,123,123,138,155,180,180,195,195,230,330,330,407,407,417,434,161,175,195,195,195],"floor_reached":40,"language":"KOR","playtime":1592,"items_purged":["Strike_G"],"score":804,"play_id":"619165f0-ab01-4166-a967-c3ba370d8a01","local_time":"20210223192607","is_ascension_mode":true,"campfire_choices":[{"data":"Noxious Fumes","floor":7.0,"key":"SMITH"},{"data":"Blade Dance","floor":11.0,"key":"SMITH"},{"data":"Finisher","floor":15.0,"key":"SMITH"},{"data":"Deadly Poison","floor":23.0,"key":"SMITH"},{"data":"Acrobatics","floor":27.0,"key":"SMITH"},{"data":"Cloak And Dagger","floor":32.0,"key":"SMITH"}],"circlet_count":0,"master_deck":["AscendersBane","Defend_G","Defend_G","Defend_G","Defend_G","Defend_G+1","Survivor","Neutralize","Noxious Fumes+1","Acrobatics+1","Deadly Poison+1","Blade Dance+1","After Image+1","Finisher+1","After Image+1","Venomology+1","Heel Hook+1","Setup+1","Escape Plan","A Thousand Cuts+1","PiercingWail+1","Cloak And Dagger+1","Wraith Form v2+1"],"relics":["Ring of the Snake","NeowsBlessing","Kunai","Frozen Egg 2","Centennial Puzzle","Meat on the Bone","Astrolabe","Strawberry","Oddly Smooth Stone","Ninja Scroll","Shovel","Pantograph","Black Star","Membership Card","Sundial"],"acts_visited":["Exordium","TheCity","TheBeyond"],"potions_floor_usage":[35,36,36,38,39,40,40],"damage_taken":[{"damage":0.0,"enemies":"2 Louse","floor":1.0,"turns":1.0},{"damage":0.0,"enemies":"Jaw Worm","floor":2.0,"turns":1.0},{"damage":0.0,"enemies":"3 Sentries","floor":6.0,"turns":2.0},{"damage":2.0,"enemies":"Cultist","floor":8.0,"turns":4.0},{"damage":1.0,"enemies":"Exordium Thugs","floor":10.0,"turns":4.0},{"damage":2.0,"enemies":"2 Fungi Beasts","floor":13.0,"turns":3.0},{"damage":13.0,"enemies":"The Guardian","floor":16.0,"turns":9.0},{"damage":0.0,"enemies":"Shell Parasite","floor":18.0,"turns":5.0},{"damage":4.0,"enemies":"2 Thieves","floor":19.0,"turns":5.0},{"damage":0.0,"enemies":"Centurion and Healer","floor":20.0,"turns":9.0},{"damage":2.0,"enemies":"Sentry and Sphere","floor":22.0,"turns":6.0},{"damage":4.0,"enemies":"Snake Plant","floor":24.0,"turns":4.0},{"damage":38.0,"enemies":"Cultist and Chosen","floor":25.0,"turns":8.0},{"damage":0.0,"enemies":"Centurion and Healer","floor":28.0,"turns":5.0},{"damage":4.0,"enemies":"Slavers","floor":30.0,"turns":5.0},{"damage":3.0,"enemies":"Colosseum Slavers","floor":31.0,"turns":5.0},{"damage":1.0,"enemies":"Colosseum Nobs","floor":31.0,"turns":4.0},{"damage":0.0,"enemies":"Champ","floor":33.0,"turns":11.0},{"damage":19,"enemies":"3 Darklings","floor":35,"turns":6},{"damage":16,"enemies":"3 Shapes","floor":36,"turns":7},{"damage":0,"enemies":"Jaw Worm Horde","floor":38,"turns":7},{"damage":12,"enemies":"Sphere and 2 Shapes","floor":39,"turns":6},{"damage":48,"enemies":"Nemesis","floor":40,"turns":9}],"seed_played":"3419223317078425956","potions_obtained":[{"floor":2.0,"key":"BlessingOfTheForge"},{"floor":6.0,"key":"Block Potion"},{"floor":8.0,"key":"Energy Potion"},{"floor":18.0,"key":"SneckoOil"},{"floor":22.0,"key":"SmokeBomb"},{"floor":25.0,"key":"FairyPotion"},{"floor":28.0,"key":"GhostInAJar"},{"floor":30.0,"key":"Swift Potion"},{"floor":35,"key":"Weak Potion"},{"floor":36,"key":"PowerPotion"}],"is_trial":false,"path_per_floor":["M","M","?","?","$","E","R","M","T","M","R","T","M","?","R","B",null,"M","M","M","?","M","R","M","M","T","R","M","?","E","?","R","B",null,"M","M","$","M","M","E"],"character_chosen":"THE_SILENT","items_purchased":["Deadly Poison","Membership Card","Sundial"],"campfire_rested":0,"item_purchase_floors":[5,37,37],"current_hp_per_floor":[63,63,49,49,49,49,49,47,47,46,46,46,44,19,19,18,57,57,53,53,60,58,58,54,28,28,28,40,26,34,42,42,67,78,59,43,43,43,43,0,0],"gold":195,"neow_bonus":"THREE_ENEMY_KILL","is_daily":false,"chose_seed":false,"campfire_upgraded":6,"win_rate":0.0,"timestamp":1614075967,"path_taken":["M","M","?","?","$","E","R","M","T","?","R","?","M","?","R","BOSS","M","M","M","?","M","R","M","M","T","R","M","?","E","?","R","BOSS","BOSS","M","M","$","M","M","E"],"items_purchased_type":["Card","Relic","Relic"],"build_version":"2020-12-22","purchased_purges":1,"victory":false,"max_hp_per_floor":[70,70,70,70,70,70,70,70,70,70,70,70,70,70,70,70,70,70,70,70,77,77,77,77,77,77,77,77,82,82,82,82,82,82,82,82,82,82,82,82,82],"card_choices":[{"not_picked":["Deadly Poison","Slice"],"picked":"Noxious Fumes","floor":1.0},{"not_picked":["Cloak And Dagger","Masterful Stab"],"picked":"Acrobatics","floor":2.0},{"not_picked":["Doppelganger","Acrobatics","Dagger Spray"],"picked":"SKIP","floor":6.0},{"not_picked":["Crippling Poison","Backflip"],"picked":"Blade Dance","floor":8.0},{"not_picked":["Sucker Punch","Well Laid Plans+1"],"picked":"After Image+1","floor":10.0},{"not_picked":["Acrobatics","Poisoned Stab"],"picked":"Finisher","floor":13.0},{"not_picked":["Burst","Die Die Die"],"picked":"After Image+1","floor":16.0},{"not_picked":["Reflex","Quick Slash","Dagger Throw"],"picked":"SKIP","floor":18.0},{"not_picked":["Deadly Poison","Sucker Punch","PiercingWail"],"picked":"SKIP","floor":19.0},{"not_picked":["Dagger Throw","Leg Sweep","All Out Attack"],"picked":"SKIP","floor":20.0},{"not_picked":["Heel Hook","Underhanded Strike"],"picked":"Escape Plan","floor":22.0},{"not_picked":["Reflex","Deadly Poison","Infinite Blades+1"],"picked":"SKIP","floor":24.0},{"not_picked":["Poisoned Stab","Masterful Stab"],"picked":"A Thousand Cuts+1","floor":25.0},{"not_picked":["Bouncing Flask","Bane"],"picked":"PiercingWail+1","floor":28.0},{"not_picked":["Malaise","Dagger Throw","All Out Attack"],"picked":"SKIP","floor":30.0},{"not_picked":["Sucker Punch","Poisoned Stab"],"picked":"Cloak And Dagger","floor":31.0},{"not_picked":["Grand Finale","After Image+1"],"picked":"Wraith Form v2+1","floor":33},{"not_picked":["PiercingWail","Dagger Throw","Riddle With Holes"],"picked":"SKIP","floor":35},{"not_picked":["Flying Knee","PiercingWail","Caltrops+1"],"picked":"SKIP","floor":36},{"not_picked":["Well Laid Plans+1","PiercingWail","Deadly Poison+1"],"picked":"SKIP","floor":38},{"not_picked":["Sucker Punch","Underhanded Strike","Slice+1"],"picked":"SKIP","floor":39}],"player_experience":97150,"relics_obtained":[{"floor":6.0,"key":"Kunai"},{"floor":9.0,"key":"Frozen Egg 2"},{"floor":12.0,"key":"Centennial Puzzle"},{"floor":26.0,"key":"Oddly Smooth Stone"},{"floor":30.0,"key":"Ninja Scroll"},{"floor":31.0,"key":"Shovel"},{"floor":31.0,"key":"Pantograph"}],"event_choices":[{"damage_healed":0.0,"max_hp_gain":0.0,"max_hp_loss":0.0,"gold_gain":0.0,"event_name":"Shining Light","player_choice":"Entered Light","floor":3.0,"gold_loss":0.0,"damage_taken":14.0,"cards_upgraded":["Defend_G","Strike_G"]},{"cards_removed":["Strike_G"],"damage_healed":0.0,"max_hp_gain":0.0,"max_hp_loss":0.0,"gold_gain":0.0,"event_name":"Purifier","player_choice":"Purged","floor":4.0,"gold_loss":0.0,"damage_taken":0.0},{"damage_healed":0.0,"max_hp_gain":0.0,"max_hp_loss":0.0,"gold_gain":0.0,"event_name":"Scrap Ooze","player_choice":"Success","floor":14.0,"gold_loss":0.0,"damage_taken":25.0,"relics_obtained":["Meat on the Bone"]},{"damage_healed":0.0,"max_hp_gain":0.0,"max_hp_loss":0.0,"gold_gain":0.0,"event_name":"Addict","player_choice":"Obtained Relic","floor":21.0,"gold_loss":85.0,"damage_taken":0.0,"relics_obtained":["Strawberry"]},{"damage_healed":0.0,"max_hp_gain":5.0,"max_hp_loss":0.0,"gold_gain":0.0,"event_name":"Forgotten Altar","player_choice":"Shed Blood","floor":29.0,"gold_loss":0.0,"damage_taken":19.0},{"damage_healed":0.0,"max_hp_gain":0.0,"max_hp_loss":0.0,"gold_gain":0.0,"event_name":"Colosseum","player_choice":"Fight","floor":31.0,"gold_loss":0.0,"damage_taken":0.0},{"damage_healed":0.0,"max_hp_gain":0.0,"max_hp_loss":0.0,"gold_gain":0.0,"event_name":"Colosseum","player_choice":"Fought Nobs","floor":31.0,"gold_loss":0.0,"damage_taken":0.0}],"is_beta":false,"boss_relics":[{"not_picked":["SlaversCollar","Calling Bell"],"picked":"Astrolabe"},{"not_picked":["Sozu","Pandora\u0027s Box"],"picked":"Black Star"}],"items_purged_floors":[5],"is_endless":false,"potions_floor_spawned":[2,6,8,18,22,25,28,30,31,35,36],"killed_by":"Nemesis","ascension_level":13}}