{"host":"tf5skwcwe0vlu2md","time":1614080171,"event":{"mods":["BaseMod","Downfall","Highlight Path","Minty Spire (QoL Compilation)","Quick Restart","StSLib","The Hierophant"],"gold_per_floor":[112,112,112,128,93,131,131,131,180,205,205,205],"floor_reached":11,"playtime":499,"items_purged":[],"score":85,"play_id":"166e648b-15b8-498f-a8f0-431c97da64dc","local_time":"20210223223611","is_ascension_mode":true,"campfire_choices":[{"data":"Zap","floor":7,"key":"SMITH"}],"circlet_count":0,"master_deck":["Strike_B","Strike_B","Strike_B+1","Strike_B+1","Defend_B","Defend_B","Defend_B","Defend_B","Zap+1","Dualcast","Coolheaded","Injury","Turbo","Loop"],"relics":["Nuclear Battery","Golden Idol","Pantograph","Whetstone"],"acts_visited":["Exordium"],"potions_floor_usage":[4],"damage_taken":[{"damage":9,"enemies":"Jaw Worm","floor":1,"turns":4},{"damage":1,"enemies":"2 Louse","floor":4,"turns":3},{"damage":71,"enemies":"Gremlin Nob","floor":6,"turns":6},{"damage":0,"enemies":"Cultist","floor":10,"turns":4},{"damage":21,"enemies":"Lagavulin","floor":11,"turns":3}],"seed_played":"8009144714471954164","potions_obtained":[{"floor":4,"key":"Fruit Juice"},{"floor":6,"key":"FearPotion"}],"is_trial":false,"path_per_floor":["M","?","?","M","?","E","R","$","T","M","E"],"character_chosen":"DEFECT","items_purchased":[],"campfire_rested":0,"item_purchase_floors":[],"current_hp_per_floor":[66,66,71,75,85,14,14,14,14,14,0,0],"gold":205,"neow_bonus":"BOSS_RELIC","is_daily":false,"chose_seed":false,"campfire_upgraded":1,"win_rate":0.0,"timestamp":1614080171,"path_taken":["M","?","?","M","?","E","R","?","T","?","E"],"items_purchased_type":[],"build_version":"2020-12-13","purchased_purges":0,"victory":false,"max_hp_per_floor":[75,75,80,85,85,85,85,85,85,85,85,85],"card_choices":[{"not_picked":["Sweeping Beam","Aggregate"],"picked":"Coolheaded","floor":1},{"not_picked":["Genetic Algorithm","Static Discharge","Beam Cell"],"picked":"SKIP","floor":4},{"not_picked":["Steam","Gash"],"picked":"Turbo","floor":6},{"not_picked":["Tempest","Go for the Eyes"],"picked":"Loop","floor":10}],"player_experience":320461,"relics_obtained":[{"floor":6,"key":"Pantograph"},{"floor":9,"key":"Whetstone"}],"event_choices":[{"damage_healed":0,"gold_gain":0,"player_choice":"Take Wound","damage_taken":0,"relics_obtained":["Golden Idol"],"max_hp_gain":0,"max_hp_loss":0,"event_name":"Golden Idol","floor":2,"gold_loss":0,"cards_obtained":["Injury"]},{"damage_healed":0,"gold_gain":0,"player_choice":"Donut","damage_taken":0,"max_hp_gain":5,"max_hp_loss":0,"event_name":"Big Fish","floor":3,"gold_loss":0},{"damage_healed":21,"gold_gain":0,"player_choice":"Healed","damage_taken":0,"max_hp_gain":0,"max_hp_loss":0,"event_name":"The Cleric","floor":5,"gold_loss":35}],"is_beta":false,"boss_relics":[],"items_purged_floors":[],"is_endless":false,"potions_floor_spawned":[4,6],"killed_by":"Lagavulin","ascension_level":4}}