{"host":"42xf941fomyavgzy","time":1614084507,"event":{"mods":["Act Like it!","Astrologer","BaseMod","Colored Map","DeckTracker","Minty Spire (QoL Compilation)","Shop Mod","StSLib","SuperFastMode","The Cursed"],"gold_per_floor":[113,127,127,202,213,213,224,224,224,251,268,54,54,54,54,54,54],"floor_reached":16,"language":"JPN","playtime":559,"items_purged":["Strike_R"],"score":145,"play_id":"48004f6c-8d7c-4b4c-9ba9-e0c1d47698d0","local_time":"20210223214827","is_ascension_mode":true,"campfire_choices":[{"data":"Whirlwind","floor":6,"key":"SMITH"},{"data":"Carnage","floor":8,"key":"SMITH"},{"data":"Barricade","floor":13,"key":"SMITH"},{"data":"True Grit","floor":15,"key":"SMITH"}],"circlet_count":0,"master_deck":["Strike_R","Strike_R","Strike_R","Strike_R","Defend_R","Defend_R","Defend_R","Defend_R","Bash","Barricade+1","Carnage+1","True Grit+1","Whirlwind+1","Warcry","Disarm","Shrug It Off","Seeing Red"],"relics":["Burning Blood","Eternal Feather","Shovel"],"acts_visited":["Exordium"],"potions_floor_usage":[7],"damage_taken":[{"damage":2,"enemies":"Small Slimes","floor":1,"turns":4},{"damage":1,"enemies":"2 Louse","floor":2,"turns":3},{"damage":7,"enemies":"Jaw Worm","floor":5,"turns":4},{"damage":0,"enemies":"3 Louse","floor":7,"turns":1},{"damage":32,"enemies":"Gremlin Nob","floor":10,"turns":4},{"damage":1,"enemies":"Exordium Thugs","floor":11,"turns":4},{"damage":106,"enemies":"Hexaghost","floor":16,"turns":16}],"seed_played":"-2391453779255548950","potions_obtained":[{"floor":1,"key":"AttackPotion"},{"floor":5,"key":"CultistPotion"}],"is_trial":false,"path_per_floor":["M","M","?","?","M","R","M","R","T","E","M","$","R","$","R","B"],"character_chosen":"IRONCLAD","items_purchased":["FairyPotion","Seeing Red"],"campfire_rested":0,"item_purchase_floors":[12,12],"current_hp_per_floor":[76,80,85,74,73,73,79,79,79,53,58,58,67,67,76,0,0],"gold":54,"neow_bonus":"ONE_RANDOM_RARE_CARD","is_daily":false,"chose_seed":false,"campfire_upgraded":4,"win_rate":0.0,"timestamp":1614084507,"path_taken":["M","M","?","?","M","R","M","R","T","E","M","$","R","$","R","BOSS"],"items_purchased_type":["Potion","Card"],"build_version":"2020-12-22","purchased_purges":1,"victory":false,"max_hp_per_floor":[80,80,85,85,85,85,85,85,85,85,85,85,85,85,85,85,85],"card_choices":[{"not_picked":["Sword Boomerang","Fire Breathing"],"picked":"Carnage","floor":1},{"not_picked":["Clothesline","Heavy Blade"],"picked":"True Grit","floor":2},{"not_picked":["Reckless Charge","Twin Strike"],"picked":"Whirlwind","floor":5},{"not_picked":["Clash","True Grit"],"picked":"Warcry","floor":7},{"not_picked":["Body Slam","Thunderclap"],"picked":"Disarm","floor":10},{"not_picked":["Clash","Warcry"],"picked":"Shrug It Off","floor":11}],"player_experience":510620,"relics_obtained":[{"floor":9,"key":"Eternal Feather"},{"floor":10,"key":"Shovel"}],"event_choices":[{"damage_healed":0,"gold_gain":0,"player_choice":"Donut","damage_taken":0,"max_hp_gain":5,"max_hp_loss":0,"event_name":"Big Fish","floor":3,"gold_loss":0},{"damage_healed":0,"gold_gain":75,"player_choice":"Gather Gold","damage_taken":11,"max_hp_gain":0,"max_hp_loss":0,"event_name":"World of Goop","floor":4,"gold_loss":0}],"is_beta":false,"boss_relics":[],"items_purged_floors":[12],"is_endless":false,"potions_floor_spawned":[1,5],"killed_by":"Hexaghost","ascension_level":9}}