{"host":"uonldg9uriwfhjjx","time":1614062391,"event":{"mods":["AchievementEnabler","BaseMod","Colored Map","Colored Powertips","Curses Come First","Highlight Path","Minty Spire (QoL Compilation)","Rare Cards Sparkle","Relic Stats","StSLib","The Cursed","The Marked"],"gold_per_floor":[112,29,29,39,39,39,52,66,144,144,157,172,172,172,172,245,245,261,271,271,271,286,319,319,319,372,372,140,140,158,171,171,248,248,265,279,294,648,673,673,706,720,788,823,823,318,318,346,346,346],"floor_reached":51,"language":"ENG","playtime":1548,"items_purged":["Strike_G","Strike_G"],"score":1503,"play_id":"de26bb0f-8f6a-4c63-903c-375f9ac73c52","local_time":"20210223013951","is_ascension_mode":true,"campfire_choices":[{"floor":6.0,"key":"REST"},{"data":"Blade Dance","floor":10.0,"key":"SMITH"},{"floor":13.0,"key":"REST"},{"data":"Blade Dance","floor":15.0,"key":"SMITH"},{"floor":25,"key":"REST"},{"data":"Blade Dance","floor":27,"key":"SMITH"},{"floor":32,"key":"REST"},{"data":"Adrenaline","floor":40,"key":"SMITH"},{"data":"Secret Technique","floor":49,"key":"SMITH"}],"circlet_count":0,"master_deck":["AscendersBane","Defend_G","Defend_G","Defend_G","Defend_G","Survivor","Neutralize","Phantasmal Killer","Accuracy","Quick Slash","Blade Dance+1","Accuracy","Blade Dance+1","PiercingWail","Adrenaline+1","Poisoned Stab+1","Accuracy+1","Wraith Form v2+1","Accuracy","Blade Dance+1","Blade Dance+1","Calculated Gamble","Escape Plan","Adrenaline","Backflip","Footwork","Blur+1","Escape Plan","Secret Technique+1"],"relics":["Ring of the Snake","Bag of Preparation","HornCleat","Mercury Hourglass","Astrolabe","Bird Faced Urn","Pen Nib","Oddly Smooth Stone","Nilry\u0027s Codex","Sozu","Old Coin","StoneCalendar","Omamori","Shuriken","Orichalcum","Prayer Wheel","Juzu Bracelet"],"acts_visited":["Exordium","TheCity","TheBeyond"],"potions_floor_usage":[18,23,33,38],"damage_taken":[{"damage":1.0,"enemies":"Small Slimes","floor":1.0,"turns":4.0},{"damage":2.0,"enemies":"Jaw Worm","floor":4.0,"turns":5.0},{"damage":0.0,"enemies":"2 Louse","floor":7.0,"turns":3.0},{"damage":0.0,"enemies":"Large Slime","floor":8.0,"turns":4.0},{"damage":6.0,"enemies":"Looter","floor":11.0,"turns":2.0},{"damage":10.0,"enemies":"Exordium Thugs","floor":12.0,"turns":5.0},{"damage":30.0,"enemies":"Slime Boss","floor":16.0,"turns":7.0},{"damage":0,"enemies":"3 Byrds","floor":18,"turns":2},{"damage":7,"enemies":"Chosen","floor":19,"turns":4},{"damage":1,"enemies":"Centurion and Healer","floor":22,"turns":2},{"damage":24,"enemies":"Book of Stabbing","floor":23,"turns":4},{"damage":15,"enemies":"Shelled Parasite and Fungi","floor":30,"turns":2},{"damage":0,"enemies":"Snake Plant","floor":31,"turns":3},{"damage":25,"enemies":"Champ","floor":33,"turns":5},{"damage":0,"enemies":"Orb Walker","floor":35,"turns":2},{"damage":0,"enemies":"3 Darklings","floor":36,"turns":2},{"damage":0,"enemies":"Transient","floor":37,"turns":6},{"damage":0,"enemies":"2 Orb Walkers","floor":38,"turns":2},{"damage":10,"enemies":"Mind Bloom Boss Battle","floor":39,"turns":4},{"damage":3,"enemies":"Nemesis","floor":41,"turns":3},{"damage":0,"enemies":"Maw","floor":42,"turns":3},{"damage":4,"enemies":"Reptomancer","floor":44,"turns":3},{"damage":0,"enemies":"Giant Head","floor":48,"turns":2},{"damage":18,"enemies":"Donu and Deca","floor":50,"turns":4}],"seed_played":"2601534861366658234","potions_obtained":[{"floor":8.0,"key":"FairyPotion"},{"floor":11.0,"key":"LiquidMemories"},{"floor":18,"key":"Block Potion"},{"floor":22,"key":"CultistPotion"},{"floor":30,"key":"AttackPotion"},{"floor":33,"key":"CunningPotion"}],"is_trial":false,"path_per_floor":["M","$","?","M","T","R","M","M","T","R","M","M","R","?","R","B",null,"M","M","?","?","M","E","?","R","T","R","$","?","M","M","R","B",null,"M","M","M","?","?","R","E","M","T","E","?","$","?","E","R","B",null],"character_chosen":"THE_SILENT","items_purchased":["Accuracy","Oddly Smooth Stone","Escape Plan","Prayer Wheel"],"campfire_rested":4,"item_purchase_floors":[2,28,46,46],"current_hp_per_floor":[58,58,13,11,11,30,30,30,30,30,24,14,33,38,38,8,55,55,48,48,48,47,23,23,44,44,44,44,23,10,16,37,20,58,64,70,71,71,63,63,70,71,71,69,69,69,69,71,71,57],"gold":346,"neow_bonus":"ONE_RANDOM_RARE_CARD","is_daily":false,"chose_seed":false,"campfire_upgraded":5,"win_rate":0.0,"timestamp":1614062391,"path_taken":["M","$","?","M","?","R","M","M","T","R","M","M","R","?","R","BOSS","M","M","?","?","?","E","?","R","T","R","$","?","M","M","R","BOSS","M","M","M","?","?","R","E","M","T","E","?","$","?","E","R","BOSS"],"items_purchased_type":["Card","Relic","Card","Relic"],"build_version":"2020-12-22","purchased_purges":2,"victory":true,"max_hp_per_floor":[66,66,66,66,66,66,66,66,66,66,66,66,66,71,71,71,71,71,71,71,71,71,71,71,71,71,71,71,71,71,71,71,71,71,71,71,71,71,71,71,71,71,71,71,71,71,71,71,71,71],"relic_stats":{"counters":[24,82],"Astrolabe":["Poisoned Stab","Accuracy","Wraith Form v2"],"StoneCalendar":[0],"Pen Nib":[18],"Bag of Preparation":[46],"Juzu Bracelet":0,"Orichalcum":[6],"Mercury Hourglass":[262],"Sozu":4,"Shuriken":[15],"Bird Faced Urn":[50],"Prayer Wheel":0,"obtain_stats":[{"Nilry\u0027s Codex":29,"Astrolabe":17,"Oddly Smooth Stone":28,"StoneCalendar":39,"Pen Nib":26,"Bag of Preparation":3,"Omamori":41,"Juzu Bracelet":48,"Orichalcum":44,"Mercury Hourglass":9,"Old Coin":38,"Sozu":34,"HornCleat":5,"Shuriken":43,"Bird Faced Urn":23,"Prayer Wheel":46,"Ring of the Snake":0},{"Nilry\u0027s Codex":11,"Astrolabe":7,"Oddly Smooth Stone":11,"StoneCalendar":19,"Pen Nib":11,"Bag of Preparation":1,"Omamori":20,"Juzu Bracelet":23,"Orichalcum":22,"Mercury Hourglass":4,"Old Coin":18,"Sozu":14,"HornCleat":2,"Shuriken":21,"Bird Faced Urn":11,"Prayer Wheel":22,"Ring of the Snake":0},{"Nilry\u0027s Codex":42,"Astrolabe":30,"Oddly Smooth Stone":42,"StoneCalendar":67,"Pen Nib":42,"Bag of Preparation":4,"Omamori":70,"Juzu Bracelet":78,"Orichalcum":76,"Mercury Hourglass":16,"Old Coin":63,"Sozu":51,"HornCleat":9,"Shuriken":73,"Bird Faced Urn":42,"Prayer Wheel":76,"Ring of the Snake":0}],"Ring of the Snake":[48]},"card_choices":[{"not_picked":["Outmaneuver","Deflect","Skewer"],"picked":"SKIP","floor":1.0},{"not_picked":["Dagger Throw","Underhanded Strike"],"picked":"Quick Slash","floor":4.0},{"not_picked":["Outmaneuver","Backflip"],"picked":"Blade Dance","floor":7.0},{"not_picked":["Dagger Throw","Deadly Poison"],"picked":"Accuracy","floor":8.0},{"not_picked":["Venomology","Acrobatics"],"picked":"Blade Dance","floor":11.0},{"not_picked":["Distraction","Quick Slash"],"picked":"PiercingWail","floor":12.0},{"not_picked":["Tools of the Trade","Venomology"],"picked":"Adrenaline","floor":16.0},{"not_picked":["Flying Knee","Poisoned Stab","Finisher+1"],"picked":"SKIP","floor":18},{"not_picked":["Dodge and Roll","Dagger Spray+1"],"picked":"Accuracy","floor":19},{"not_picked":["Outmaneuver","Deadly Poison+1","Acrobatics"],"picked":"SKIP","floor":22},{"not_picked":["Bouncing Flask","Caltrops"],"picked":"Blade Dance","floor":23},{"not_picked":["Quick Slash","Tactician+1"],"picked":"Calculated Gamble","floor":30},{"not_picked":["Dodge and Roll","Dagger Spray"],"picked":"Escape Plan","floor":31},{"not_picked":["Venomology","Unload"],"picked":"Adrenaline","floor":33},{"not_picked":["Endless Agony","Predator"],"picked":"Backflip","floor":35},{"not_picked":["Well Laid Plans","Quick Slash","Expertise"],"picked":"SKIP","floor":36},{"not_picked":["Quick Slash","Dagger Throw","Backflip"],"picked":"SKIP","floor":37},{"not_picked":["Phantasmal Killer","Finisher+1"],"picked":"Footwork","floor":41},{"not_picked":["Quick Slash","Endless Agony"],"picked":"Blur+1","floor":42},{"not_picked":["Quick Slash+1","Outmaneuver","Poisoned Stab"],"picked":"SKIP","floor":44},{"not_picked":["Forethought","Bandage Up"],"picked":"Secret Technique","floor":47},{"not_picked":["Dodge and Roll","Tactician","Backstab"],"picked":"SKIP","floor":48}],"player_experience":833917,"relics_obtained":[{"floor":5.0,"key":"HornCleat"},{"floor":9.0,"key":"Mercury Hourglass"},{"floor":23,"key":"Bird Faced Urn"},{"floor":26,"key":"Pen Nib"},{"floor":29,"key":"Nilry\u0027s Codex"},{"floor":38,"key":"Old Coin"},{"floor":39,"key":"StoneCalendar"},{"floor":41,"key":"Omamori"},{"floor":43,"key":"Shuriken"},{"floor":44,"key":"Orichalcum"},{"floor":48,"key":"Juzu Bracelet"}],"event_choices":[{"damage_healed":0.0,"max_hp_gain":0.0,"max_hp_loss":0.0,"gold_gain":0.0,"event_name":"Scrap Ooze","player_choice":"Success","floor":3.0,"gold_loss":0.0,"damage_taken":45.0,"relics_obtained":["Bag of Preparation"]},{"damage_healed":0.0,"max_hp_gain":5.0,"max_hp_loss":0.0,"gold_gain":0.0,"event_name":"Big Fish","player_choice":"Donut","floor":14.0,"gold_loss":0.0,"damage_taken":0.0},{"cards_removed":["Strike_G"],"damage_healed":0,"gold_gain":0,"player_choice":"Elegance","damage_taken":0,"max_hp_gain":0,"max_hp_loss":0,"event_name":"Back to Basics","floor":20,"gold_loss":0},{"damage_healed":0,"gold_gain":0,"player_choice":"Copied","damage_taken":0,"max_hp_gain":0,"max_hp_loss":0,"event_name":"Duplicator","floor":21,"gold_loss":0,"cards_obtained":["Blade Dance"]},{"damage_healed":0,"gold_gain":0,"player_choice":"Ignored","damage_taken":0,"max_hp_gain":0,"max_hp_loss":0,"event_name":"Vampires","floor":24,"gold_loss":0},{"damage_healed":0,"gold_gain":0,"player_choice":"Obtained Book","damage_taken":21,"max_hp_gain":0,"max_hp_loss":0,"event_name":"Cursed Tome","floor":29,"gold_loss":0},{"damage_healed":0,"gold_gain":0,"player_choice":"Fight","damage_taken":0,"max_hp_gain":0,"max_hp_loss":0,"event_name":"Mysterious Sphere","floor":38,"gold_loss":0},{"damage_healed":0,"gold_gain":0,"player_choice":"Fight","damage_taken":0,"max_hp_gain":0,"max_hp_loss":0,"event_name":"MindBloom","floor":39,"gold_loss":0},{"damage_healed":0,"gold_gain":0,"player_choice":"Ignored","damage_taken":0,"max_hp_gain":0,"max_hp_loss":0,"event_name":"Tomb of Lord Red Mask","floor":45,"gold_loss":0},{"damage_healed":0,"gold_gain":0,"player_choice":"Memory 1","damage_taken":0,"max_hp_gain":0,"max_hp_loss":0,"event_name":"SensoryStone","floor":47,"gold_loss":0}],"is_beta":false,"boss_relics":[{"not_picked":["Tiny House","Coffee Dripper"],"picked":"Astrolabe"},{"not_picked":["Runic Dome","Empty Cage"],"picked":"Sozu"}],"items_purged_floors":[28,46],"is_endless":false,"potions_floor_spawned":[8,11,12,18,22,30,33,36,37,38,39],"ascension_level":17}}