{"host":"jg1kdgv8lq0s5kn4","time":1614091478,"event":{"mods":["AchievementEnabler","Act Like it!","Alarm Clock","AlwaysNeverKeys","BaseMod","Colored Map","Colored Powertips","FoggyMod","Gensokyo","Gold Saver","Marisa（F雨　魔理沙）","Minty Spire (QoL Compilation)","Quick Restart","Remove Card Discount Mod","Shop Mod","Spicy Shops","StSLib","SuperFastMode","Wide Potions","【功能Mod】Neow奖励","【功能Mod】强力的原版药水","没有小屋子和绿帽子啦","篝火指南"],"gold_per_floor":[2161,2161,1632,1632,760,797,806,206,231,231,190,245,254,272,272,624,124,641,641,521,521,0,112,112,272,299,308,558,665,119,119,119,348,348,458,458,458,483,483,622,82,82,82,82,564,573,573,697,697,697,697,697,210,687,687],"floor_reached":56,"language":"ZHS","playtime":2763,"items_purged":["Strike_MRS","BigCrunch","Strike_MRS","Pain","Strike_MRS","LuminesStrike","MasterSpark"],"score":1863,"play_id":"7e310abd-b2e1-42b8-8d18-0608dc836dd0","local_time":"20210223224438","is_ascension_mode":true,"campfire_choices":[{"data":"WitchOfGreed","floor":15.0,"key":"SMITH"},{"data":"Gensokyo:Kunekune","floor":44,"key":"SMITH"},{"data":"CollectingQuirk","floor":47,"key":"SMITH"},{"data":"Acceleration","floor":49,"key":"SMITH"},{"data":"WitchOfGreed","floor":52,"key":"SMITH"}],"circlet_count":0,"master_deck":["Defend_MRS+1","Defend_MRS+1","Defend_MRS+1","UpSweep+1","6A+1","Gensokyo:CrescentMoonSlash+1","WitchOfGreed+1","Gensokyo:BlessingOfConstitution+1","WitchOfGreed+1","EarthLightRay+1","MagicAbsorber+1","TreasureHunter+1","WitchOfGreed+1","WitchOfGreed","MeteoricShower","Gensokyo:Kunekune+1","WitchOfGreed","CollectingQuirk+1","GasGiant","Acceleration+1","WitchLeyline+1","Singularity+1","Gensokyo:MedicineKit","ManaConvection","SuperNova"],"relics":["MiniHakkero","Membership Card","Cauldron","Juzu Bracelet","Happy Flower","Bag of Marbles","Pen Nib","Gensokyo:MarisaImprobabilityPotion","SimpleLauncher","Medical Kit","Sling","DollysMirror","HandDrill","CeramicFish","TheAbacus","Ancient Tea Set","Prayer Wheel","Strawberry","Blue Candle","Lee\u0027s Waffle","Bronze Scales","Gensokyo:OccultBall","Dream Catcher","HornCleat","Gensokyo:LunaticRedEyes","Anchor","Art of War","Tiny House","Gensokyo:MaskOfHope","Gensokyo:DirgeOfMelancholy","Lizard Tail","The Courier","Thread and Needle","Lantern","Smiling Mask","MawBank","Omamori","Chemical X","Torii","Kunai","Vajra","Shuriken","ClockworkSouvenir","SacredBark","Gensokyo:EmptyGrave","Potion Belt","Incense Burner","MealTicket","Mummified Hand","War Paint","Whetstone","PreservedInsect","Gremlin Horn","Ornamental Fan","ShroomBag","Singing Bowl","Mercury Hourglass","Centennial Puzzle","Bag of Preparation","Blood Vial","White Beast Statue","Frozen Eye","OrangePellets","Boot","HandmadeGrimoire","Sundial","Eternal Feather"],"acts_visited":["Exordium","Gensokyo:Gensokyo","Gensokyo:Gensokyoer","TheEnding"],"potions_floor_usage":[29,33,33,33,50,50,55,55,55,55,55,55,55,55,55,55],"damage_taken":[{"damage":0.0,"enemies":"Gensokyo:Python","floor":1.0,"turns":2.0},{"damage":15.0,"enemies":"Gensokyo:Aya","floor":6.0,"turns":3.0},{"damage":0.0,"enemies":"Gensokyo:Cirno","floor":12.0,"turns":5.0},{"damage":32.0,"enemies":"Gensokyo:Kokoro","floor":16.0,"turns":10.0},{"damage":45.0,"enemies":"Gensokyo:2_Gloops","floor":18.0,"turns":4.0},{"damage":21.0,"enemies":"Gensokyo:Reisen","floor":23.0,"turns":4.0},{"damage":1.0,"enemies":"Gensokyo:Tenshi","floor":25.0,"turns":1.0},{"damage":1,"enemies":"Gensokyo:Koishi","floor":29,"turns":6},{"damage":26,"enemies":"Gensokyo:Eiki","floor":33,"turns":7},{"damage":0,"enemies":"Gensokyo:3_Bats","floor":35,"turns":3},{"damage":0,"enemies":"Gensokyo:Doremy","floor":40,"turns":4},{"damage":35,"enemies":"Gensokyo:Marisa","floor":45,"turns":4},{"damage":1,"enemies":"Gensokyo:Kasen","floor":48,"turns":6},{"damage":1,"enemies":"Gensokyo:Shinki","floor":50,"turns":8},{"damage":36,"enemies":"Shield and Spear","floor":54,"turns":2},{"damage":42,"enemies":"The Heart","floor":55,"turns":6}],"seed_played":"-3486859691429124483","potions_obtained":[{"floor":3.0,"key":"CultistPotion"},{"floor":3.0,"key":"EntropicBrew"},{"floor":3.0,"key":"Fire Potion"},{"floor":6.0,"key":"Regen Potion"},{"floor":16.0,"key":"DuplicationPotion"},{"floor":16.0,"key":"Energy Potion"},{"floor":23.0,"key":"Dexterity Potion"},{"floor":25.0,"key":"Energy Potion"},{"floor":25.0,"key":"Fire Potion"},{"floor":25.0,"key":"ColorlessPotion"},{"floor":29,"key":"DuplicationPotion"},{"floor":33,"key":"SteroidPotion"},{"floor":33,"key":"Dexterity Potion"},{"floor":33,"key":"CultistPotion"},{"floor":40,"key":"Strength Potion"},{"floor":40,"key":"EssenceOfSteel"},{"floor":45,"key":"EntropicBrew"},{"floor":48,"key":"PowerPotion"},{"floor":54,"key":"LiquidBronze"},{"floor":54,"key":"SkillPotion"}],"is_trial":false,"path_per_floor":["M","?","$","?","COS","E","?","$","T","?","?","E","?","?","R","B",null,"M","?","?","?","?","E","T","E","T","?","?","E","$","?","R","B",null,"M","?","?","T","?","E","$","?","T","R","E","?","R","E","R","B",null,"R","$","E","B",null],"character_chosen":"MARISA","items_purchased":["Membership Card","Cauldron","Juzu Bracelet","6A","Happy Flower","Bag of Marbles","Pen Nib","TheAbacus","WitchOfGreed","Ancient Tea Set","Prayer Wheel","EntropicBrew","Strawberry","Blue Candle","Lee\u0027s Waffle","Omamori","Chemical X","Torii","Kunai","Vajra","Shuriken","ClockworkSouvenir","WitchOfGreed","Mummified Hand","War Paint","Whetstone","PreservedInsect","Gremlin Horn","Ornamental Fan","ShroomBag","White Beast Statue","Frozen Eye","OrangePellets","ManaConvection","Boot","HandmadeGrimoire","Sundial"],"campfire_rested":0,"item_purchase_floors":[3,3,3,3,3,3,3,8,8,8,8,8,8,8,8,30,30,30,30,30,30,30,30,41,41,41,41,41,41,41,53,53,53,53,53,53,53],"current_hp_per_floor":[75,75,75,75,75,60,49,89,89,89,89,89,89,89,89,70,89,48,48,48,48,48,27,27,34,34,34,34,37,37,37,37,15,77,77,66,66,66,38,71,71,71,71,71,42,42,42,49,49,56,73,73,73,43,29],"gold":687,"neow_bonus":"TRANSFORM_CARD","is_daily":false,"chose_seed":false,"campfire_upgraded":5,"win_rate":0.0,"timestamp":1614091478,"path_taken":["M","?","$","?","COS","E","?","?","T","?","?","E","?","?","R","BOSS","M","?","?","?","?","E","?","E","T","?","?","E","?","?","R","BOSS","M","?","?","?","?","E","?","?","T","R","E","?","R","E","R","BOSS","R","$","E","BOSS"],"items_purchased_type":["Relic","Relic","Relic","Card","Relic","Relic","Relic","Relic","Card","Relic","Relic","Potion","Relic","Relic","Relic","Relic","Relic","Relic","Relic","Relic","Relic","Relic","Card","Relic","Relic","Relic","Relic","Relic","Relic","Relic","Relic","Relic","Relic","Card","Relic","Relic","Relic"],"build_version":"2020-12-22","purchased_purges":7,"victory":true,"max_hp_per_floor":[75,75,75,75,75,75,75,89,89,89,89,89,89,89,89,89,89,89,89,89,89,89,89,89,89,89,81,77,77,77,77,77,77,77,77,77,71,71,71,71,71,71,71,71,71,71,71,73,73,73,73,73,73,73,73],"card_choices":[{"not_picked":["DoubleSpark","MagicAbsorber"],"picked":"WitchOfGreed","floor":1.0},{"not_picked":["DoubleSpark","DeepEcoloBomb"],"picked":"PulseMagic","floor":6.0},{"not_picked":["UnstableBomb","AsteroidBelt"],"picked":"WitchOfGreed","floor":12.0},{"not_picked":["PropBag","FairyDestructionRay"],"picked":"EarthLightRay","floor":14.0},{"not_picked":["GrandCross","UnstableBomb"],"picked":"MagicAbsorber","floor":14.0},{"not_picked":["JA","ManaRampage"],"picked":"TreasureHunter","floor":16.0},{"not_picked":["ChargeUpSpray","MilkyWay"],"picked":"WitchOfGreed","floor":18.0},{"not_picked":["PowerUp+1","Orbital"],"picked":"WitchOfGreed","floor":18.0},{"not_picked":["UnstableBomb","ShootingEcho+1","IllusionStar"],"picked":"SKIP","floor":23.0},{"not_picked":["6A","SuperPerseids"],"picked":"MeteoricShower","floor":25.0},{"not_picked":["Gensokyo:MonkeysPaw","Gensokyo:RedCapeBlueCape"],"picked":"Gensokyo:Kunekune","floor":27.0},{"not_picked":["SporeBomb","OpenUniverse","FairyDestructionRay"],"picked":"SKIP","floor":29},{"not_picked":["CasketOfStar","TreasureHunter"],"picked":"CollectingQuirk","floor":33},{"not_picked":["AlicesGift+1","ShootingEcho+1"],"picked":"GasGiant","floor":35},{"not_picked":["BlazeAway+1","MysteriousBeam+1"],"picked":"Acceleration","floor":35},{"not_picked":["Acceleration+1","GrandCross+1"],"picked":"WitchLeyline+1","floor":40},{"not_picked":["DarkMatter","FairyDestructionRay+1"],"picked":"Singularity+1","floor":45},{"not_picked":["MysteriousBeam","SuperPerseids+1","LuminesStrike"],"picked":"Singing Bowl","floor":48},{"not_picked":["MysteriousBeam+1","StarlightTyphoon"],"picked":"SuperNova","floor":54}],"player_experience":56442,"relics_obtained":[{"floor":6.0,"key":"CeramicFish"},{"floor":9.0,"key":"Bronze Scales"},{"floor":12.0,"key":"HornCleat"},{"floor":16.0,"key":"Gensokyo:OccultBall"},{"floor":18.0,"key":"Gensokyo:OccultBall"},{"floor":23.0,"key":"Lizard Tail"},{"floor":24.0,"key":"The Courier"},{"floor":25.0,"key":"Gensokyo:OccultBall"},{"floor":25.0,"key":"Thread and Needle"},{"floor":26.0,"key":"Lantern"},{"floor":29,"key":"Smiling Mask"},{"floor":29,"key":"MawBank"},{"floor":33,"key":"Gensokyo:OccultBall"},{"floor":38,"key":"Potion Belt"},{"floor":40,"key":"MealTicket"},{"floor":43,"key":"Singing Bowl"},{"floor":45,"key":"Mercury Hourglass"},{"floor":45,"key":"Centennial Puzzle"},{"floor":48,"key":"Bag of Preparation"},{"floor":48,"key":"Blood Vial"},{"floor":54,"key":"Eternal Feather"}],"event_choices":[],"is_beta":false,"boss_relics":[{"not_picked":["Fusion Hammer","Runic Pyramid"],"picked":"Tiny House"},{"not_picked":["Snecko Eye","ExperimentalFamiliar"],"picked":"SacredBark"}],"items_purged_floors":[3,3,3,30,30,41,53],"is_endless":false,"potions_floor_spawned":[6,16,18,25,40,54],"ascension_level":4}}