{"host":"Tylorde","time":1614062185,"event":{"mods":["BaseMod","Minty Spire (QoL Compilation)","Weighted Paths"],"gold_per_floor":[13,32,307,29,40,40,56,66,66,94,106,106,106,140,140,214,214,234,234,56,56,56,87,87,101,101,101,117,117,117,149,149,220,270,282,331,349,349,374,374,35,35,35,60,60,85,85,98,98,98,98,98,39,67,67],"floor_reached":56,"language":"ENG","playtime":4557,"items_purged":["Regret","Strike_B","Strike_B"],"score":1972,"play_id":"ef677b6f-5381-41cb-b2a9-8d3e6a1b9491","local_time":"20210222223625","is_ascension_mode":true,"campfire_choices":[{"data":"Multi-Cast","floor":6.0,"key":"SMITH"},{"data":"Zap","floor":12.0,"key":"SMITH"},{"data":"Reboot","floor":15.0,"key":"SMITH"},{"floor":24.0,"key":"DIG"},{"floor":27.0,"key":"DIG"},{"floor":32.0,"key":"DIG"},{"floor":40.0,"key":"RECALL"},{"data":"Capacitor","floor":42.0,"key":"SMITH"},{"data":"Defragment","floor":45.0,"key":"SMITH"},{"floor":47.0,"key":"DIG"},{"floor":49.0,"key":"DIG"},{"data":"Blizzard","floor":52.0,"key":"SMITH"}],"circlet_count":0,"master_deck":["AscendersBane","Strike_B","Defend_B+1","Defend_B","Defend_B","Defend_B","Zap+1","Dualcast","Multi-Cast+1","FTL","Glacier","Turbo","Blizzard+1","Reboot+1","Tempest+1","Coolheaded+1","Fission+1","Redo+1","RitualDagger","Recycle+1","Ghostly+1","Ghostly+1","Ghostly+1","Ghostly+1","Ghostly+1","Coolheaded+1","Turbo+1","Self Repair","Hologram+1","Capacitor+1","Defragment+1","Conserve Battery+1"],"relics":["Cracked Core","PreservedInsect","Toxic Egg 2","Art of War","Shovel","Runic Pyramid","Boot","Matryoshka","MealTicket","Nunchaku","Bronze Scales","Pen Nib","InkBottle","Happy Flower","Singing Bowl","Tiny House","TungstenRod","WingedGreaves","Runic Capacitor","Bottled Flame","Centennial Puzzle","Bag of Preparation","The Courier","Gremlin Horn","Kunai"],"acts_visited":["Exordium","TheCity","TheBeyond","TheEnding"],"potions_floor_usage":[55,55],"damage_taken":[{"damage":0.0,"enemies":"Cultist","floor":1.0,"turns":4.0},{"damage":4.0,"enemies":"Small Slimes","floor":2.0,"turns":3.0},{"damage":0.0,"enemies":"2 Louse","floor":5.0,"turns":2.0},{"damage":14.0,"enemies":"Exordium Thugs","floor":7.0,"turns":6.0},{"damage":6.0,"enemies":"Looter","floor":8.0,"turns":2.0},{"damage":13.0,"enemies":"Lagavulin","floor":10.0,"turns":7.0},{"damage":4.0,"enemies":"2 Fungi Beasts","floor":11.0,"turns":3.0},{"damage":4.0,"enemies":"Gremlin Nob","floor":14.0,"turns":3.0},{"damage":25.0,"enemies":"Slime Boss","floor":16.0,"turns":16.0},{"damage":0.0,"enemies":"Chosen","floor":18.0,"turns":4.0},{"damage":5.0,"enemies":"Book of Stabbing","floor":23.0,"turns":6.0},{"damage":4.0,"enemies":"Shell Parasite","floor":25.0,"turns":5.0},{"damage":0.0,"enemies":"Cultist and Chosen","floor":28.0,"turns":6.0},{"damage":0.0,"enemies":"Colosseum Slavers","floor":29.0,"turns":4.0},{"damage":7.0,"enemies":"Gremlin Leader","floor":31.0,"turns":3.0},{"damage":10.0,"enemies":"Champ","floor":33.0,"turns":13.0},{"damage":0.0,"enemies":"3 Shapes","floor":35.0,"turns":4.0},{"damage":2.0,"enemies":"2 Orb Walkers","floor":36.0,"turns":5.0},{"damage":0.0,"enemies":"3 Darklings","floor":37.0,"turns":8.0},{"damage":0.0,"enemies":"Mind Bloom Boss Battle","floor":39.0,"turns":9.0},{"damage":0.0,"enemies":"Nemesis","floor":44.0,"turns":7.0},{"damage":0.0,"enemies":"Spire Growth","floor":48.0,"turns":7.0},{"damage":31.0,"enemies":"Time Eater","floor":50.0,"turns":11.0},{"damage":0,"enemies":"Shield and Spear","floor":54,"turns":5},{"damage":7,"enemies":"The Heart","floor":55,"turns":13}],"seed_played":"2928940157347814147","potions_obtained":[{"floor":2.0,"key":"Explosive Potion"},{"floor":10.0,"key":"Weak Potion"},{"floor":14.0,"key":"Block Potion"},{"floor":25.0,"key":"PowerPotion"},{"floor":33.0,"key":"SpeedPotion"},{"floor":34.0,"key":"PotionOfCapacity"}],"is_trial":false,"path_per_floor":["M","M","?","$","M","R","M","M","T","E","M","R","?","E","R","B",null,"M","?","$","?","?","E","R","M","T","R","M","?","T","E","R","B",null,"M","?","M","?","?","R","$","R","T","E","R","T","R","M","R","B",null,"R","$","E","B",null],"character_chosen":"DEFECT","items_purchased":["PreservedInsect","PowerPotion","Recycle+1","Runic Capacitor","Capacitor","Ancient Potion"],"campfire_rested":0,"item_purchase_floors":[4,4,20,41,41,53],"current_hp_per_floor":[64,60,60,60,60,60,46,40,40,27,23,23,46,42,42,17,58,58,52,52,52,35,30,30,26,26,26,26,33,33,26,26,32,41,44,44,48,48,50,50,50,50,50,50,50,50,50,52,52,28,46,46,52,52,52],"gold":67,"neow_bonus":"THREE_RARE_CARDS","is_daily":false,"chose_seed":false,"campfire_upgraded":6,"win_rate":0.0,"timestamp":1614062185,"path_taken":["M","M","?","$","M","R","M","?","T","E","M","R","?","E","R","BOSS","M","?","$","?","?","E","R","M","T","R","M","?","?","E","R","BOSS","M","?","M","?","?","R","$","R","T","E","R","?","R","M","R","BOSS","R","$","E","BOSS"],"items_purchased_type":["Relic","Potion","Card","Relic","Card","Potion"],"build_version":"2020-12-18","purchased_purges":3,"victory":true,"max_hp_per_floor":[71,71,71,71,71,71,71,71,71,71,71,71,71,71,71,71,71,71,71,71,71,35,35,35,35,35,35,35,35,35,35,35,37,42,44,46,48,48,50,50,50,50,50,50,50,50,50,52,52,52,52,52,52,52,52],"card_choices":[{"not_picked":["Buffer","All For One"],"picked":"Multi-Cast","floor":0.0},{"not_picked":["Streamline","Beam Cell"],"picked":"FTL","floor":1.0},{"not_picked":["Gash","Storm"],"picked":"Glacier","floor":2.0},{"not_picked":["Streamline","Ball Lightning"],"picked":"Turbo","floor":5.0},{"not_picked":["White Noise","Go for the Eyes"],"picked":"Blizzard","floor":7.0},{"not_picked":["Stack","Gash"],"picked":"Reboot","floor":8.0},{"not_picked":["FTL","Cold Snap"],"picked":"Tempest+1","floor":10.0},{"not_picked":["Stack+1","Reprogram+1","Streamline"],"picked":"SKIP","floor":11.0},{"not_picked":["Rebound","Redo+1"],"picked":"Coolheaded+1","floor":14.0},{"not_picked":["Biased Cognition","Electrodynamics"],"picked":"Fission+1","floor":16.0},{"not_picked":["Streamline","Leap+1"],"picked":"Redo+1","floor":18.0},{"not_picked":["Lockon","Tempest+1"],"picked":"Coolheaded+1","floor":23.0},{"not_picked":["Gash","Coolheaded+1"],"picked":"Turbo+1","floor":25.0},{"not_picked":["Reinforced Body+1","Barrage"],"picked":"Self Repair","floor":28.0},{"not_picked":["Meteor Strike","Sweeping Beam","Machine Learning"],"picked":"SKIP","floor":31.0},{"not_picked":["All For One","Creative AI","Core Surge"],"picked":"Singing Bowl","floor":33.0},{"not_picked":["Stack+1","Redo+1"],"picked":"Hologram+1","floor":34.0},{"not_picked":["Tempest+1","Hologram+1","Barrage"],"picked":"Singing Bowl","floor":35.0},{"not_picked":["Compile Driver","Hologram+1","Cold Snap+1"],"picked":"Singing Bowl","floor":36.0},{"not_picked":["Auto Shields+1","Go for the Eyes","FTL"],"picked":"Singing Bowl","floor":37.0},{"not_picked":["Gash","Reinforced Body+1","Reprogram+1"],"picked":"Singing Bowl","floor":39.0},{"not_picked":["Machine Learning","Coolheaded+1"],"picked":"Defragment","floor":44.0},{"not_picked":["Blizzard","Leap+1","Redo+1"],"picked":"Singing Bowl","floor":48.0},{"not_picked":["Melter","Cold Snap"],"picked":"Conserve Battery+1","floor":54}],"player_experience":909287,"relics_obtained":[{"floor":9.0,"key":"Toxic Egg 2"},{"floor":10.0,"key":"Art of War"},{"floor":14.0,"key":"Shovel"},{"floor":23.0,"key":"Matryoshka"},{"floor":24.0,"key":"MealTicket"},{"floor":26.0,"key":"Nunchaku"},{"floor":27.0,"key":"Bronze Scales"},{"floor":30.0,"key":"Pen Nib"},{"floor":30.0,"key":"InkBottle"},{"floor":31.0,"key":"Happy Flower"},{"floor":32.0,"key":"Singing Bowl"},{"floor":36.0,"key":"TungstenRod"},{"floor":39.0,"key":"WingedGreaves"},{"floor":43.0,"key":"Bottled Flame"},{"floor":44.0,"key":"Centennial Puzzle"},{"floor":46.0,"key":"Bag of Preparation"},{"floor":47.0,"key":"The Courier"},{"floor":49.0,"key":"Gremlin Horn"},{"floor":54,"key":"Kunai"}],"event_choices":[{"damage_healed":0.0,"max_hp_gain":0.0,"max_hp_loss":0.0,"gold_gain":275.0,"event_name":"Golden Shrine","player_choice":"Desecrate","floor":3.0,"gold_loss":0.0,"damage_taken":0.0,"cards_obtained":["Regret"]},{"damage_healed":23.0,"max_hp_gain":0.0,"max_hp_loss":0.0,"gold_gain":0.0,"event_name":"Big Fish","player_choice":"Banana","floor":13.0,"gold_loss":0.0,"damage_taken":0.0},{"damage_healed":0.0,"max_hp_gain":0.0,"max_hp_loss":0.0,"gold_gain":0.0,"event_name":"Nest","player_choice":"Joined the Cult","floor":19.0,"gold_loss":0.0,"damage_taken":6.0,"cards_obtained":["RitualDagger"]},{"damage_healed":0.0,"max_hp_gain":0.0,"max_hp_loss":0.0,"gold_gain":0.0,"event_name":"The Mausoleum","player_choice":"Opened","floor":21.0,"gold_loss":0.0,"damage_taken":0.0,"relics_obtained":["Boot"]},{"damage_healed":0.0,"max_hp_gain":0.0,"max_hp_loss":36.0,"gold_gain":0.0,"event_name":"Ghosts","player_choice":"Became a Ghost","floor":22.0,"gold_loss":0.0,"damage_taken":0.0,"cards_obtained":["Ghostly","Ghostly","Ghostly","Ghostly","Ghostly"]},{"damage_healed":0.0,"max_hp_gain":0.0,"max_hp_loss":0.0,"gold_gain":0.0,"event_name":"Colosseum","player_choice":"Fight","floor":29.0,"gold_loss":0.0,"damage_taken":0.0},{"damage_healed":0.0,"max_hp_gain":0.0,"max_hp_loss":0.0,"gold_gain":0.0,"event_name":"Colosseum","player_choice":"Fled From Nobs","floor":29.0,"gold_loss":0.0,"damage_taken":0.0},{"damage_healed":0.0,"max_hp_gain":0.0,"max_hp_loss":0.0,"gold_gain":0.0,"event_name":"Mysterious Sphere","player_choice":"Fight","floor":36.0,"gold_loss":0.0,"damage_taken":0.0},{"cards_removed":["Strike_B"],"damage_healed":0.0,"max_hp_gain":0.0,"max_hp_loss":0.0,"gold_gain":0.0,"event_name":"Falling","player_choice":"Removed Attack","floor":38.0,"gold_loss":0.0,"damage_taken":0.0},{"damage_healed":0.0,"max_hp_gain":0.0,"max_hp_loss":0.0,"gold_gain":0.0,"event_name":"MindBloom","player_choice":"Fight","floor":39.0,"gold_loss":0.0,"damage_taken":0.0}],"is_beta":true,"boss_relics":[{"not_picked":["Snecko Eye","Runic Dome"],"picked":"Runic Pyramid"},{"not_picked":["Nuclear Battery","SacredBark"],"picked":"Tiny House"}],"items_purged_floors":[4,20,41],"is_endless":false,"potions_floor_spawned":[2,7,10,14,16,23,25,33,36,44,48,54],"ascension_level":14}}