{"host":"f76wcztdlwlduum6","time":1614061012,"event":{"mods":["BaseMod","BetterRewards","Colored Powertips","Minty Spire (QoL Compilation)","Quick Restart","Rare Cards Sparkle","Relic Stats","StSLib","SuperFastMode","everything is the same but u backflip on backflip"],"gold_per_floor":[118,128,148,73,53,386,386,412,483,513,513,527,543,574,574,574,574],"floor_reached":16,"language":"ENG","playtime":602,"items_purged":["Conclude"],"score":310,"play_id":"009ca1d2-b854-4097-9133-cf63bfe44da9","local_time":"20210223001652","daily_mods":["Draft","Diverse","Heirloom","Elite Swarm","Lethality"],"is_ascension_mode":true,"campfire_choices":[{"data":"Feel No Pain","floor":7,"key":"SMITH"},{"data":"Night Terror","floor":11,"key":"SMITH"},{"data":"Dark Embrace","floor":15,"key":"SMITH"}],"circlet_count":0,"master_deck":["AscendersBane","CarveReality","Hologram","Feel No Pain+1","Evaluate","Sword Boomerang","Blur","Disarm","Battle Trance","Conserve Battery","Pommel Strike","Ball Lightning","Warcry","Pommel Strike","Blade Dance","Dark Embrace+1","Dagger Spray","Night Terror+1","Seek","Electrodynamics","Shrug It Off","Echo Form"],"relics":["Burning Blood","Incense Burner","Old Coin","Centennial Puzzle","Bottled Flame","Thread and Needle","Pear"],"acts_visited":["Exordium"],"potions_floor_usage":[8,8,14],"damage_taken":[{"damage":3,"enemies":"2 Louse","floor":1,"turns":2},{"damage":0,"enemies":"Cultist","floor":2,"turns":2},{"damage":6,"enemies":"Jaw Worm","floor":3,"turns":2},{"damage":0,"enemies":"Lagavulin","floor":6,"turns":6},{"damage":19,"enemies":"Gremlin Nob","floor":8,"turns":4},{"damage":1,"enemies":"Lagavulin","floor":10,"turns":4},{"damage":3,"enemies":"Large Slime","floor":12,"turns":4},{"damage":3,"enemies":"Exordium Thugs","floor":13,"turns":3},{"damage":22,"enemies":"3 Sentries","floor":14,"turns":3},{"damage":69,"enemies":"Hexaghost","floor":16,"turns":7}],"seed_played":"-1424559355776721672","potions_obtained":[{"floor":1,"key":"AttackPotion"},{"floor":3,"key":"EntropicBrew"},{"floor":5,"key":"EssenceOfSteel"}],"is_trial":true,"path_per_floor":["M","M","M","$","?","E","R","E","T","E","R","M","M","E","R","B"],"character_chosen":"IRONCLAD","items_purchased":[],"campfire_rested":0,"item_purchase_floors":[],"current_hp_per_floor":[71,75,75,75,75,75,75,62,62,67,67,70,73,67,67,0,0],"gold":574,"neow_bonus":"","is_daily":false,"chose_seed":false,"campfire_upgraded":3,"win_rate":0.0,"timestamp":1614061012,"path_taken":["M","M","M","$","?","E","R","E","T","E","R","?","M","E","R","BOSS"],"items_purchased_type":[],"build_version":"2020-12-22","purchased_purges":1,"victory":false,"max_hp_per_floor":[75,75,75,75,75,75,75,75,75,75,75,75,75,85,85,85,85],"relic_stats":{"Centennial Puzzle":[15],"counters":[10,37],"obtain_stats":[{"Centennial Puzzle":8,"Bottled Flame":9,"Pear":14,"Thread and Needle":10,"Incense Burner":0,"Burning Blood":0,"Old Coin":6},{"Centennial Puzzle":5,"Bottled Flame":5,"Pear":9,"Thread and Needle":6,"Incense Burner":0,"Burning Blood":0,"Old Coin":4},{"Centennial Puzzle":16,"Bottled Flame":16,"Pear":30,"Thread and Needle":20,"Incense Burner":0,"Burning Blood":0,"Old Coin":12}],"Burning Blood":46},"card_choices":[{"not_picked":["White Noise","EmptyFist"],"picked":"CarveReality","floor":0},{"not_picked":["EmptyFist","Halt"],"picked":"Hologram","floor":0},{"not_picked":["Backflip","Armaments"],"picked":"Feel No Pain","floor":0},{"not_picked":["EmptyFist","Compile Driver"],"picked":"Evaluate","floor":0},{"not_picked":["Dagger Throw","Deflect"],"picked":"Sword Boomerang","floor":0},{"not_picked":["PathToVictory","Sucker Punch"],"picked":"Blur","floor":0},{"not_picked":["Pray","SandsOfTime"],"picked":"Disarm","floor":0},{"not_picked":["CrushJoints","Reinforced Body"],"picked":"Battle Trance","floor":0},{"not_picked":["Streamline","Clothesline"],"picked":"Conserve Battery","floor":0},{"not_picked":["Double Energy","Outmaneuver"],"picked":"Pommel Strike","floor":0},{"not_picked":["Halt","Sucker Punch"],"picked":"Ball Lightning","floor":0},{"not_picked":["Flex","Concentrate"],"picked":"Conclude","floor":0},{"not_picked":["Backflip","FlurryOfBlows"],"picked":"Warcry","floor":0},{"not_picked":["Swivel","Storm"],"picked":"Pommel Strike","floor":0},{"not_picked":["Terror","Rebound"],"picked":"Blade Dance","floor":0},{"not_picked":["Steam","Nirvana","Heavy Blade"],"picked":"SKIP","floor":1},{"not_picked":["Twin Strike","CarveReality"],"picked":"Dark Embrace","floor":2},{"not_picked":["Wireheading","Heatsinks"],"picked":"Dagger Spray","floor":3},{"not_picked":["Meteor Strike","Bullet Time"],"picked":"Night Terror","floor":6},{"not_picked":["Doppelganger","Corruption"],"picked":"Seek","floor":8},{"not_picked":["Establishment","All For One"],"picked":"Electrodynamics","floor":10},{"not_picked":["Dagger Spray","Gash"],"picked":"Shrug It Off","floor":12},{"not_picked":["Bane","Tactician","Setup"],"picked":"SKIP","floor":13},{"not_picked":["Grand Finale","Unload"],"picked":"Echo Form","floor":14}],"player_experience":378489,"relics_obtained":[{"floor":6,"key":"Old Coin"},{"floor":8,"key":"Centennial Puzzle"},{"floor":9,"key":"Bottled Flame"},{"floor":10,"key":"Thread and Needle"},{"floor":14,"key":"Pear"}],"event_choices":[{"damage_healed":0,"gold_gain":0,"player_choice":"Bought 1 Potion","damage_taken":0,"max_hp_gain":0,"max_hp_loss":0,"event_name":"The Woman in Blue","floor":5,"gold_loss":0}],"is_beta":false,"boss_relics":[],"items_purged_floors":[4],"is_endless":false,"potions_floor_spawned":[1,3,6,10],"killed_by":"Hexaghost","ascension_level":20}}