{"host":"0y1696yaafq19vki","time":1614098852,"event":{"mods":["BaseMod","Colored Map","Conspire","Minty Spire (QoL Compilation)","Replay The Spire","StSLib"],"gold_per_floor":[19,31,43,53,53,84,95,95,140,166,178,192,203,203,203,299,349,363,363,23,35,52,52,52],"floor_reached":23,"language":"ENG","playtime":3722,"items_purged":[],"score":232,"play_id":"2f4157e6-7f36-4de9-be99-9830836052c5","local_time":"20210223164732","is_ascension_mode":false,"campfire_choices":[{"floor":8,"key":"REST"},{"data":"Infinite Blades","floor":15,"key":"SMITH"}],"circlet_count":0,"master_deck":["Strike_G","Strike_G","Strike_G","Strike_G","Strike_G","Defend_G","Defend_G+1","Defend_G","Defend_G","Defend_G","Survivor","Neutralize","Choke","Dash","Backflip","Reflex+1","Blade Dance","Poisoned Stab","Adrenaline","Prepared","Underhanded Strike","Infinite Blades+1","Corpse Explosion","Riddle With Holes","conspire:DoublingDagger","Pot Of Greed","Pot Of Greed","Pot Of Greed","ReplayTheSpireMod:Shiv Toss","Hidden Blade","Hidden Blade"],"relics":["Ring of the Snake","Ginger","Basket Of Snakes","Orichalcum","Mirror","Tiny House","Grinning Jar","Bag of Marbles"],"acts_visited":["Exordium","TheCity"],"potions_floor_usage":[16],"damage_taken":[{"damage":1,"enemies":"Jaw Worm","floor":1,"turns":5},{"damage":0,"enemies":"Cultist","floor":2,"turns":4},{"damage":0,"enemies":"Small Slimes","floor":3,"turns":3},{"damage":0,"enemies":"Blue Slaver","floor":4,"turns":4},{"damage":23,"enemies":"Gremlin Nob","floor":6,"turns":5},{"damage":0,"enemies":"Looter","floor":7,"turns":3},{"damage":22,"enemies":"Lagavulin","floor":10,"turns":8},{"damage":4,"enemies":"Lots of Slimes","floor":11,"turns":4},{"damage":0,"enemies":"Blue Slaver","floor":12,"turns":2},{"damage":12,"enemies":"Gremlin Gang","floor":13,"turns":5},{"damage":45,"enemies":"Fading Forest","floor":16,"turns":11},{"damage":23,"enemies":"3 Byrds","floor":18,"turns":3},{"damage":17,"enemies":"Spheric Guardian","floor":21,"turns":4},{"damage":10,"enemies":"Centurion and Healer","floor":22,"turns":5},{"damage":28,"enemies":"Book of Stabbing","floor":23,"turns":5}],"seed_played":"-5812571940017918232","potions_obtained":[{"floor":3,"key":"SteroidPotion"},{"floor":6,"key":"Fire Potion"},{"floor":10,"key":"PowerPotion"},{"floor":12,"key":"Regen Potion"},{"floor":17,"key":"ColorlessPotion"}],"is_trial":false,"path_per_floor":["M","M","M","M","?","E","M","R","T","E","M","M","M","?","R","B",null,"M","?","$","M","M","E"],"character_chosen":"THE_SILENT","items_purchased":["Grinning Jar","ReplayTheSpireMod:Shiv Toss","Bag of Marbles"],"campfire_rested":1,"item_purchase_floors":[20,20,20],"current_hp_per_floor":[69,69,69,69,69,46,46,67,67,45,41,41,29,52,52,16,75,52,52,52,35,25,0,0],"gold":52,"neow_bonus":"ONE_RARE_RELIC","is_daily":false,"chose_seed":false,"campfire_upgraded":1,"win_rate":0.0,"timestamp":1614098852,"path_taken":["M","M","M","M","?","E","M","R","T","E","M","?","M","?","R","BOSS","M","?","$","M","M","E"],"items_purchased_type":["Relic","Card","Relic"],"build_version":"2020-12-22","purchased_purges":0,"victory":false,"max_hp_per_floor":[70,70,70,70,70,70,70,70,70,70,70,70,70,70,70,70,75,75,75,75,75,75,75,75],"card_choices":[{"not_picked":["Underhanded Strike","Bouncing Flask"],"picked":"Choke","floor":1},{"not_picked":["Underhanded Strike","Bane"],"picked":"Dash","floor":2},{"not_picked":["Sucker Punch","Outmaneuver"],"picked":"Backflip","floor":3},{"not_picked":["Sucker Punch","Tactician"],"picked":"Reflex","floor":4},{"not_picked":["Dagger Spray","Deflect"],"picked":"Blade Dance","floor":6},{"not_picked":["Dagger Spray","Bane"],"picked":"Poisoned Stab","floor":7},{"not_picked":["Underhanded Strike","Catalyst"],"picked":"Adrenaline","floor":10},{"not_picked":["Flying Knee","Terror"],"picked":"Prepared","floor":11},{"not_picked":["Bullet Time","Escape Plan"],"picked":"Underhanded Strike","floor":12},{"not_picked":["Poisoned Stab","Backflip"],"picked":"Infinite Blades","floor":13},{"not_picked":["Night Terror","Die Die Die"],"picked":"Corpse Explosion","floor":16},{"not_picked":["Backflip","Poisoned Stab"],"picked":"Riddle With Holes","floor":17},{"not_picked":["Underhanded Strike","Heel Hook"],"picked":"conspire:DoublingDagger","floor":18},{"not_picked":["Acrobatics","Sucker Punch+1"],"picked":"Hidden Blade","floor":21},{"not_picked":["Bouncing Flask","Quick Slash+1"],"picked":"Hidden Blade","floor":22}],"player_experience":58868,"relics_obtained":[{"floor":6,"key":"Basket Of Snakes"},{"floor":9,"key":"Orichalcum"},{"floor":10,"key":"Mirror"}],"event_choices":[{"damage_healed":0,"gold_gain":0,"player_choice":"Forge","damage_taken":0,"max_hp_gain":0,"max_hp_loss":0,"event_name":"Accursed Blacksmith","floor":5,"gold_loss":0,"cards_upgraded":["Reflex"]},{"damage_healed":23,"gold_gain":0,"player_choice":"Banana","damage_taken":0,"max_hp_gain":0,"max_hp_loss":0,"event_name":"Big Fish","floor":14,"gold_loss":0}],"is_beta":false,"boss_relics":[{"not_picked":["Empty Cage","SacredBark"],"picked":"Tiny House"}],"items_purged_floors":[],"is_endless":false,"potions_floor_spawned":[3,6,10,12,13],"killed_by":"Book of Stabbing","ascension_level":0}}