{"host":"08ib58efwyqa9h2x","time":1614123361,"event":{"mods":["BaseMod","Minty Spire (QoL Compilation)","Relic Stats"],"gold_per_floor":[116,129,129,141,156,156,190,208,231,251,263,263,278,311,311,384,384,400,400,400],"floor_reached":19,"language":"ENG","playtime":1211,"items_purged":[],"score":366,"play_id":"b70c6807-e395-4737-b56f-868e50a03e25","local_time":"20210224003601","is_ascension_mode":true,"campfire_choices":[{"data":"Deadly Poison","floor":6,"key":"SMITH"},{"data":"Neutralize","floor":12,"key":"SMITH"},{"data":"Backflip","floor":15,"key":"SMITH"}],"circlet_count":0,"master_deck":["AscendersBane","Strike_G+1","Strike_G","Strike_G","Strike_G","Defend_G","Defend_G","Defend_G","Defend_G","Defend_G","Survivor","Neutralize+1","Slice+1","Dagger Throw","Venomology","Deadly Poison+1","Backflip+1","Dash","PiercingWail","Phantasmal Killer","Prepared+1"],"relics":["Ring of the Snake","Whetstone","Omamori","Strawberry","Black Star"],"acts_visited":["Exordium","TheCity"],"potions_floor_usage":[7,7,8,14,16,18,19],"damage_taken":[{"damage":1,"enemies":"2 Louse","floor":1,"turns":3},{"damage":1,"enemies":"Cultist","floor":2,"turns":5},{"damage":0,"enemies":"Jaw Worm","floor":4,"turns":5},{"damage":0,"enemies":"Exordium Wildlife","floor":5,"turns":3},{"damage":18,"enemies":"Lagavulin","floor":7,"turns":7},{"damage":0,"enemies":"3 Louse","floor":8,"turns":3},{"damage":0,"enemies":"Red Slaver","floor":10,"turns":3},{"damage":3,"enemies":"Blue Slaver","floor":11,"turns":3},{"damage":0,"enemies":"Looter","floor":13,"turns":4},{"damage":4,"enemies":"3 Sentries","floor":14,"turns":8},{"damage":35,"enemies":"The Guardian","floor":16,"turns":13},{"damage":24,"enemies":"Chosen","floor":18,"turns":9},{"damage":6,"enemies":"Spheric Guardian","floor":19,"turns":5}],"seed_played":"1448816953170693624","potions_obtained":[{"floor":2,"key":"Energy Potion"},{"floor":5,"key":"Explosive Potion"}],"is_trial":false,"path_per_floor":["M","M","?","M","M","R","E","M","T","M","M","R","M","E","R","B",null,"M","M"],"character_chosen":"THE_SILENT","items_purchased":[],"campfire_rested":0,"item_purchase_floors":[],"current_hp_per_floor":[64,63,63,63,63,63,45,45,45,45,42,42,42,45,45,25,66,42,36,36],"gold":400,"neow_bonus":"TEN_PERCENT_HP_BONUS","is_daily":false,"chose_seed":false,"campfire_upgraded":3,"win_rate":0.0,"timestamp":1614123361,"path_taken":["M","M","?","M","M","R","E","M","T","M","M","R","M","E","R","BOSS","M","M"],"items_purchased_type":[],"build_version":"2020-12-22","purchased_purges":0,"victory":false,"max_hp_per_floor":[72,72,72,72,72,72,72,72,72,72,72,72,72,79,79,79,79,79,79,79],"relic_stats":{"counters":[13,71],"Black Star":0,"Whetstone":["Strike_G","Slice"],"obtain_stats":[{"Strawberry":14,"Omamori":9,"Black Star":17,"Whetstone":7,"Ring of the Snake":0},{"Strawberry":10,"Omamori":6,"Black Star":11,"Whetstone":5,"Ring of the Snake":0},{"Strawberry":44,"Omamori":26,"Black Star":57,"Whetstone":23,"Ring of the Snake":0}],"Ring of the Snake":[26]},"card_choices":[{"not_picked":["Outmaneuver","Deflect"],"picked":"Slice","floor":1},{"not_picked":["Bane","Distraction"],"picked":"Dagger Throw","floor":2},{"not_picked":["Endless Agony","Sucker Punch"],"picked":"Deadly Poison","floor":4},{"not_picked":["Poisoned Stab","Slice"],"picked":"Backflip","floor":5},{"not_picked":["Calculated Gamble","Prepared"],"picked":"Dash","floor":7},{"not_picked":["Setup","Tactician","Expertise"],"picked":"SKIP","floor":8},{"not_picked":["Prepared","Concentrate","Backflip"],"picked":"SKIP","floor":10},{"not_picked":["A Thousand Cuts","Prepared","Slice"],"picked":"SKIP","floor":11},{"not_picked":["Underhanded Strike","Deadly Poison"],"picked":"PiercingWail","floor":13},{"not_picked":["Flechettes","Sucker Punch","Tactician"],"picked":"SKIP","floor":14},{"not_picked":["Doppelganger","Grand Finale"],"picked":"Phantasmal Killer","floor":16},{"not_picked":["Bane","Masterful Stab+1"],"picked":"Prepared+1","floor":18}],"player_experience":633540,"relics_obtained":[{"floor":7,"key":"Whetstone"},{"floor":9,"key":"Omamori"},{"floor":14,"key":"Strawberry"}],"event_choices":[{"damage_healed":0,"gold_gain":0,"cards_transformed":["Strike_G"],"player_choice":"Transformed","damage_taken":0,"max_hp_gain":0,"max_hp_loss":0,"event_name":"Transmorgrifier","floor":3,"gold_loss":0,"cards_obtained":["Venomology"]}],"is_beta":false,"boss_relics":[{"not_picked":["HoveringKite","Sozu"],"picked":"Black Star"}],"items_purged_floors":[],"is_endless":false,"potions_floor_spawned":[2,5,14,16,18],"killed_by":"Spheric Guardian","ascension_level":20}}