{"host":"mi0eibewekhugwl1","time":1614094529,"event":{"mods":["AchievementEnabler","BaseMod","Colored Map","Colored Powertips","DeckTracker","Keyboard Shortcuts","Minty Spire (QoL Compilation)","Quick Restart","Rare Cards Sparkle","Relic Stats","StSLib","SuperFastMode","everything is the same but u backflip on backflip"],"gold_per_floor":[109,109,109,124,124,124,155,172,172,206,206,216,241,252,252,324,324,336,221,221,232,232,232,265,265,291,291,72,89,114,147,147,224,224,242,253,253,93,103,103,133,133,157,186,186,220,220,237,237,237,237],"floor_reached":50,"language":"KOR","playtime":852,"items_purged":["Strike_R"],"score":1418,"play_id":"5ebb23a5-c841-4235-9936-d3ca61430d61","local_time":"20210224003529","is_ascension_mode":true,"campfire_choices":[{"data":"Fire Breathing","floor":6.0,"key":"SMITH"},{"data":"Cleave","floor":11.0,"key":"SMITH"},{"data":"Carnage","floor":15.0,"key":"SMITH"},{"data":"Inflame","floor":23.0,"key":"SMITH"},{"data":"Feed","floor":27.0,"key":"SMITH"},{"data":"Shrug It Off","floor":32.0,"key":"SMITH"},{"floor":40,"key":"REST"},{"data":"Reaper","floor":42,"key":"SMITH"},{"data":"Seeing Red","floor":47,"key":"SMITH"},{"floor":49,"key":"RECALL"}],"circlet_count":0,"master_deck":["AscendersBane","Strike_R","Strike_R","Strike_R","Strike_R+1","Defend_R+1","Defend_R","Defend_R","Defend_R","Bash+1","Fire Breathing+1","Cleave+1","Carnage+1","Headbutt","Battle Trance+1","Feed+1","Twin Strike+1","Inflame+1","Necronomicurse","Clothesline+1","Seeing Red+1","Decay","Power Through+1","Shrug It Off","Perfected Strike+1","Impervious","Reaper+1","Rampage"],"relics":["Burning Blood","NeowsBlessing","Pantograph","Akabeko","PreservedInsect","Orichalcum","Thread and Needle","Sozu","Necronomicon","Regal Pillow","War Paint","Happy Flower","Bronze Scales","Red Mask","Mark of Pain","Bag of Marbles","Juzu Bracelet","Smiling Mask","Boot"],"acts_visited":["Exordium","TheCity","TheBeyond"],"potions_floor_usage":[],"damage_taken":[{"damage":0.0,"enemies":"Cultist","floor":1.0,"turns":1.0},{"damage":0.0,"enemies":"Jaw Worm","floor":4.0,"turns":1.0},{"damage":0.0,"enemies":"3 Sentries","floor":7.0,"turns":2.0},{"damage":2.0,"enemies":"Small Slimes","floor":8.0,"turns":2.0},{"damage":35.0,"enemies":"Lagavulin","floor":10.0,"turns":5.0},{"damage":0.0,"enemies":"Exordium Wildlife","floor":12.0,"turns":2.0},{"damage":0.0,"enemies":"Gremlin Nob","floor":13.0,"turns":2.0},{"damage":0.0,"enemies":"2 Fungi Beasts","floor":14.0,"turns":2.0},{"damage":0.0,"enemies":"Slime Boss","floor":16.0,"turns":5.0},{"damage":19.0,"enemies":"Shell Parasite","floor":18.0,"turns":3.0},{"damage":0.0,"enemies":"Chosen","floor":21.0,"turns":3.0},{"damage":8.0,"enemies":"Gremlin Leader","floor":24.0,"turns":3.0},{"damage":0.0,"enemies":"3 Cultists","floor":29.0,"turns":3.0},{"damage":14.0,"enemies":"Book of Stabbing","floor":30.0,"turns":3.0},{"damage":9.0,"enemies":"Masked Bandits","floor":31.0,"turns":4.0},{"damage":33.0,"enemies":"Automaton","floor":33.0,"turns":7.0},{"damage":9,"enemies":"3 Darklings","floor":35,"turns":5},{"damage":0,"enemies":"Orb Walker","floor":36,"turns":2},{"damage":33,"enemies":"Transient","floor":39,"turns":6},{"damage":0,"enemies":"Nemesis","floor":41,"turns":3},{"damage":65,"enemies":"Reptomancer","floor":44,"turns":6},{"damage":8,"enemies":"Giant Head","floor":46,"turns":6},{"damage":14,"enemies":"Maw","floor":48,"turns":6},{"damage":110,"enemies":"Awakened One","floor":50,"turns":9}],"seed_played":"-8988666331229745940","potions_obtained":[{"floor":1.0,"key":"Explosive Potion"},{"floor":7.0,"key":"Ancient Potion"},{"floor":12.0,"key":"AttackPotion"}],"is_trial":false,"path_per_floor":["M","?","?","M","?","R","E","M","T","E","R","M","E","M","R","B",null,"M","$","?","M","?","R","E","?","T","R","$","M","E","?","R","B",null,"M","M","?","$","M","R","E","R","T","E","?","E","R","M","R","B"],"character_chosen":"IRONCLAD","items_purchased":["Inflame","Happy Flower","Shrug It Off","Bag of Marbles"],"campfire_rested":1,"item_purchase_floors":[19,28,28,38],"current_hp_per_floor":[74,79,74,80,56,56,62,66,66,37,37,43,49,55,55,80,80,70,70,49,58,58,58,56,56,56,56,56,62,54,51,51,49,77,74,80,80,80,53,86,86,86,86,27,71,69,69,65,65,0,0],"gold":237,"neow_bonus":"THREE_ENEMY_KILL","is_daily":false,"chose_seed":false,"campfire_upgraded":8,"win_rate":0.0,"timestamp":1614094529,"path_taken":["M","?","?","M","?","R","E","M","T","E","R","M","E","M","R","BOSS","M","$","?","M","?","R","E","?","T","R","$","M","E","?","R","BOSS","M","M","?","$","M","R","E","R","T","E","?","E","R","M","R","BOSS"],"items_purchased_type":["Card","Relic","Card","Relic"],"build_version":"2020-12-22","purchased_purges":1,"victory":false,"max_hp_per_floor":[75,80,80,80,80,80,80,80,80,80,80,80,80,80,80,80,80,83,83,83,86,86,86,86,86,86,86,86,86,86,86,86,86,86,86,86,86,86,86,86,86,86,86,86,71,71,71,75,75,75,75],"relic_stats":{"Regal Pillow":8,"Happy Flower":[20],"counters":[24,91],"PreservedInsect":383,"Juzu Bracelet":0,"Orichalcum":[210],"War Paint":["Battle Trance","Defend_R"],"Smiling Mask":0,"Boot":[0],"Burning Blood":126,"Sozu":6,"Pantograph":60,"Bronze Scales":[169],"Necronomicon":[39],"obtain_stats":[{"Regal Pillow":24,"NeowsBlessing":0,"Happy Flower":28,"Thread and Needle":13,"PreservedInsect":9,"Juzu Bracelet":41,"Orichalcum":10,"War Paint":26,"Smiling Mask":44,"Boot":46,"Burning Blood":0,"Akabeko":7,"Sozu":17,"Pantograph":3,"Bronze Scales":30,"Mark of Pain":34,"Necronomicon":20,"Red Mask":31,"Bag of Marbles":38},{"Regal Pillow":12,"NeowsBlessing":0,"Happy Flower":12,"Thread and Needle":7,"PreservedInsect":4,"Juzu Bracelet":20,"Orichalcum":5,"War Paint":12,"Smiling Mask":21,"Boot":22,"Burning Blood":0,"Akabeko":3,"Sozu":9,"Pantograph":1,"Bronze Scales":14,"Mark of Pain":16,"Necronomicon":10,"Red Mask":15,"Bag of Marbles":18},{"Regal Pillow":31,"NeowsBlessing":0,"Happy Flower":31,"Thread and Needle":15,"PreservedInsect":6,"Juzu Bracelet":64,"Orichalcum":11,"War Paint":31,"Smiling Mask":70,"Boot":76,"Burning Blood":0,"Akabeko":4,"Sozu":22,"Pantograph":1,"Bronze Scales":37,"Mark of Pain":48,"Necronomicon":25,"Red Mask":41,"Bag of Marbles":55}]},"card_choices":[{"not_picked":["True Grit","Sever Soul"],"picked":"Fire Breathing","floor":1.0},{"not_picked":["Dual Wield","Infernal Blade"],"picked":"Cleave","floor":4.0},{"not_picked":["Clash","Havoc","Whirlwind"],"picked":"SKIP","floor":7.0},{"not_picked":["Burning Pact","Body Slam"],"picked":"Carnage","floor":8.0},{"not_picked":["Perfected Strike","Blood for Blood"],"picked":"Headbutt","floor":10.0},{"not_picked":["Infernal Blade","Armaments","Flex"],"picked":"SKIP","floor":12.0},{"not_picked":["Sword Boomerang","Flex","True Grit"],"picked":"SKIP","floor":13.0},{"not_picked":["True Grit","Perfected Strike"],"picked":"Battle Trance","floor":14.0},{"not_picked":["Limit Break","Barricade"],"picked":"Feed","floor":16.0},{"not_picked":["Thunderclap","Cleave"],"picked":"Twin Strike+1","floor":18.0},{"not_picked":["Twin Strike","Infernal Blade"],"picked":"Clothesline+1","floor":21.0},{"not_picked":["Shockwave","Clothesline+1"],"picked":"Seeing Red","floor":24.0},{"not_picked":["Clothesline","Perfected Strike"],"picked":"Power Through+1","floor":29.0},{"not_picked":["Anger+1","Thunderclap"],"picked":"Shrug It Off","floor":30.0},{"not_picked":["Flame Barrier","Iron Wave"],"picked":"Perfected Strike+1","floor":31.0},{"not_picked":["Brutality","Corruption"],"picked":"Impervious","floor":33.0},{"not_picked":["Havoc+1","Clothesline","Anger"],"picked":"SKIP","floor":35},{"not_picked":["Sword Boomerang","Iron Wave","Rupture+1"],"picked":"SKIP","floor":36},{"not_picked":["Dark Embrace","Combust","Infernal Blade"],"picked":"SKIP","floor":39},{"not_picked":["Ghostly Armor","Seeing Red"],"picked":"Reaper","floor":41},{"not_picked":["Clothesline","Iron Wave","Cleave"],"picked":"SKIP","floor":44},{"not_picked":["Carnage+1","Heavy Blade","True Grit"],"picked":"SKIP","floor":46},{"not_picked":["Power Through+1","Body Slam"],"picked":"Rampage","floor":48}],"player_experience":1821568,"relics_obtained":[{"floor":7.0,"key":"Akabeko"},{"floor":9.0,"key":"PreservedInsect"},{"floor":10.0,"key":"Orichalcum"},{"floor":13.0,"key":"Thread and Needle"},{"floor":20.0,"key":"Necronomicon"},{"floor":24.0,"key":"Regal Pillow"},{"floor":26.0,"key":"War Paint"},{"floor":30.0,"key":"Bronze Scales"},{"floor":31.0,"key":"Red Mask"},{"floor":41,"key":"Juzu Bracelet"},{"floor":44,"key":"Smiling Mask"},{"floor":46,"key":"Boot"}],"event_choices":[{"damage_healed":0.0,"max_hp_gain":5.0,"max_hp_loss":0.0,"gold_gain":0.0,"event_name":"Big Fish","player_choice":"Donut","floor":2.0,"gold_loss":0.0,"damage_taken":0.0},{"damage_healed":0.0,"max_hp_gain":0.0,"max_hp_loss":0.0,"gold_gain":0.0,"event_name":"Scrap Ooze","player_choice":"Success","floor":3.0,"gold_loss":0.0,"damage_taken":5.0,"relics_obtained":["Pantograph"]},{"damage_healed":0.0,"max_hp_gain":0.0,"max_hp_loss":0.0,"gold_gain":0.0,"event_name":"Shining Light","player_choice":"Entered Light","floor":5.0,"gold_loss":0.0,"damage_taken":24.0,"cards_upgraded":["Strike_R","Bash"]},{"damage_healed":0.0,"max_hp_gain":0.0,"max_hp_loss":0.0,"gold_gain":0.0,"event_name":"Cursed Tome","player_choice":"Obtained Book","floor":20.0,"gold_loss":0.0,"damage_taken":21.0},{"damage_healed":0.0,"max_hp_gain":0.0,"max_hp_loss":0.0,"gold_gain":0.0,"event_name":"The Mausoleum","player_choice":"Ignored","floor":22.0,"gold_loss":0.0,"damage_taken":0.0},{"damage_healed":0.0,"max_hp_gain":0.0,"max_hp_loss":0.0,"gold_gain":0.0,"event_name":"Forgotten Altar","player_choice":"Smashed Altar","floor":25.0,"gold_loss":0.0,"damage_taken":0.0,"cards_obtained":["Decay"]},{"damage_healed":0.0,"max_hp_gain":0.0,"max_hp_loss":0.0,"gold_gain":0.0,"event_name":"Masked Bandits","player_choice":"Fought Bandits","floor":31.0,"gold_loss":0.0,"damage_taken":0.0},{"cards_removed":["Shrug It Off"],"damage_healed":0,"gold_gain":0,"player_choice":"Removed Skill","damage_taken":0,"max_hp_gain":0,"max_hp_loss":0,"event_name":"Falling","floor":37,"gold_loss":0},{"damage_healed":71,"gold_gain":0,"player_choice":"Heal","damage_taken":0,"max_hp_gain":0,"max_hp_loss":15,"event_name":"The Moai Head","floor":45,"gold_loss":0}],"is_beta":false,"boss_relics":[{"not_picked":["Empty Cage","Black Blood"],"picked":"Sozu"},{"not_picked":["Pandora\u0027s Box","Tiny House"],"picked":"Mark of Pain"}],"items_purged_floors":[19],"is_endless":false,"potions_floor_spawned":[1,7,12,13,21,30,33,35,36,44],"killed_by":"Awakened One","ascension_level":20}}