{"host":"jsd6g3c2vo13e69c","time":1614074300,"event":{"mods":["2.2 Compatiblity","Act Like it!","BaseMod","Better Altar","Better Match","Better Note","Better Sensory Stone","Better Third Choice","BetterRewards","Colored Map","Colored Powertips","Downfall","Friendly Minions","GifTheSpireLib","Googly Eyes","Gremlin Mod","Hermit","Hubris","Infinite Spire","Melee Mod","Minty Spire (QoL Compilation)","Permanent Neow","Quick Restart","Random Character Button","Replay The Spire","Shop Mod","Spire Arcade","StSLib","The Cursed","The Disciple","The Forsaken","thorton"],"gold_per_floor":[110,110,35,55,67,101,111,111,111,125,125,50,65,78,78,177,177,188,188,205,205,205,205,219,219,219,219,219,274,286,305,305,410,410,426,426,444,444,444,444,477,523,602,602,602,622,638,648,648,648],"floor_reached":51,"language":"ENG","playtime":2680,"items_purged":["meleeMod_Shield"],"score":854,"play_id":"769be498-1b9d-44d6-bc4e-aa6a160e6556","local_time":"20210223045820","is_ascension_mode":false,"campfire_choices":[{"data":"meleeMod_ShieldPoke","floor":8,"key":"SMITH"},{"data":"meleeMod_FalconPunch","floor":11,"key":"SMITH"},{"data":"meleeMod_Randall","floor":15,"key":"SMITH"},{"data":"hubris:DuctTapeCard","floor":23,"key":"SMITH"},{"data":"meleeMod_Taunt","floor":25,"key":"SMITH"},{"data":"meleeMod_DropZone","floor":28,"key":"SMITH"},{"data":"meleeMod_UpAir","floor":32,"key":"SMITH"},{"data":"Madness","floor":40,"key":"SMITH"},{"floor":49,"key":"RECALL"}],"circlet_count":0,"master_deck":["meleeMod_Jab+1","meleeMod_Jab+1","meleeMod_Jab+1","meleeMod_Jab+1","meleeMod_Shield+1","meleeMod_Shield+1","meleeMod_NeutralAir+1","meleeMod_BackAir+1","meleeMod_DropZone+1","meleeMod_ShieldPoke+1","meleeMod_Knee+1","meleeMod_UpAir+1","meleeMod_Randall+1","meleeMod_SomebodyClipThat+1","CurseOfTheBell","hubris:DuctTapeCard+2","meleeMod_SoftKnee+1","meleeMod_Taunt+1","meleeMod_Knee+1","meleeMod_Knee+1","meleeMod_AmsahTech+1","meleeMod_DashDance+1","Madness+1","Madness+1","meleeMod_DashDance+1","Madness+1","meleeMod_ShieldPoke+1","meleeMod_BabActivated+1","Spreading Infection","Languid","meleeMod_WallJump+1","meleeMod_NeutralAir+1"],"relics":["meleeMod_TeamBeerMang0","Iron Hammer","Replay:Bottled Eggs","Calling Bell","Pen Nib","hubris:GlazedTorus","hubris:DuctTape","hubris:Towel","meleeMod_FourStock","hubris:BottledHeart","Lantern","thethorton:CrushedCigarette","Replay:Rubber Ducky","Counterbalance","hubris:CrystalStatue","downfall:ExtraCursedKey","meleeMod_BMoveUser"],"acts_visited":["Exordium","TheCity","TheBeyond"],"potions_floor_usage":[6,16,24,33,42,50,50],"damage_taken":[{"damage":0,"enemies":"Cultist","floor":1,"turns":3},{"damage":0,"enemies":"Small Slimes","floor":4,"turns":2},{"damage":0,"enemies":"Jaw Worm","floor":5,"turns":1},{"damage":34,"enemies":"3 Sentries","floor":6,"turns":6},{"damage":6,"enemies":"Red Slaver","floor":7,"turns":2},{"damage":0,"enemies":"Large Slime","floor":10,"turns":3},{"damage":0,"enemies":"Blue Slaver","floor":13,"turns":1},{"damage":6,"enemies":"Exordium Thugs","floor":14,"turns":3},{"damage":14,"enemies":"Hexaghost","floor":16,"turns":5},{"damage":10,"enemies":"Chosen","floor":18,"turns":3},{"damage":0,"enemies":"2 Thieves","floor":20,"turns":3},{"damage":9,"enemies":"Snake Plant","floor":24,"turns":3},{"damage":0,"enemies":"Centurion and Healer","floor":30,"turns":3},{"damage":0,"enemies":"3 Cultists","floor":31,"turns":4},{"damage":0,"enemies":"hubris:MusketHawk","floor":33,"turns":5},{"damage":0,"enemies":"3 Shapes","floor":35,"turns":3},{"damage":0,"enemies":"Orb Walker","floor":37,"turns":2},{"damage":0,"enemies":"Giant Head","floor":41,"turns":5},{"damage":0,"enemies":"2 Orb Walkers","floor":42,"turns":4},{"damage":0,"enemies":"Transient","floor":46,"turns":5},{"damage":0,"enemies":"Spire Growth","floor":47,"turns":3},{"damage":0,"enemies":"Writhing Mass","floor":48,"turns":2},{"damage":0,"enemies":"Time Eater","floor":50,"turns":6}],"seed_played":"-5766169599285986570","potions_obtained":[{"floor":1,"key":"LifebloodPotion"},{"floor":6,"key":"SpeedPotion"},{"floor":7,"key":"Cursed Concoction"},{"floor":14,"key":"Block Potion"},{"floor":18,"key":"PowerPotion"},{"floor":30,"key":"FairyPotion"},{"floor":35,"key":"BlessingOfTheForge"},{"floor":42,"key":"champ:CounterPotion"},{"floor":46,"key":"Reflective Coating"}],"is_trial":false,"path_per_floor":["M","?","$","M","M","E","M","R","T","M","R","?","M","M","R","B",null,"M","?","M","?","?","R","M","R","T","?","R","T","M","M","R","B",null,"M","?","M","?","?","R","E","?","T","?","T","M","M","M","R","B",null],"character_chosen":"FALCON","items_purchased":[],"campfire_rested":0,"item_purchase_floors":[],"current_hp_per_floor":[85,85,85,85,85,51,45,45,45,45,45,45,45,39,39,25,85,75,75,75,75,75,75,66,66,66,1,1,1,1,1,1,1,1,1,1,1,1,1,1,1,1,1,1,1,1,1,1,1,1],"gold":648,"neow_bonus":"RANDOM_EVENT","is_daily":false,"chose_seed":false,"campfire_upgraded":8,"win_rate":0.0,"timestamp":1614074300,"path_taken":["M","?","?","M","M","E","?","R","T","M","R","?","M","M","R","BOSS","M","?","M","?","?","R","?","R","T","?","R","?","M","M","R","BOSS","M","?","M","?","?","R","E","?","T","?","?","M","M","M","R","BOSS"],"items_purchased_type":[],"build_version":"2020-12-22","purchased_purges":1,"victory":true,"max_hp_per_floor":[85,85,85,85,85,85,85,85,85,85,85,85,85,85,85,85,85,85,85,85,85,85,85,85,85,85,1,1,1,1,1,1,1,1,1,1,1,1,1,1,1,1,1,1,1,1,1,1,1,1],"card_choices":[{"not_picked":["meleeMod_FalconDive","meleeMod_FalconKick"],"picked":"meleeMod_DropZone","floor":1},{"not_picked":["meleeMod_UpSmash","meleeMod_WallJump"],"picked":"meleeMod_Taunt","floor":4},{"not_picked":["meleeMod_RockCrock","meleeMod_RaptorBoost","meleeMod_DownTilt"],"picked":"SKIP","floor":5},{"not_picked":["meleeMod_RaptorBoost","meleeMod_Moonwalking","meleeMod_FalconKick"],"picked":"SKIP","floor":6},{"not_picked":["meleeMod_FireFlower","meleeMod_L_Cancel"],"picked":"meleeMod_ShieldPoke","floor":7},{"not_picked":["meleeMod_HaxDash","meleeMod_WaveDash"],"picked":"meleeMod_FalconPunch","floor":10},{"not_picked":["meleeMod_CommandGrab+1","meleeMod_DashDance+1"],"picked":"meleeMod_Knee+1","floor":12},{"not_picked":["meleeMod_FalconKick","meleeMod_WaveLand"],"picked":"meleeMod_UpAir","floor":13},{"not_picked":["meleeMod_BackAir","meleeMod_NoDI"],"picked":"meleeMod_Randall","floor":14},{"not_picked":["meleeMod_LoseStock","meleeMod_AmsahTech"],"picked":"meleeMod_SomebodyClipThat","floor":16},{"not_picked":["meleeMod_CommandGrab","meleeMod_BabActivated+1"],"picked":"meleeMod_SoftKnee","floor":18},{"not_picked":["meleeMod_DIMixUp+1","meleeMod_UpTilt"],"picked":"meleeMod_Taunt","floor":20},{"not_picked":["meleeMod_Gentleman+1","meleeMod_NeutralAir+1"],"picked":"meleeMod_Knee+1","floor":24},{"not_picked":["meleeMod_NippleSpike","meleeMod_BackAir","meleeMod_UpSmash+1"],"picked":"SKIP","floor":30},{"not_picked":["meleeMod_HaxDash","meleeMod_NoDI"],"picked":"meleeMod_Knee+1","floor":31},{"not_picked":["meleeMod_UCF","meleeMod_SomebodyClipThat"],"picked":"meleeMod_AmsahTech","floor":33},{"not_picked":["meleeMod_SweetSpot","meleeMod_FalconDive+1"],"picked":"meleeMod_DashDance+1","floor":35},{"not_picked":["meleeMod_DownTilt","meleeMod_WallJump"],"picked":"meleeMod_DashDance+1","floor":37},{"not_picked":["meleeMod_DashDance","meleeMod_RaptorBoost"],"picked":"meleeMod_ShieldPoke+1","floor":41},{"not_picked":["meleeMod_AirDodge","meleeMod_BackAir"],"picked":"meleeMod_BabActivated+1","floor":42},{"not_picked":["meleeMod_SoftKnee","meleeMod_DownSmash"],"picked":"meleeMod_WallJump+1","floor":46},{"not_picked":["meleeMod_Wildfire+1","meleeMod_SweetSpot"],"picked":"meleeMod_NeutralAir","floor":47},{"not_picked":["meleeMod_UpTilt+1","meleeMod_AirDodge","meleeMod_Moonwalking+1"],"picked":"SKIP","floor":48}],"player_experience":404748,"relics_obtained":[{"floor":6,"key":"Iron Hammer"},{"floor":9,"key":"Replay:Bottled Eggs"},{"floor":17,"key":"Pen Nib"},{"floor":17,"key":"hubris:GlazedTorus"},{"floor":17,"key":"hubris:DuctTape"},{"floor":26,"key":"meleeMod_FourStock"},{"floor":29,"key":"Lantern"},{"floor":41,"key":"Replay:Rubber Ducky"},{"floor":42,"key":"Counterbalance"},{"floor":43,"key":"hubris:CrystalStatue"},{"floor":45,"key":"meleeMod_BMoveUser"}],"event_choices":[{"cards_removed":["meleeMod_Shield"],"damage_healed":0,"gold_gain":0,"player_choice":"Forget","damage_taken":0,"max_hp_gain":0,"max_hp_loss":0,"event_name":"Living Wall","floor":0,"gold_loss":0},{"damage_healed":0,"gold_gain":0,"player_choice":"Bought 0 Potions","damage_taken":0,"max_hp_gain":0,"max_hp_loss":0,"event_name":"The Woman in Blue","floor":2,"gold_loss":0},{"damage_healed":0,"gold_gain":0,"player_choice":"2","damage_taken":0,"max_hp_gain":0,"max_hp_loss":0,"event_name":"betterMatch:BetterMatch","floor":12,"gold_loss":0,"cards_obtained":["betterMatch:CommonCard"]},{"damage_healed":0,"gold_gain":0,"player_choice":"Ignored","damage_taken":0,"max_hp_gain":0,"max_hp_loss":0,"event_name":"betterNote:BetterNote","floor":19,"gold_loss":0,"cards_obtained":["thethorton:CreditCard"]},{"damage_healed":0,"gold_gain":0,"player_choice":"Embrace Madness","damage_taken":0,"max_hp_gain":0,"max_hp_loss":0,"event_name":"Winding Halls","floor":36,"gold_loss":0,"cards_obtained":["Madness","Madness"]},{"damage_healed":0,"gold_gain":3,"player_choice":"2","damage_taken":0,"max_hp_gain":0,"max_hp_loss":0,"event_name":"betterStone:BetterStone","floor":39,"gold_loss":0},{"damage_healed":0,"gold_gain":0,"player_choice":"Fight","damage_taken":0,"max_hp_gain":0,"max_hp_loss":0,"event_name":"Mysterious Sphere","floor":42,"gold_loss":0}],"is_beta":false,"boss_relics":[{"not_picked":["SacredBark","Velvet Choker"],"picked":"Calling Bell"},{"not_picked":["Busted Crown","Honey Jar"],"picked":"thethorton:CrushedCigarette"}],"items_purged_floors":[3],"is_endless":false,"potions_floor_spawned":[1,6,7,14,18,30,31,35,42,46],"ascension_level":0}}