{"host":"nwd160me4iqdtr8u","time":1614114726,"event":{"mods":["AchievementEnabler","Act Like it!","BaseMod","Colored Map","DeckTracker","Hallownest","Keyboard Shortcuts","Minty Spire (QoL Compilation)","Quick Restart","Rare Cards Sparkle","Smile Girya","StSLib","SuperFastMode","The Bug Knight","everything is the same but u backflip on backflip"],"gold_per_floor":[110,110,123,136,154,187,199,199,199,211,211,211,136,149,149,149,149],"floor_reached":16,"language":"KOR","playtime":836,"items_purged":["HollowMod:NailStrikeStart"],"score":146,"play_id":"0e52844f-b28d-4aae-8612-a85027fb1e9b","local_time":"20210224061206","is_ascension_mode":true,"campfire_choices":[{"floor":8.0,"key":"REST"},{"data":"HollowMod:HornetsHelp","floor":11.0,"key":"SMITH"},{"data":"HollowMod:MonarchWings","floor":15.0,"key":"SMITH"}],"circlet_count":0,"master_deck":["HollowMod:NailStrikeStart","HollowMod:NailStrikeStart","HollowMod:QuickDashStart","HollowMod:QuickDashStart","HollowMod:QuickDashStart","HollowMod:QuickDashStart","HollowMod:FocusHealStart","HollowMod:PogoStrike","HollowMod:HornetsHelp+1","HollowMod:MantisMark","HollowMod:MonarchWings+1","HollowMod:GrimmsGift","HollowMod:SoulSplash"],"relics":["HollowMod:VesselMask","Mercury Hourglass","Ice Cream"],"acts_visited":["Hallownest:Greenpath"],"potions_floor_usage":[16],"damage_taken":[{"damage":6.0,"enemies":"Hallownest:monsterHuskGuard","floor":1.0,"turns":4.0},{"damage":0.0,"enemies":"2_ Uuma","floor":3.0,"turns":9.0},{"damage":0.0,"enemies":"Hallownest:monsterHuskWarrior","floor":4.0,"turns":6.0},{"damage":23.0,"enemies":"Hallownest:1_Ooma_and_2_Uuma","floor":5.0,"turns":10.0},{"damage":38.0,"enemies":"Hallownest:eliteMossKnight","floor":6.0,"turns":11.0},{"damage":7.0,"enemies":"Hallownest:Guard_and_Warrior","floor":7.0,"turns":5.0},{"damage":9.0,"enemies":"Hallownest:Wandering_and_Horned","floor":10.0,"turns":5.0},{"damage":12.0,"enemies":"Hallownest:1_Ooma_and_2_Uuma","floor":14.0,"turns":8.0},{"damage":26,"enemies":"Hallownest:BossBrokenVessel","floor":16,"turns":8}],"seed_played":"-2730516882930244966","potions_obtained":[{"floor":5.0,"key":"SkillPotion"},{"floor":10.0,"key":"Block Potion"}],"is_trial":false,"path_per_floor":["M","?","M","M","M","E","?","R","T","M","R","?","$","M","R","B"],"character_chosen":"THE_BUGKNIGHT","items_purchased":[],"campfire_rested":1,"item_purchase_floors":[],"current_hp_per_floor":[68,59,59,69,52,24,17,39,39,36,36,36,36,24,24,0,0],"gold":149,"neow_bonus":"TRANSFORM_CARD","is_daily":false,"chose_seed":false,"campfire_upgraded":2,"win_rate":0.0,"timestamp":1614114726,"path_taken":["M","?","M","M","M","E","?","R","T","M","R","?","$","?","R","BOSS"],"items_purchased_type":[],"build_version":"2020-12-22","purchased_purges":1,"victory":false,"max_hp_per_floor":[75,75,75,75,75,75,75,75,75,75,75,75,75,75,75,75,75],"card_choices":[{"not_picked":["HollowMod:DashSlash","HollowMod:SharpenedNail","HollowMod:HowlingWraiths"],"picked":"SKIP","floor":1.0},{"not_picked":["HollowMod:NewJinnsSoul","HollowMod:HowlingWraiths","HollowMod:SharpenedShadows"],"picked":"SKIP","floor":3.0},{"not_picked":["HollowMod:ChannelNail","HollowMod:TaintedHusks"],"picked":"HollowMod:MantisMark","floor":4.0},{"not_picked":["HollowMod:SoulStrike","HollowMod:SiblingsSouls"],"picked":"HollowMod:MonarchWings","floor":5.0},{"not_picked":["HollowMod:CrystalDash","HollowMod:BlackTendrils"],"picked":"HollowMod:GrimmsGift","floor":6.0},{"not_picked":["HollowMod:Grubsong","HollowMod:ShadowDash"],"picked":"HollowMod:SoulSplash","floor":7.0},{"not_picked":["HollowMod:BaldurShell","HollowMod:GrimmsGift","HollowMod:VengefulSpirit"],"picked":"SKIP","floor":10.0},{"not_picked":["HollowMod:GoodIntentions","HollowMod:ShadowDash","HollowMod:PaleKingsBlessing"],"picked":"SKIP","floor":14.0}],"player_experience":516262,"relics_obtained":[{"floor":6.0,"key":"Mercury Hourglass"},{"floor":9.0,"key":"Ice Cream"}],"event_choices":[],"is_beta":false,"boss_relics":[],"items_purged_floors":[13],"is_endless":false,"potions_floor_spawned":[5,10],"killed_by":"Hallownest:BossBrokenVessel","ascension_level":9}}