{"host":"ha6p5pdchuduffeg","time":1614069788,"event":{"mods":["Act Like it!","BaseMod","Downfall","Gensokyo","KinomotoSakuraMod(ƒæ÷Æ±æ”£)","Koishi","Marisa£®ÏF”Í°°ƒß¿Ì…≥£©","Minty Spire (QoL Compilation)","Reimu£®≤©¿ˆ¡È√Œ£©","Remilia£®¿Ÿ√◊¿Ú—«£©","Replay The Spire","Spicy Shops","StSLib","The Administrix","The Hierophant","The Senshi","The Servant 0.9.4","Waifu the Spire","Youmu£®ªÍ∆«—˝√Œ£©"],"gold_per_floor":[112,122,197,197,213,248,248,283,306,317,328,328,347,75,75,173,173,187,205,61,61,61,61,92,92,171,200,200,250,265,265,265,364,364,380,49,72,72,88,123,298,298,324,84,114,126,136,171,171,274,274,292,37,57,57,57,57,82,82,82,98,129,129,129,154,154,268,268,285,307,64,95,115,160,230,268,344,376,132,154,191,219,219,235],"floor_reached":85,"language":"ZHS","playtime":2892,"items_purged":["Clumsy"],"score":1705,"play_id":"b902a210-0820-4001-a291-cbece7aaf4a8","local_time":"20210223164308","is_ascension_mode":true,"campfire_choices":[{"floor":7.0,"key":"REST"},{"floor":15.0,"key":"REST"},{"data":"Apotheosis","floor":23.0,"key":"SMITH"},{"floor":25.0,"key":"REST"},{"floor":28.0,"key":"REST"},{"floor":32.0,"key":"REST"},{"data":"Infernal Blade","floor":49,"key":"SMITH"},{"floor":57,"key":"RECALL"},{"floor":66,"key":"REST"},{"floor":83,"key":"DIG"}],"circlet_count":0,"master_deck":["Strike_R+1","Strike_R+1","Strike_R+1","Strike_R+1","Strike_R+1","Defend_R+1","Defend_R+1","Defend_R+1","Defend_R+1","Bash+1","Rage","Flex","Rampage+1","Heavy Blade+1","Twin Strike+1","Ghostly Armor","Bloodletting","Havoc","Apotheosis+1","Limit Break+1","Flex","Infernal Blade+1","Sword Boomerang+1","Limit Break+1","CurseOfTheBell","Inflame","Chrysalis+1","Limit Break+1","Gensokyo:AllTheWorldsEvil","Limit Break+1","Heavy Blade+1","Infernal Blade+1"],"relics":["Burning Blood","Centennial Puzzle","Lantern","Charon\u0027s Ashes","Strawberry","Philosopher\u0027s Stone","MealTicket","White Beast Statue","Question Card","HornCleat","TungstenRod","Calling Bell","Omamori","Mummified Hand","Bird Faced Urn","Medical Kit","Odd Mushroom","Bag of Preparation","Replay:Rubber Ducky","Replay:Wax Seal","Brimstone","Orichalcum","Bag of Marbles","RedLine:ReiMu","ReplayTheSpireMod:CursedCoin","Replay:Bottled Eggs","RuthlessExorcism:ReiMu","ReplayTheSpireMod:TigerMarble","Shuriken","Replay:Bandana","Bottled Tornado","Blue Doll","CatCart","Whetstone","Letter Opener","Another Sword","Divine Protection","Replay:Mystery Machine","Mastiff:ReiMu"],"acts_visited":["Exordium","TheCity","TheBeyond"],"potions_floor_usage":[33,33,33,46,48],"damage_taken":[{"damage":10.0,"enemies":"2 Louse","floor":1.0,"turns":3.0},{"damage":5.0,"enemies":"Cultist","floor":2.0,"turns":4.0},{"damage":8.0,"enemies":"Jaw Worm","floor":5.0,"turns":3.0},{"damage":22.0,"enemies":"3 Sentries","floor":6.0,"turns":8.0},{"damage":40.0,"enemies":"Lagavulin","floor":8.0,"turns":5.0},{"damage":3.0,"enemies":"3 Louse","floor":10.0,"turns":3.0},{"damage":5.0,"enemies":"Exordium Wildlife","floor":11.0,"turns":3.0},{"damage":5.0,"enemies":"2 Fungi Beasts","floor":13.0,"turns":2.0},{"damage":45.0,"enemies":"Slime Boss","floor":16.0,"turns":10.0},{"damage":5.0,"enemies":"Chosen","floor":18.0,"turns":4.0},{"damage":25.0,"enemies":"3 Byrds","floor":19.0,"turns":4.0},{"damage":18.0,"enemies":"Gremlin Leader","floor":24.0,"turns":3.0},{"damage":32.0,"enemies":"Slavers","floor":27.0,"turns":7.0},{"damage":29.0,"enemies":"Shelled Parasite and Fungi","floor":30.0,"turns":4.0},{"damage":101,"enemies":"Automaton","floor":33,"turns":12},{"damage":0,"enemies":"Small Slimes","floor":35,"turns":3},{"damage":0,"enemies":"The Mushroom Lair","floor":37,"turns":4},{"damage":0,"enemies":"2 Louse","floor":39,"turns":3},{"damage":25,"enemies":"Gremlin Nob","floor":40,"turns":4},{"damage":3,"enemies":"Replay:BlueRogue","floor":45,"turns":2},{"damage":0,"enemies":"Jaw Worm","floor":46,"turns":2},{"damage":0,"enemies":"3 Louse","floor":47,"turns":2},{"damage":1,"enemies":"3 Sentries","floor":48,"turns":2},{"damage":11,"enemies":"Fading Forest","floor":50,"turns":8},{"damage":0,"enemies":"Spheric Guardian","floor":52,"turns":3},{"damage":0,"enemies":"Shell Parasite","floor":54,"turns":1},{"damage":10,"enemies":"Book of Stabbing","floor":58,"turns":2},{"damage":0,"enemies":"Shelled Parasite and Fungi","floor":61,"turns":2},{"damage":0,"enemies":"Slavers","floor":62,"turns":2},{"damage":0,"enemies":"Snecko","floor":65,"turns":1},{"damage":13,"enemies":"Automaton","floor":67,"turns":3},{"damage":0,"enemies":"Orb Walker","floor":69,"turns":2},{"damage":0,"enemies":"3 Shapes","floor":70,"turns":2},{"damage":0,"enemies":"3 Darklings","floor":72,"turns":2},{"damage":0,"enemies":"Writhing Mass","floor":73,"turns":1},{"damage":0,"enemies":"Reptomancer","floor":74,"turns":2},{"damage":0,"enemies":"Orin","floor":75,"turns":4},{"damage":1,"enemies":"Giant Head","floor":76,"turns":2},{"damage":2,"enemies":"Reptomancer","floor":78,"turns":2},{"damage":0,"enemies":"Sphere and 2 Shapes","floor":80,"turns":2},{"damage":0,"enemies":"Giant Head","floor":81,"turns":1},{"damage":0,"enemies":"4 Shapes","floor":82,"turns":1},{"damage":4,"enemies":"Replay:Hell Engine","floor":84,"turns":2}],"seed_played":"2357491805422096180","potions_obtained":[{"floor":2.0,"key":"Weak Potion"},{"floor":5.0,"key":"AttackPotion"},{"floor":13.0,"key":"DuplicationPotion"},{"floor":16.0,"key":"DistilledChaos"},{"floor":19.0,"key":"DuplicationPotion"},{"floor":24.0,"key":"Explosive Potion"},{"floor":27.0,"key":"Fire Potion"},{"floor":30.0,"key":"Toxic Potion"},{"floor":33,"key":"BloodPotion"},{"floor":35,"key":"HeartOfIron"},{"floor":37,"key":"LiquidBronze"},{"floor":46,"key":"Cursed Concoction"},{"floor":47,"key":"Strength Potion"},{"floor":48,"key":"HeartOfIron"},{"floor":61,"key":"DuplicationPotion"}],"is_trial":false,"path_per_floor":["M","M","?","?","M","E","R","E","T","M","M","?","M","$","R","B",null,"M","M","$","?","?","R","E","R","T","E","R","?","M","?","R","B",null,"M","$","?","?","M","E","?","?","T","$","E","M","M","E","R","B",null,"M","$","M","$","?","R","E","?","T","M","E","?","?","M","R","B",null,"M","M","$","M","M","E","?","E","T","E","$","M","E","M","R","B",null],"character_chosen":"IRONCLAD","items_purchased":["Apotheosis","MealTicket","Inflame","Medical Kit","Chrysalis","Fruit Juice","Replay:Wax Seal","Brimstone","ReplayTheSpireMod:CursedCoin","Replay:Bottled Eggs","RuthlessExorcism:ReiMu","Bottled Tornado","Divine Protection"],"campfire_rested":6,"item_purchase_floors":[14,20,36,36,36,44,44,44,53,53,53,71,79],"current_hp_per_floor":[84,85,74,74,72,56,84,50,57,60,61,61,62,62,92,53,91,92,73,73,73,73,73,61,91,91,65,95,95,72,72,102,7,79,85,100,103,103,103,86,86,86,86,101,103,110,110,110,110,105,109,110,110,110,110,110,110,106,106,106,110,110,110,88,94,115,108,113,115,115,115,115,115,115,115,115,115,115,115,115,115,115,115,115],"gold":235,"neow_bonus":"RANDOM_EVENT","is_daily":false,"chose_seed":false,"campfire_upgraded":2,"win_rate":0.0,"timestamp":1614069788,"path_taken":["M","M","?","?","?","E","R","E","T","M","M","?","M","$","R","BOSS","M","M","$","?","?","R","E","R","T","E","R","?","?","?","R","BOSS","M","$","?","?","?","E","?","?","T","?","E","M","M","E","R","BOSS","M","$","M","$","?","R","E","?","T","M","E","?","?","M","R","BOSS","M","M","$","M","M","E","?","E","T","E","$","M","E","M","R","BOSS"],"items_purchased_type":["Card","Relic","Card","Relic","Card","Potion","Relic","Relic","Relic","Relic","Relic","Relic","Relic"],"build_version":"2020-12-22","purchased_purges":1,"victory":true,"max_hp_per_floor":[96,96,96,96,96,96,96,96,103,103,103,103,103,103,103,103,103,103,103,103,103,103,103,103,103,103,103,103,103,103,103,103,103,103,103,103,103,103,103,103,103,103,103,103,103,110,110,110,110,110,110,110,110,110,110,110,110,110,110,110,110,110,110,115,115,115,115,115,115,115,115,115,115,115,115,115,115,115,115,115,115,115,115,115],"card_choices":[{"not_picked":["True Grit","Second Wind"],"picked":"Rage","floor":1.0},{"not_picked":["Flame Barrier","Iron Wave"],"picked":"Flex","floor":2.0},{"not_picked":["Metallicize","Power Through"],"picked":"Rampage","floor":5.0},{"not_picked":["Searing Blow","True Grit"],"picked":"Heavy Blade","floor":6.0},{"not_picked":["Searing Blow","Metallicize"],"picked":"Twin Strike","floor":8.0},{"not_picked":["Wild Strike","Dropkick"],"picked":"Ghostly Armor","floor":10.0},{"not_picked":["Twin Strike","Clothesline"],"picked":"Bloodletting","floor":11.0},{"not_picked":["Dark Embrace","Thunderclap"],"picked":"Havoc","floor":13.0},{"not_picked":["Barricade","Demon Form"],"picked":"Limit Break","floor":16.0},{"not_picked":["Wild Strike+1","Body Slam"],"picked":"Flex","floor":18.0},{"not_picked":["Rage","Thunderclap","Bloodletting+1"],"picked":"SKIP","floor":19.0},{"not_picked":["Sword Boomerang","Clash","Rampage"],"picked":"SKIP","floor":24.0},{"not_picked":["Dual Wield+1","Havoc","Anger"],"picked":"Sword Boomerang+1","floor":27.0},{"not_picked":["Pummel","Armaments+1","Havoc","Pommel Strike"],"picked":"SKIP","floor":30.0},{"not_picked":["Barricade","Juggernaut","Eclipse"],"picked":"Limit Break","floor":33},{"not_picked":["Warcry","Flex","Second Wind","Pommel Strike"],"picked":"SKIP","floor":35},{"not_picked":["ReplayTheSpireMod:Strike From Hell","Headbutt","Body Slam","Replay:Undeath\u0027s Touch"],"picked":"SKIP","floor":39},{"not_picked":["Thunderclap","Feel No Pain","True Grit","Defy Death"],"picked":"SKIP","floor":40},{"not_picked":["Armaments","Clash","Iron Wave"],"picked":"Limit Break","floor":45},{"not_picked":["Headbutt","Flex","Barricade","Run Through"],"picked":"SKIP","floor":46},{"not_picked":["Sword Boomerang","Burning Pact","Hemokinesis","ReplayTheSpireMod:Stacked"],"picked":"SKIP","floor":47},{"not_picked":["Sword Boomerang","Havoc","Sever Soul","Twin Strike"],"picked":"SKIP","floor":48},{"not_picked":["True Grit","Clothesline","Metallicize","Heavy Blade"],"picked":"SKIP","floor":52},{"not_picked":["Run Through","Dark Embrace","Pommel Strike+1","Perfected Strike"],"picked":"SKIP","floor":54},{"not_picked":["Pummel","Flex","Inflame+1","Reaper"],"picked":"SKIP","floor":58},{"not_picked":["Iron Wave","Thunderclap+1","True Grit","Dropkick+1"],"picked":"SKIP","floor":61},{"not_picked":["Searing Blow","Offering","Pummel","Infernal Blade+1"],"picked":"SKIP","floor":62},{"not_picked":["Clash","Anger","Shrug It Off","Dropkick"],"picked":"SKIP","floor":65},{"not_picked":["Clothesline+1","Perfected Strike+1","Dropkick+1","Thunderclap"],"picked":"SKIP","floor":69},{"not_picked":["Perfected Strike","Wild Strike","Carnage+1","Clash+1"],"picked":"SKIP","floor":70},{"not_picked":["Wild Strike","Replay:Undeath\u0027s Touch","Shockwave","Havoc+1"],"picked":"SKIP","floor":72},{"not_picked":["ReplayTheSpireMod:Corrosion Curse","Inflame","Warcry"],"picked":"Limit Break","floor":73},{"not_picked":["Rampage","Defy Death","Run Through+1"],"picked":"Heavy Blade+1","floor":74},{"not_picked":["Shrug It Off+1","Sword Boomerang","Thunderclap"],"picked":"Infernal Blade+1","floor":76},{"not_picked":["Rupture","Demon Form","Uppercut","Feel No Pain"],"picked":"SKIP","floor":78},{"not_picked":["Combust","Shrug It Off+1","Second Wind+1","Evolve"],"picked":"SKIP","floor":80},{"not_picked":["Anger+1","ReplayTheSpireMod:Limb From Limb+1","Power Through","ReplayTheSpireMod:LeadingStrike"],"picked":"SKIP","floor":81},{"not_picked":["Massacre+1","Pommel Strike+1","ReplayTheSpireMod:Muscle Training+1","Run Through+1"],"picked":"SKIP","floor":82}],"player_experience":116981,"relics_obtained":[{"floor":6.0,"key":"Lantern"},{"floor":8.0,"key":"Charon\u0027s Ashes"},{"floor":9.0,"key":"Strawberry"},{"floor":24.0,"key":"White Beast Statue"},{"floor":26.0,"key":"Question Card"},{"floor":27.0,"key":"HornCleat"},{"floor":34,"key":"Omamori"},{"floor":34,"key":"Mummified Hand"},{"floor":34,"key":"Bird Faced Urn"},{"floor":37,"key":"Odd Mushroom"},{"floor":40,"key":"Bag of Preparation"},{"floor":43,"key":"Replay:Rubber Ducky"},{"floor":45,"key":"Orichalcum"},{"floor":48,"key":"Bag of Marbles"},{"floor":60,"key":"Shuriken"},{"floor":62,"key":"Replay:Bandana"},{"floor":74,"key":"Blue Doll"},{"floor":75,"key":"CatCart"},{"floor":76,"key":"Whetstone"},{"floor":77,"key":"Letter Opener"},{"floor":78,"key":"Another Sword"},{"floor":81,"key":"Replay:Mystery Machine"},{"floor":83,"key":"Mastiff:ReiMu"}],"event_choices":[{"damage_healed":0.0,"max_hp_gain":0.0,"max_hp_loss":0.0,"gold_gain":75.0,"event_name":"World of Goop","player_choice":"Gather Gold","floor":3.0,"gold_loss":0.0,"damage_taken":11.0},{"damage_healed":0.0,"max_hp_gain":0.0,"max_hp_loss":0.0,"gold_gain":0.0,"event_name":"WeMeetAgain","player_choice":"Gave Potion","floor":4.0,"gold_loss":0.0,"damage_taken":0.0,"relics_obtained":["Centennial Puzzle"]},{"damage_healed":0.0,"max_hp_gain":0.0,"max_hp_loss":0.0,"gold_gain":0.0,"event_name":"Living Wall","player_choice":"Grow","floor":12.0,"gold_loss":0.0,"damage_taken":0.0,"cards_upgraded":["Heavy Blade"]},{"damage_healed":0.0,"max_hp_gain":0.0,"max_hp_loss":0.0,"gold_gain":0.0,"event_name":"Back to Basics","player_choice":"Simplicity","floor":21.0,"gold_loss":0.0,"damage_taken":0.0,"cards_upgraded":["Strike_R","Strike_R","Strike_R","Strike_R","Strike_R","Defend_R","Defend_R","Defend_R","Defend_R"]},{"damage_healed":0.0,"max_hp_gain":0.0,"max_hp_loss":0.0,"gold_gain":0.0,"event_name":"The Library","player_choice":"Read","floor":22.0,"gold_loss":0.0,"damage_taken":0.0,"cards_obtained":["Infernal Blade"]},{"damage_healed":0.0,"max_hp_gain":0.0,"max_hp_loss":0.0,"gold_gain":100.0,"event_name":"The Joust","player_choice":"Bet on Murderer","floor":29.0,"gold_loss":50.0,"damage_taken":0.0},{"damage_healed":0.0,"max_hp_gain":0.0,"max_hp_loss":0.0,"gold_gain":0.0,"event_name":"The Mausoleum","player_choice":"Opened","floor":31.0,"gold_loss":0.0,"damage_taken":0.0,"relics_obtained":["TungstenRod"]},{"damage_healed":0,"gold_gain":0,"player_choice":"Fought Mushrooms","damage_taken":0,"max_hp_gain":0,"max_hp_loss":0,"event_name":"Mushrooms","floor":37,"gold_loss":0},{"damage_healed":0,"gold_gain":0,"player_choice":"Got Potions","damage_taken":0,"max_hp_gain":0,"max_hp_loss":0,"event_name":"Lab","floor":38,"gold_loss":0},{"damage_healed":0,"gold_gain":175,"player_choice":"AGREE","damage_taken":0,"max_hp_gain":0,"max_hp_loss":0,"event_name":"Liars Game","floor":41,"gold_loss":0,"cards_obtained":["Doubt"]},{"damage_healed":0,"gold_gain":0,"player_choice":"Grow","damage_taken":0,"max_hp_gain":0,"max_hp_loss":0,"event_name":"Living Wall","floor":42,"gold_loss":0,"cards_upgraded":["Chrysalis"]},{"damage_healed":0,"gold_gain":0,"player_choice":"Stole Relic","damage_taken":0,"relics_obtained":["ReplayTheSpireMod:TigerMarble"],"max_hp_gain":0,"max_hp_loss":0,"event_name":"Addict","floor":56,"gold_loss":0,"cards_obtained":["Shame"]},{"cards_removed":["Shame"],"damage_healed":0,"gold_gain":0,"player_choice":"Elegance","damage_taken":0,"max_hp_gain":0,"max_hp_loss":0,"event_name":"Back to Basics","floor":63,"gold_loss":0},{"damage_healed":0,"gold_gain":0,"player_choice":"Shed Blood","damage_taken":28,"max_hp_gain":5,"max_hp_loss":0,"event_name":"Forgotten Altar","floor":64,"gold_loss":0},{"damage_healed":0,"gold_gain":0,"player_choice":"Fight","damage_taken":0,"max_hp_gain":0,"max_hp_loss":0,"event_name":"OrinTheCat","floor":75,"gold_loss":0}],"is_beta":false,"boss_relics":[{"not_picked":["Black Star","Busted Crown"],"picked":"Philosopher\u0027s Stone"},{"not_picked":["SlaversCollar","Coffee Dripper"],"picked":"Calling Bell"},{"not_picked":["Tiny House","Fusion Hammer"],"picked":"RedLine:ReiMu"},{"not_picked":["Velvet Choker","bronze:MakeshiftBattery","Replay:Drink Me"]}],"items_purged_floors":[14],"is_endless":false,"potions_floor_spawned":[2,5,13,16,19,24,27,30,33,35,37,39,40,45,46,47,48,50,52,54,58,61,62,65,67,69,70,72,73,74,75,76,78,80,81,82],"ascension_level":9}}