{"host":"cfqfeqi6u2qx5u0e","time":1614116108,"event":{"mods":["AchievementEnabler","BaseMod","Colored Powertips","Minty Spire (QoL Compilation)","Quick Restart","StSLib"],"gold_per_floor":[109,129,143,68,87,116,116,129,178,205,217,260,260,276,276,371,371,410,428,353,353,157,188,188,107,107,121,158,186,186,186,186,281,281,293,333,333,376,86,121,121,152,152,168,193,193],"floor_reached":45,"language":"ENG","playtime":7155,"items_purged":["Defend_P","Defend_P"],"score":742,"play_id":"4b8d2464-d14f-4c03-a2a6-6ecc74ee18b5","local_time":"20210223133508","is_ascension_mode":true,"campfire_choices":[{"data":"1","floor":7,"key":"LIFT"},{"data":"2","floor":13,"key":"LIFT"},{"floor":15,"key":"REST"},{"data":"3","floor":24,"key":"LIFT"},{"floor":30,"key":"REST"},{"floor":32,"key":"REST"},{"floor":41,"key":"REST"}],"circlet_count":0,"master_deck":["Strike_P","Strike_P","Eruption","Vigilance","Evaluate+1","FollowUp+1","Perseverance+1","EmptyBody","FlurryOfBlows","ConjureBlade","Consecrate","Prostrate","TalkToTheHand","Wish","Consecrate","FollowUp","Perseverance","Ragnarok","CutThroughFate","ReachHeaven+1","Devotion","Wallop","Sanctity","TalkToTheHand","Sanctity","FollowUp","J.A.X.","Consecrate","SpiritShield","SignatureMove+1","Consecrate+1","Clumsy"],"relics":["Astrolabe","Girya","StrikeDummy","Cursed Key","Omamori","Tiny Chest","Yang","Dream Catcher","Snecko Eye","WarpedTongs","CloakClasp","StoneCalendar","Ginger","White Beast Statue"],"acts_visited":["Exordium","TheCity","TheBeyond"],"potions_floor_usage":[6,10,10,23,28,29,35,36,42,45],"damage_taken":[{"damage":0,"enemies":"2 Louse","floor":1,"turns":4},{"damage":0,"enemies":"Small Slimes","floor":2,"turns":3},{"damage":0,"enemies":"Cultist","floor":3,"turns":3},{"damage":0,"enemies":"3 Louse","floor":5,"turns":2},{"damage":21,"enemies":"3 Sentries","floor":6,"turns":7},{"damage":0,"enemies":"Looter","floor":8,"turns":1},{"damage":16,"enemies":"Lagavulin","floor":10,"turns":5},{"damage":3,"enemies":"Blue Slaver","floor":11,"turns":3},{"damage":16,"enemies":"Large Slime","floor":12,"turns":5},{"damage":1,"enemies":"2 Fungi Beasts","floor":14,"turns":3},{"damage":0,"enemies":"Slime Boss","floor":16,"turns":5},{"damage":3,"enemies":"Shell Parasite","floor":18,"turns":4},{"damage":0,"enemies":"Chosen","floor":19,"turns":3},{"damage":20,"enemies":"Book of Stabbing","floor":23,"turns":4},{"damage":20,"enemies":"Shelled Parasite and Fungi","floor":27,"turns":4},{"damage":7,"enemies":"Snecko","floor":28,"turns":4},{"damage":25,"enemies":"Slavers","floor":29,"turns":4},{"damage":22,"enemies":"Collector","floor":33,"turns":6},{"damage":15,"enemies":"3 Darklings","floor":35,"turns":4},{"damage":36,"enemies":"3 Shapes","floor":36,"turns":3},{"damage":13,"enemies":"Jaw Worm Horde","floor":38,"turns":5},{"damage":0,"enemies":"Nemesis","floor":40,"turns":1},{"damage":3,"enemies":"Giant Head","floor":42,"turns":4},{"damage":7,"enemies":"Maw","floor":44,"turns":7},{"damage":34,"enemies":"Nemesis","floor":45,"turns":4}],"seed_played":"7410302548818083291","potions_obtained":[{"floor":2,"key":"CultistPotion"},{"floor":3,"key":"Strength Potion"},{"floor":5,"key":"PowerPotion"},{"floor":14,"key":"SpeedPotion"},{"floor":18,"key":"Energy Potion"},{"floor":19,"key":"GamblersBrew"},{"floor":27,"key":"Regen Potion"},{"floor":35,"key":"ColorlessPotion"},{"floor":40,"key":"Regen Potion"},{"floor":42,"key":"Swift Potion"},{"floor":44,"key":"FearPotion"}],"is_trial":false,"path_per_floor":["M","M","M","$","M","E","R","M","T","E","M","M","R","M","R","B",null,"M","M","?","?","$","E","R","$","T","M","M","E","R","?","R","B",null,"M","M","?","M","$","E","R","E","T","M","E"],"character_chosen":"WATCHER","items_purchased":["CultistPotion","Wallop","CloakClasp"],"campfire_rested":4,"item_purchase_floors":[22,25,39],"current_hp_per_floor":[72,72,72,72,72,51,51,51,51,35,32,16,16,15,36,36,72,69,69,69,69,69,49,49,49,49,29,31,6,27,27,48,26,72,57,21,21,8,8,8,29,38,38,31,0,0],"gold":193,"neow_bonus":"BOSS_RELIC","is_daily":false,"chose_seed":false,"campfire_upgraded":0,"win_rate":0.0,"timestamp":1614116108,"path_taken":["M","M","M","$","M","E","R","M","T","E","M","M","R","M","R","BOSS","M","M","?","?","$","E","R","$","T","M","M","E","R","?","R","BOSS","M","M","?","M","?","E","R","E","T","M","E"],"items_purchased_type":["Potion","Card","Relic"],"build_version":"2020-12-22","purchased_purges":2,"victory":false,"max_hp_per_floor":[72,72,72,72,72,72,72,72,72,72,72,72,72,72,72,72,72,72,72,72,72,72,72,72,72,72,72,72,72,72,72,72,72,72,72,72,72,72,72,72,72,72,72,72,72,72],"card_choices":[{"not_picked":["ThirdEye","Pray"],"picked":"EmptyBody","floor":1},{"not_picked":["Prostrate","Evaluate"],"picked":"FlurryOfBlows","floor":2},{"not_picked":["Pray","Prostrate"],"picked":"ConjureBlade","floor":3},{"not_picked":["CrushJoints","Swivel"],"picked":"Consecrate","floor":5},{"not_picked":["FlyingSleeves","Worship"],"picked":"Prostrate","floor":6},{"not_picked":["Crescendo","CrushJoints"],"picked":"TalkToTheHand","floor":8},{"not_picked":["FlyingSleeves","Evaluate"],"picked":"Wish","floor":10},{"not_picked":["JustLucky","Meditate"],"picked":"Consecrate","floor":11},{"not_picked":["Evaluate","ClearTheMind"],"picked":"FollowUp","floor":12},{"not_picked":["FlurryOfBlows","Consecrate"],"picked":"Perseverance","floor":14},{"not_picked":["Scrawl","Wish"],"picked":"Ragnarok","floor":16},{"not_picked":["Indignation","Consecrate"],"picked":"CutThroughFate","floor":18},{"not_picked":["Weave","TalkToTheHand"],"picked":"ReachHeaven+1","floor":19},{"not_picked":["EmptyFist+1","FlyingSleeves"],"picked":"Devotion","floor":23},{"not_picked":["FollowUp","Protect"],"picked":"Sanctity","floor":27},{"not_picked":["CrushJoints","WreathOfFlame+1"],"picked":"TalkToTheHand","floor":28},{"not_picked":["Halt+1","Collect+1"],"picked":"Sanctity","floor":29},{"not_picked":["Protect","Indignation+1"],"picked":"FollowUp","floor":30},{"not_picked":["Weave","SashWhip"],"picked":"Consecrate","floor":32},{"not_picked":["Alpha","Blasphemy"],"picked":"SpiritShield","floor":33},{"not_picked":["PathToVictory","EmptyBody"],"picked":"SignatureMove+1","floor":35},{"not_picked":["FlyingSleeves+1","Study","DeceiveReality"],"picked":"SKIP","floor":36},{"not_picked":["CarveReality","Halt+1","Scrawl"],"picked":"SKIP","floor":38},{"not_picked":["MentalFortress","Study+1","FlyingSleeves"],"picked":"SKIP","floor":40},{"not_picked":["EmptyFist","ClearTheMind"],"picked":"Consecrate+1","floor":41},{"not_picked":["EmptyBody+1","BowlingBash","SignatureMove+1"],"picked":"SKIP","floor":42},{"not_picked":["JustLucky","EmptyFist+1","Tantrum"],"picked":"SKIP","floor":44}],"player_experience":140527,"relics_obtained":[{"floor":6,"key":"Girya"},{"floor":10,"key":"StrikeDummy"},{"floor":23,"key":"Tiny Chest"},{"floor":26,"key":"Yang"},{"floor":29,"key":"Dream Catcher"},{"floor":40,"key":"StoneCalendar"},{"floor":42,"key":"Ginger"},{"floor":43,"key":"White Beast Statue"}],"event_choices":[{"cards_removed":["Defend_P"],"damage_healed":0,"gold_gain":0,"player_choice":"Gave Gold","damage_taken":0,"max_hp_gain":0,"max_hp_loss":0,"event_name":"Beggar","floor":20,"gold_loss":75},{"damage_healed":0,"gold_gain":0,"player_choice":"Opened","damage_taken":0,"relics_obtained":["Omamori"],"max_hp_gain":0,"max_hp_loss":0,"event_name":"The Mausoleum","floor":21,"gold_loss":0},{"damage_healed":0,"gold_gain":0,"player_choice":"Obtain J.A.X.","damage_taken":0,"max_hp_gain":0,"max_hp_loss":0,"event_name":"Drug Dealer","floor":31,"gold_loss":0,"cards_obtained":["J.A.X."]},{"damage_healed":0,"gold_gain":0,"player_choice":"Rummage","damage_taken":0,"relics_obtained":["WarpedTongs"],"max_hp_gain":0,"max_hp_loss":0,"event_name":"Accursed Blacksmith","floor":37,"gold_loss":0,"cards_obtained":["Pain"]}],"is_beta":false,"boss_relics":[{"not_picked":["Runic Pyramid","Ectoplasm"],"picked":"Cursed Key"},{"not_picked":["Velvet Choker","Coffee Dripper"],"picked":"Snecko Eye"}],"items_purged_floors":[4,22],"is_endless":false,"potions_floor_spawned":[2,3,5,14,18,19,27,35,40,42,44],"killed_by":"Nemesis","ascension_level":2}}