{"host":"fl9v8v0ogd4flw78","time":1614097268,"event":{"mods":["BaseMod","Downfall","Ekko","Gremlin Mod","Highlight Path","Koishi","Luminous","Marked Mod","Minty Spire (QoL Compilation)","Quick Restart","READ ME - Guardian Mod","Relic Stats","Replay The Spire","StSLib","Td1madao Mod","The Marked","The Servant 0.9.4"],"gold_per_floor":[116,126,140,315,326,354,354,366,366,366,36,47,9,9,9,9,9],"floor_reached":16,"language":"ZHS","playtime":990,"items_purged":[],"score":128,"play_id":"2fc75fd7-f1b3-45d1-8ce7-f7e22985b0d1","local_time":"20210224002108","is_ascension_mode":true,"campfire_choices":[{"data":"Dualcast","floor":7,"key":"SMITH"},{"floor":10,"key":"REST"},{"data":"Hologram","floor":15,"key":"SMITH"}],"circlet_count":0,"master_deck":["Strike_B","Strike_B","Strike_B","Strike_B","Defend_B","Defend_B","Defend_B","Defend_B","Zap","Dualcast+1","Coolheaded","Conserve Battery","Hologram+1","Doubt","Hologram","Auto Shields","Gash","Defragment","Stack+1","Double Energy+1"],"relics":["Cracked Core","PreservedInsect","Lantern","Toxic Egg 2"],"acts_visited":["Exordium"],"potions_floor_usage":[6,6],"damage_taken":[{"damage":4,"enemies":"Small Slimes","floor":1,"turns":4},{"damage":1,"enemies":"Jaw Worm","floor":2,"turns":4},{"damage":1,"enemies":"2 Louse","floor":3,"turns":3},{"damage":17,"enemies":"Exordium Wildlife","floor":5,"turns":4},{"damage":31,"enemies":"Gremlin Nob","floor":6,"turns":5},{"damage":20,"enemies":"Lots of Slimes","floor":8,"turns":6},{"damage":7,"enemies":"3 Louse","floor":12,"turns":5},{"damage":33,"enemies":"Hexaghost","floor":16,"turns":16}],"seed_played":"7570797784796280631","potions_obtained":[{"floor":2,"key":"bronze:BurnAndBuffPotion"},{"floor":3,"key":"FocusPotion"},{"floor":12,"key":"Explosive Potion"}],"is_trial":false,"path_per_floor":["M","M","M","?","M","E","R","M","T","R","$","M","$","?","R","B"],"character_chosen":"DEFECT","items_purchased":["Toxic Egg 2","Defragment","Double Energy+1"],"campfire_rested":1,"item_purchase_floors":[11,11,13],"current_hp_per_floor":[78,77,76,76,59,28,28,8,8,32,32,25,25,30,30,0,0],"gold":9,"neow_bonus":"TEN_PERCENT_HP_BONUS","is_daily":false,"chose_seed":false,"campfire_upgraded":2,"win_rate":0.0,"timestamp":1614097268,"path_taken":["M","M","M","?","M","E","R","M","T","R","$","M","$","?","R","BOSS"],"items_purchased_type":["Relic","Card","Card"],"build_version":"2020-12-22","purchased_purges":0,"victory":false,"max_hp_per_floor":[82,82,82,82,82,82,82,82,82,82,82,82,82,87,87,87,87],"relic_stats":{"counters":[8,47],"PreservedInsect":0,"obtain_stats":[{"Lantern":9,"PreservedInsect":6,"Toxic Egg 2":11,"Cracked Core":0},{"Lantern":6,"PreservedInsect":5,"Toxic Egg 2":6,"Cracked Core":0},{"Lantern":26,"PreservedInsect":20,"Toxic Egg 2":26,"Cracked Core":0}]},"card_choices":[{"not_picked":["Leap","Recycle"],"picked":"Coolheaded","floor":1},{"not_picked":["Cold Snap","Streamline"],"picked":"Conserve Battery","floor":2},{"not_picked":["Skim","Darkness"],"picked":"Hologram","floor":3},{"not_picked":["Barrage","Gash"],"picked":"Hologram","floor":5},{"not_picked":["Recycle","Rip and Tear"],"picked":"Auto Shields","floor":6},{"not_picked":["Compile Driver","Redo"],"picked":"Gash","floor":8},{"not_picked":["Sunder","Reinforced Body+1"],"picked":"Stack+1","floor":12}],"player_experience":539459,"relics_obtained":[{"floor":6,"key":"PreservedInsect"},{"floor":9,"key":"Lantern"}],"event_choices":[{"damage_healed":0,"gold_gain":175,"player_choice":"AGREE","damage_taken":0,"max_hp_gain":0,"max_hp_loss":0,"event_name":"Liars Game","floor":4,"gold_loss":0,"cards_obtained":["Doubt"]},{"damage_healed":0,"gold_gain":0,"player_choice":"Donut","damage_taken":0,"max_hp_gain":5,"max_hp_loss":0,"event_name":"Big Fish","floor":14,"gold_loss":0}],"is_beta":false,"boss_relics":[],"items_purged_floors":[],"is_endless":false,"potions_floor_spawned":[2,3,12],"killed_by":"Hexaghost","ascension_level":5}}