{"host":"sgdhw3pdkzxa44vc","time":1614041273,"event":{"mods":["BaseMod","Bestiary","Colored Map","Highlight Path","Minty Spire (QoL Compilation)","Relic Stats"],"gold_per_floor":[110,125,145,155,155,190,190,201,228,240,273,273,299,311,311,311,311],"floor_reached":16,"language":"ENG","playtime":586,"items_purged":[],"score":155,"play_id":"a245f6c7-5d72-4257-8470-4370b975c447","local_time":"20210223024753","is_ascension_mode":true,"campfire_choices":[{"floor":7,"key":"REST"},{"floor":15,"key":"REST"}],"circlet_count":0,"master_deck":["Strike_G","Strike_G","Strike_G","Strike_G","Strike_G","Defend_G","Defend_G","Defend_G","Defend_G","Defend_G","Survivor","Neutralize+1","Blade Dance","Backstab","All Out Attack","Dodge and Roll","Die Die Die","Accuracy","PiercingWail"],"relics":["Ring of the Snake","Snake Skull","Akabeko","Tiny Chest","Pen Nib"],"acts_visited":["Exordium"],"potions_floor_usage":[10,11,13,16],"damage_taken":[{"damage":1.0,"enemies":"2 Louse","floor":1.0,"turns":5.0},{"damage":3.0,"enemies":"Cultist","floor":2.0,"turns":4.0},{"damage":0,"enemies":"Small Slimes","floor":3,"turns":2},{"damage":3,"enemies":"3 Louse","floor":4,"turns":3},{"damage":24,"enemies":"Gremlin Nob","floor":6,"turns":4},{"damage":20,"enemies":"Exordium Thugs","floor":8,"turns":4},{"damage":4,"enemies":"Large Slime","floor":10,"turns":4},{"damage":12,"enemies":"Lagavulin","floor":11,"turns":6},{"damage":1,"enemies":"3 Sentries","floor":13,"turns":4},{"damage":5,"enemies":"Blue Slaver","floor":14,"turns":2},{"damage":46,"enemies":"The Guardian","floor":16,"turns":5}],"seed_played":"3698554339838340472","potions_obtained":[{"floor":0.0,"key":"EssenceOfSteel"},{"floor":0.0,"key":"Energy Potion"},{"floor":0.0,"key":"Weak Potion"},{"floor":10,"key":"Swift Potion"},{"floor":11,"key":"SmokeBomb"}],"is_trial":false,"path_per_floor":["M","M","M","M","?","E","R","M","T","M","E","?","E","M","R","B"],"character_chosen":"THE_SILENT","items_purchased":[],"campfire_rested":2,"item_purchase_floors":[],"current_hp_per_floor":[69,66,66,63,63,39,60,40,40,36,24,24,23,18,39,0,0],"gold":311,"neow_bonus":"THREE_SMALL_POTIONS","is_daily":false,"chose_seed":false,"campfire_upgraded":0,"win_rate":0.0,"timestamp":1614041273,"path_taken":["M","M","M","M","?","E","R","?","T","M","E","?","E","M","R","BOSS"],"items_purchased_type":[],"build_version":"2020-12-22","purchased_purges":0,"victory":false,"max_hp_per_floor":[70,70,70,70,70,70,70,70,70,70,70,70,70,70,70,70,70],"relic_stats":{"counters":[11,43],"Tiny Chest":0,"Snake Skull":[0],"Pen Nib":[1],"obtain_stats":[{"Tiny Chest":11,"Snake Skull":6,"Pen Nib":13,"Akabeko":9,"Ring of the Snake":0},{"Tiny Chest":8,"Snake Skull":5,"Pen Nib":9,"Akabeko":6,"Ring of the Snake":0},{"Tiny Chest":32,"Snake Skull":18,"Pen Nib":36,"Akabeko":22,"Ring of the Snake":0}],"Ring of the Snake":[22]},"card_choices":[{"not_picked":["Catalyst","Poisoned Stab"],"picked":"Blade Dance","floor":1.0},{"not_picked":["Reflex","Acrobatics"],"picked":"Backstab","floor":2},{"not_picked":["Dagger Throw","Calculated Gamble","Deadly Poison"],"picked":"SKIP","floor":3},{"not_picked":["Outmaneuver","Deflect"],"picked":"All Out Attack","floor":4},{"not_picked":["Dodge and Roll","Acrobatics","Dagger Throw"],"picked":"SKIP","floor":6},{"not_picked":["Catalyst","Terror"],"picked":"Dodge and Roll","floor":8},{"not_picked":["Masterful Stab","Dagger Throw","Underhanded Strike"],"picked":"SKIP","floor":10},{"not_picked":["Prepared","Bouncing Flask"],"picked":"Die Die Die","floor":11},{"not_picked":["Slice","Deflect"],"picked":"Accuracy","floor":13},{"not_picked":["Crippling Poison","Outmaneuver"],"picked":"PiercingWail","floor":14}],"player_experience":563804,"relics_obtained":[{"floor":6,"key":"Snake Skull"},{"floor":9,"key":"Akabeko"},{"floor":11,"key":"Tiny Chest"},{"floor":13,"key":"Pen Nib"}],"event_choices":[{"damage_healed":0,"gold_gain":0,"player_choice":"Upgraded","damage_taken":0,"max_hp_gain":0,"max_hp_loss":0,"event_name":"Upgrade Shrine","floor":5,"gold_loss":0,"cards_upgraded":["Neutralize"]},{"damage_healed":0,"gold_gain":0,"player_choice":"Ignored","damage_taken":0,"max_hp_gain":0,"max_hp_loss":0,"event_name":"Shining Light","floor":12,"gold_loss":0}],"is_beta":false,"boss_relics":[],"items_purged_floors":[],"is_endless":false,"potions_floor_spawned":[2,10,11],"killed_by":"The Guardian","ascension_level":5}}