{"host":"s0nrlal5fls38heo","time":1614115989,"event":{"mods":["AchievementEnabler","BaseMod","Colored Powertips","Dark Map","Displayed Cursed Tome","Downfall","Faster Ascension Climbing","GifTheSpireLib","Minty Spire (QoL Compilation)","Permanent Neow","Rare Cards Sparkle","Relic Filter Mod","Relic Stats","StSLib"],"gold_per_floor":[0,11,111,386,396,396,396,408,408,408],"floor_reached":8,"language":"ENG","playtime":101,"items_purged":[],"score":73,"play_id":"7c1b3dd5-21d2-4e79-8526-924b04f50a52","local_time":"20210223223309","is_ascension_mode":true,"campfire_choices":[{"data":"hexamod:Float","floor":1,"key":"SMITH"}],"circlet_count":0,"master_deck":["AscendersBane","hexamod:Strike","hexamod:Strike","hexamod:Strike","hexamod:Strike","hexamod:Defend","hexamod:Defend","hexamod:Defend","hexamod:Defend","hexamod:Sear","hexamod:Float+1","hexamod:FirstSeal","Regret","hexamod:RecurringNightmare","Pain"],"relics":["hexamod:SpiritBrand","Calipers","WarpedTongs","MawBank"],"acts_visited":["Exordium"],"potions_floor_usage":[],"damage_taken":[{"damage":2,"enemies":"Jaw Worm","floor":2,"turns":3},{"damage":3,"enemies":"2 Louse","floor":5,"turns":3},{"damage":0,"enemies":"Lagavulin","floor":8,"turns":1}],"seed_played":"1102979614248189137","potions_obtained":[{"floor":5,"key":"PowerPotion"}],"is_trial":false,"path_per_floor":["R","M","?","?","M","?","T","E"],"character_chosen":"THE_SPIRIT","items_purchased":[],"campfire_rested":0,"item_purchase_floors":[],"current_hp_per_floor":[63,61,61,61,65,65,65,65,65,65],"gold":408,"neow_bonus":"ONE_RARE_RELIC","is_daily":false,"chose_seed":false,"campfire_upgraded":1,"win_rate":0.0,"timestamp":1614115989,"path_taken":["R","M","?","?","?","?","T","E"],"items_purchased_type":[],"build_version":"2020-12-22","purchased_purges":0,"victory":false,"max_hp_per_floor":[70,70,70,70,70,70,70,70,70,70],"relic_stats":{"counters":[3,7],"MawBank":12,"obtain_stats":[{"Calipers":0,"MawBank":7,"hexamod:SpiritBrand":0,"WarpedTongs":6},{"Calipers":0,"MawBank":2,"hexamod:SpiritBrand":0,"WarpedTongs":2},{"Calipers":0,"MawBank":6,"hexamod:SpiritBrand":0,"WarpedTongs":6}],"WarpedTongs":[1]},"card_choices":[{"not_picked":["hexamod:InspiringFlames","hexamod:NightmareStrike"],"picked":"hexamod:FirstSeal","floor":2},{"not_picked":["hexamod:Firestarter","hexamod:Incineration"],"picked":"hexamod:RecurringNightmare","floor":5}],"player_experience":78418,"relics_obtained":[{"floor":7,"key":"MawBank"}],"event_choices":[{"damage_healed":0,"gold_gain":0,"player_choice":"Rummage","damage_taken":0,"relics_obtained":["WarpedTongs"],"max_hp_gain":0,"max_hp_loss":0,"event_name":"Accursed Blacksmith","floor":6,"gold_loss":0,"cards_obtained":["Pain"]}],"is_beta":false,"boss_relics":[],"items_purged_floors":[],"is_endless":false,"potions_floor_spawned":[5],"killed_by":"Lagavulin","ascension_level":13}}