{"host":"q6ff4ns2kep02ti6","time":1614109472,"event":{"mods":["AchievementEnabler","BaseMod","Minty Spire (QoL Compilation)","Relic Stats","StSLib","Unceasing Turn Reminder"],"gold_per_floor":[369,30,48,66,76,108,108,125,125,125,144,173,173,185,185,264,264,278,296,296,309,5,37,37,67,122,150,250,250,250,278,278,351,351,368,368,122,132,148,181,213,213,213,213,242,269,294,304,304,304,304],"floor_reached":50,"language":"ENG","playtime":5730,"items_purged":["Injury"],"score":1631,"play_id":"c28c29d0-8cec-4cb9-a1a3-9427d722c091","local_time":"20210223204432","is_ascension_mode":true,"campfire_choices":[{"data":"Uppercut","floor":7,"key":"SMITH"},{"data":"Iron Wave","floor":10,"key":"SMITH"},{"data":"True Grit","floor":13,"key":"SMITH"},{"data":"Shockwave","floor":15,"key":"SMITH"},{"floor":24,"key":"REST"},{"data":"RitualDagger","floor":30,"key":"SMITH"},{"data":"Flame Barrier","floor":32,"key":"SMITH"},{"data":"Corruption","floor":42,"key":"SMITH"},{"data":"Dark Embrace","floor":44,"key":"SMITH"},{"floor":49,"key":"RECALL"}],"circlet_count":0,"master_deck":["AscendersBane","Strike_R","Strike_R","Defend_R","Defend_R","Defend_R","Defend_R","Bash","Clumsy","Pommel Strike","Wild Strike","Uppercut+1","Inflame","Iron Wave+1","True Grit+1","Shockwave+1","Corruption+1","Anger+1","Feel No Pain","Shrug It Off","Master of Strategy","Dark Shackles","Dark Embrace+1","Feel No Pain","RitualDagger+1","Flame Barrier+1","Offering","Shockwave+1","Juggernaut+1","Dropkick+1","Warcry+1","Armaments+1","Seeing Red+1","Juggernaut"],"relics":["Burning Blood","Gambling Chip","Paper Frog","Bronze Scales","Tiny Chest","Cursed Key","Nilry\u0027s Codex","Ornamental Fan","Bag of Preparation","StrikeDummy","Champion Belt","Bottled Tornado","WingedGreaves","Astrolabe","Centennial Puzzle","Sundial","HornCleat","Boot","Orichalcum","Potion Belt"],"acts_visited":["Exordium","TheCity","TheBeyond"],"potions_floor_usage":[6,12,16,25,25,27,35,48,50],"damage_taken":[{"damage":6,"enemies":"Cultist","floor":1,"turns":3},{"damage":7,"enemies":"2 Louse","floor":3,"turns":3},{"damage":5,"enemies":"Small Slimes","floor":4,"turns":3},{"damage":14,"enemies":"Looter","floor":5,"turns":3},{"damage":20,"enemies":"Lagavulin","floor":6,"turns":5},{"damage":13,"enemies":"Blue Slaver","floor":8,"turns":4},{"damage":7,"enemies":"Lots of Slimes","floor":11,"turns":4},{"damage":0,"enemies":"Gremlin Nob","floor":12,"turns":3},{"damage":12,"enemies":"Gremlin Gang","floor":14,"turns":4},{"damage":14,"enemies":"Hexaghost","floor":16,"turns":8},{"damage":13,"enemies":"Spheric Guardian","floor":18,"turns":4},{"damage":7,"enemies":"2 Thieves","floor":19,"turns":4},{"damage":3,"enemies":"Centurion and Healer","floor":21,"turns":7},{"damage":11,"enemies":"Book of Stabbing","floor":23,"turns":6},{"damage":13,"enemies":"Slavers","floor":25,"turns":5},{"damage":0,"enemies":"Gremlin Leader","floor":27,"turns":6},{"damage":4,"enemies":"Colosseum Slavers","floor":28,"turns":4},{"damage":8,"enemies":"Colosseum Nobs","floor":28,"turns":4},{"damage":7,"enemies":"Slavers","floor":31,"turns":4},{"damage":19,"enemies":"Automaton","floor":33,"turns":9},{"damage":10,"enemies":"3 Darklings","floor":35,"turns":4},{"damage":0,"enemies":"Orb Walker","floor":38,"turns":4},{"damage":11,"enemies":"Transient","floor":39,"turns":6},{"damage":15,"enemies":"Giant Head","floor":40,"turns":7},{"damage":12,"enemies":"Nemesis","floor":41,"turns":7},{"damage":6,"enemies":"Giant Head","floor":45,"turns":7},{"damage":0,"enemies":"Reptomancer","floor":46,"turns":4},{"damage":6,"enemies":"Giant Head","floor":47,"turns":6},{"damage":4,"enemies":"Writhing Mass","floor":48,"turns":6},{"damage":69,"enemies":"Awakened One","floor":50,"turns":12}],"seed_played":"430587778795482484","potions_obtained":[{"floor":4,"key":"DistilledChaos"},{"floor":5,"key":"SpeedPotion"},{"floor":6,"key":"PowerPotion"},{"floor":11,"key":"Dexterity Potion"},{"floor":12,"key":"CultistPotion"},{"floor":19,"key":"GamblersBrew"},{"floor":25,"key":"Regen Potion"},{"floor":27,"key":"BloodPotion"},{"floor":28,"key":"FearPotion"},{"floor":35,"key":"Weak Potion"},{"floor":39,"key":"Energy Potion"}],"is_trial":false,"path_per_floor":["M","$","M","M","M","E","R","M","T","R","M","E","R","M","R","B",null,"M","M","?","M","$","E","R","E","T","E","?","?","R","E","R","B",null,"M","T","$","M","M","E","E","R","T","R","E","E","E","M","R","B"],"character_chosen":"IRONCLAD","items_purchased":["Gambling Chip","Master of Strategy","Dark Shackles","Centennial Puzzle"],"campfire_rested":1,"item_purchase_floors":[2,22,22,37],"current_hp_per_floor":[68,68,67,68,60,46,46,39,39,39,38,44,44,38,38,30,64,57,56,35,38,38,33,55,48,48,69,69,63,63,62,62,49,69,75,75,75,75,70,61,55,55,55,55,55,61,61,63,63,0,0],"gold":304,"neow_bonus":"TWO_FIFTY_GOLD","is_daily":false,"chose_seed":false,"campfire_upgraded":8,"win_rate":0.0,"timestamp":1614109472,"path_taken":["M","$","M","M","M","E","R","?","T","R","M","E","R","M","R","BOSS","M","M","?","M","$","E","R","E","T","E","?","?","R","E","R","BOSS","M","?","$","M","M","E","E","R","T","R","E","E","E","M","R","BOSS"],"items_purchased_type":["Relic","Card","Card","Relic"],"build_version":"2020-12-22","purchased_purges":1,"victory":false,"max_hp_per_floor":[75,75,75,75,75,75,75,75,75,75,75,75,75,75,75,75,75,75,75,75,75,75,75,75,75,75,75,75,75,75,75,75,75,75,75,75,75,75,75,75,75,75,75,75,75,75,75,75,75,75,75],"relic_stats":{"counters":[30,156],"Astrolabe":["Shockwave","Juggernaut","Dropkick"],"Bag of Preparation":[30],"Orichalcum":[0],"Cursed Key":1,"Boot":[0],"Burning Blood":168,"Centennial Puzzle":[21],"Ornamental Fan":[104],"Sundial":[8],"Gambling Chip":[87],"Bronze Scales":[450],"Tiny Chest":1,"Champion Belt":[51],"obtain_stats":[{"Potion Belt":47,"Nilry\u0027s Codex":20,"Astrolabe":34,"Bag of Preparation":25,"Bottled Tornado":28,"Orichalcum":46,"Cursed Key":17,"Boot":45,"Burning Blood":0,"Centennial Puzzle":37,"HornCleat":41,"Ornamental Fan":23,"Sundial":40,"Gambling Chip":2,"Bronze Scales":9,"Tiny Chest":12,"WingedGreaves":31,"Champion Belt":28,"StrikeDummy":27,"Paper Frog":6},{"Potion Belt":28,"Nilry\u0027s Codex":12,"Astrolabe":20,"Bag of Preparation":15,"Bottled Tornado":18,"Orichalcum":27,"Cursed Key":10,"Boot":26,"Burning Blood":0,"Centennial Puzzle":21,"HornCleat":25,"Ornamental Fan":14,"Sundial":24,"Gambling Chip":1,"Bronze Scales":6,"Tiny Chest":8,"WingedGreaves":19,"Champion Belt":18,"StrikeDummy":16,"Paper Frog":5},{"Potion Belt":138,"Nilry\u0027s Codex":48,"Astrolabe":93,"Bag of Preparation":66,"Bottled Tornado":80,"Orichalcum":132,"Cursed Key":40,"Boot":128,"Burning Blood":0,"Centennial Puzzle":97,"HornCleat":121,"Ornamental Fan":61,"Sundial":114,"Gambling Chip":3,"Bronze Scales":21,"Tiny Chest":28,"WingedGreaves":84,"Champion Belt":80,"StrikeDummy":72,"Paper Frog":17}]},"card_choices":[{"not_picked":["Sever Soul","Iron Wave"],"picked":"Pommel Strike","floor":1},{"not_picked":["Seeing Red","Reckless Charge"],"picked":"Wild Strike","floor":3},{"not_picked":["Twin Strike","Inflame"],"picked":"Uppercut","floor":4},{"not_picked":["Thunderclap","Sever Soul","Clothesline"],"picked":"SKIP","floor":5},{"not_picked":["Flex","Spot Weakness"],"picked":"Inflame","floor":6},{"not_picked":["Twin Strike","Pummel"],"picked":"Iron Wave","floor":8},{"not_picked":["Twin Strike","Entrench","Headbutt"],"picked":"SKIP","floor":11},{"not_picked":["Corruption","Burning Pact"],"picked":"True Grit","floor":12},{"not_picked":["Clothesline","Dropkick"],"picked":"Shockwave","floor":14},{"not_picked":["Juggernaut","Brutality"],"picked":"Corruption","floor":16},{"not_picked":["Wild Strike","Headbutt"],"picked":"Anger+1","floor":18},{"not_picked":["Rampage","Headbutt"],"picked":"Feel No Pain","floor":19},{"not_picked":["Cleave","Pommel Strike"],"picked":"Shrug It Off","floor":21},{"not_picked":["Body Slam","Bloodletting","Thunderclap+1"],"picked":"SKIP","floor":23},{"not_picked":["Cleave","Flex"],"picked":"Dark Embrace","floor":25},{"not_picked":["Heavy Blade","Iron Wave","Hemokinesis"],"picked":"SKIP","floor":27},{"not_picked":["Bludgeon","Thunderclap"],"picked":"Feel No Pain","floor":28},{"not_picked":["Armaments","Battle Trance"],"picked":"Flame Barrier","floor":31},{"not_picked":["Immolate","Demon Form"],"picked":"Offering","floor":33},{"not_picked":["Reckless Charge+1","True Grit"],"picked":"Warcry+1","floor":35},{"not_picked":["Havoc","Warcry","Power Through+1"],"picked":"SKIP","floor":38},{"not_picked":["Shrug It Off","Headbutt"],"picked":"Armaments+1","floor":39},{"not_picked":["Rupture","Whirlwind"],"picked":"Seeing Red+1","floor":40},{"not_picked":["Warcry","Armaments","Bloodletting"],"picked":"SKIP","floor":41},{"not_picked":["Thunderclap+1","Sword Boomerang+1"],"picked":"Juggernaut","floor":45},{"not_picked":["Bloodletting","Flex","Carnage"],"picked":"SKIP","floor":46},{"not_picked":["Headbutt+1","Sword Boomerang","Clothesline+1"],"picked":"SKIP","floor":47},{"not_picked":["Fire Breathing+1","Rupture+1","Second Wind"],"picked":"SKIP","floor":48}],"player_experience":1091882,"relics_obtained":[{"floor":6,"key":"Paper Frog"},{"floor":9,"key":"Bronze Scales"},{"floor":12,"key":"Tiny Chest"},{"floor":20,"key":"Nilry\u0027s Codex"},{"floor":23,"key":"Ornamental Fan"},{"floor":25,"key":"Bag of Preparation"},{"floor":27,"key":"StrikeDummy"},{"floor":28,"key":"Champion Belt"},{"floor":28,"key":"Bottled Tornado"},{"floor":31,"key":"WingedGreaves"},{"floor":40,"key":"Sundial"},{"floor":41,"key":"HornCleat"},{"floor":45,"key":"Boot"},{"floor":46,"key":"Orichalcum"},{"floor":47,"key":"Potion Belt"}],"event_choices":[{"damage_healed":0,"gold_gain":0,"player_choice":"Obtained Book","damage_taken":21,"max_hp_gain":0,"max_hp_loss":0,"event_name":"Cursed Tome","floor":20,"gold_loss":0},{"damage_healed":0,"gold_gain":0,"player_choice":"Fight","damage_taken":0,"max_hp_gain":0,"max_hp_loss":0,"event_name":"Colosseum","floor":28,"gold_loss":0},{"damage_healed":0,"gold_gain":0,"player_choice":"Fought Nobs","damage_taken":0,"max_hp_gain":0,"max_hp_loss":0,"event_name":"Colosseum","floor":28,"gold_loss":0},{"damage_healed":0,"gold_gain":0,"player_choice":"Joined the Cult","damage_taken":6,"max_hp_gain":0,"max_hp_loss":0,"event_name":"Nest","floor":29,"gold_loss":0,"cards_obtained":["RitualDagger"]}],"is_beta":false,"boss_relics":[{"not_picked":["Pandora\u0027s Box","Velvet Choker"],"picked":"Cursed Key"},{"not_picked":["Calling Bell","Fusion Hammer"],"picked":"Astrolabe"}],"items_purged_floors":[37],"is_endless":false,"potions_floor_spawned":[4,5,6,11,12,19,25,27,28,28,35,39],"killed_by":"Awakened One","ascension_level":20}}