{"host":"skr63qsdfgeey3it","time":1614064591,"event":{"mods":["BaseMod","Colored Map","Hubris","Minty Spire (QoL Compilation)","Monster B Gone","Reliquary","Replay The Spire","Spicy Shops","StSLib"],"gold_per_floor":[419,147,147,11,161,161,191,25,25,55,70,90,102,102,102,102,102],"floor_reached":16,"language":"ENG","playtime":570,"items_purged":[],"score":194,"play_id":"30f27126-8d3e-47af-97ea-b7a2ce0b9730","local_time":"20210223011631","is_ascension_mode":true,"campfire_choices":[{"data":"Apotheosis","floor":6,"key":"SMITH"},{"floor":15,"key":"REST"}],"circlet_count":0,"master_deck":["AscendersBane","Strike_B","Strike_B","Strike_B","Strike_B","Defend_B","Defend_B","Defend_B","Defend_B","Zap+1","Dualcast","Apotheosis+1","Gash","Reinforced Body","Leap","Redo","Melter","Darkness","Conserve Battery","ReplayTheSpireMod:System Scan"],"relics":["hubris:Backtick","Old Coin","Sling","Gremlin Food","reliquary:QuartzCube","hubris:64BitClover","Akabeko","Prayer Wheel","Tiny Chest"],"acts_visited":["Exordium"],"potions_floor_usage":[7,10],"damage_taken":[{"damage":1,"enemies":"Cultist","floor":1,"turns":4},{"damage":22,"enemies":"3 Sentries","floor":7,"turns":9},{"damage":20,"enemies":"Gremlin Nob","floor":10,"turns":4},{"damage":0,"enemies":"2 Louse","floor":11,"turns":2},{"damage":12,"enemies":"Jaw Worm","floor":12,"turns":4},{"damage":4,"enemies":"Looter","floor":13,"turns":3},{"damage":29,"enemies":"Slime Boss","floor":16,"turns":7}],"seed_played":"-5340182686343443080","potions_obtained":[{"floor":1,"key":"Dexterity Potion"},{"floor":7,"key":"Block Potion"},{"floor":11,"key":"Venom Potion"}],"is_trial":false,"path_per_floor":["M","$","T","$","?","R","E","$","T","E","M","M","M","?","R","B"],"character_chosen":"DEFECT","items_purchased":["Apotheosis","Sling","reliquary:QuartzCube","Akabeko"],"campfire_rested":1,"item_purchase_floors":[2,2,4,8],"current_hp_per_floor":[63,63,63,63,63,63,41,41,41,21,21,9,5,5,26,0,0],"gold":102,"neow_bonus":"BOSS_RELIC","is_daily":false,"chose_seed":false,"campfire_upgraded":1,"win_rate":0.0,"timestamp":1614064591,"path_taken":["M","$","?","$","?","R","E","?","T","E","M","M","M","?","R","BOSS"],"items_purchased_type":["Card","Relic","Relic","Relic"],"build_version":"2020-12-22","purchased_purges":0,"victory":false,"max_hp_per_floor":[71,71,71,71,71,71,71,71,71,71,71,71,71,71,71,71,71],"card_choices":[{"not_picked":["Reprogram","Barrage","Beam Cell"],"picked":"SKIP","floor":1},{"not_picked":["ReplayTheSpireMod:GoodbyeWorld","Turbo"],"picked":"Gash","floor":7},{"not_picked":["Turbo","Hologram"],"picked":"Reinforced Body","floor":10},{"not_picked":["Compile Driver","Static Discharge"],"picked":"Leap","floor":11},{"not_picked":["Stack","Steam"],"picked":"Redo","floor":11},{"not_picked":["Steam Power","Leap"],"picked":"Melter","floor":12},{"not_picked":["Rebound","Redo"],"picked":"Darkness","floor":12},{"not_picked":["Beam Cell","BasicCrystalCard"],"picked":"Conserve Battery","floor":13},{"not_picked":["Skim","Recycle"],"picked":"ReplayTheSpireMod:System Scan","floor":13}],"player_experience":1001281,"relics_obtained":[{"floor":3,"key":"Gremlin Food"},{"floor":7,"key":"hubris:64BitClover"},{"floor":9,"key":"Prayer Wheel"},{"floor":10,"key":"Tiny Chest"}],"event_choices":[{"damage_healed":0,"gold_gain":150,"player_choice":"AGREE","damage_taken":0,"max_hp_gain":0,"max_hp_loss":0,"event_name":"Liars Game","floor":5,"gold_loss":0,"cards_obtained":["Doubt"]},{"cards_removed":["Doubt"],"damage_healed":0,"gold_gain":0,"player_choice":"Removed Curses","damage_taken":0,"max_hp_gain":0,"max_hp_loss":0,"event_name":"Fountain of Cleansing","floor":14,"gold_loss":0}],"is_beta":false,"boss_relics":[],"items_purged_floors":[],"is_endless":false,"potions_floor_spawned":[1,7,11],"killed_by":"Slime Boss","ascension_level":16}}