{"host":"uceopoba4zvqsgiy","time":1614068508,"event":{"mods":["2.2 Compatiblity","Act Like it!","BaseMod","Better Skull","Better Third Choice","Elementarium","Evolution","GifTheSpireLib","Hermit","Humility","Infinite Spire","Jorbs\u0027s Wanderer Trilogy","Marked Mod","Minty Spire (QoL Compilation)","Potionbrewer","Reliquary","Replay The Spire","Robot Space Explorer","Shade Mod","Spicy Shops","StS++","StSLib","Stuff the Spire","The Blue Laboratory","The Caster","The Cursed","The Dragon Tamer","The Dragonkin","The Hierophant","The Judge","The Jungle","TheSurvivalist","Wandering Minibosses"],"gold_per_floor":[360,379,379,397,397,397,397,397],"floor_reached":7,"language":"ENG","playtime":371,"items_purged":[],"score":51,"play_id":"06e16ad7-ca90-48bb-acdd-a2024fdd57c5","local_time":"20210223185148","is_ascension_mode":true,"campfire_choices":[{"floor":6,"key":"REST"}],"circlet_count":0,"master_deck":["WordoMod:Sickness","WordoMod:StrikeCard","WordoMod:StrikeCard","WordoMod:StrikeCard","WordoMod:DefendCard","WordoMod:DefendCard","WordoMod:DefendCard","WordoMod:DefendCard","WordoMod:Accursed","WordoMod:IllWill","stsjorbsmod:Apparition_Cull","stsjorbsmod:Defend_Wanderer","WordoMod:Miasma","Amnesia","WordoMod:EndOfTheWorld","Pain"],"relics":["WordoMod:Obsidian","WordoMod:Effigy","EVO:Axolotl","WarpedTongs"],"acts_visited":[],"potions_floor_usage":[7],"damage_taken":[{"damage":11,"enemies":"Small Slimes","floor":1,"turns":3},{"damage":6,"enemies":"Cultist","floor":2,"turns":4},{"damage":19,"enemies":"Jaw Worm","floor":4,"turns":4},{"damage":63,"enemies":"Lagavulin","floor":7,"turns":6}],"seed_played":"8219403638645414635","potions_obtained":[{"floor":2,"key":"Venom Potion"}],"is_trial":false,"path_per_floor":["M","M","?","M","?","R","E"],"character_chosen":"JUDGE_CLASS","items_purchased":[],"campfire_rested":1,"item_purchase_floors":[],"current_hp_per_floor":[64,58,58,39,39,61,0,0],"gold":397,"neow_bonus":"TWO_FIFTY_GOLD","is_daily":false,"chose_seed":false,"campfire_upgraded":0,"win_rate":0.0,"timestamp":1614068508,"path_taken":["M","M","?","?","?","R","E"],"items_purchased_type":[],"build_version":"2020-12-22","purchased_purges":0,"victory":false,"max_hp_per_floor":[75,75,75,75,75,75,75,75],"card_choices":[{"not_picked":["WordoMod:Repent","WordoMod:MaliceSoul","WordoMod:MementoMori"],"picked":"SKIP","floor":1},{"not_picked":["WordoMod:Vulgarity","WordoMod:Sickness","WordoMod:ICurseThee"],"picked":"SKIP","floor":2},{"not_picked":["stsjorbsmod:Amnesia","ReplayTheSpireMod:Faulty Equipment"],"picked":"Amnesia","floor":4},{"not_picked":["WordoMod:CurseBuckler","WordoMod:ProfanedFlame"],"picked":"WordoMod:EndOfTheWorld","floor":4}],"player_experience":1863263,"relics_obtained":[],"event_choices":[{"damage_healed":0,"gold_gain":0,"player_choice":"1 cards matched","damage_taken":0,"max_hp_gain":0,"max_hp_loss":0,"event_name":"Match and Keep!","floor":3,"gold_loss":0,"cards_obtained":["WordoMod:Miasma"]},{"damage_healed":0,"gold_gain":0,"player_choice":"Rummage","damage_taken":0,"relics_obtained":["WarpedTongs"],"max_hp_gain":0,"max_hp_loss":0,"event_name":"Accursed Blacksmith","floor":5,"gold_loss":0,"cards_obtained":["Pain"]}],"is_beta":false,"boss_relics":[],"items_purged_floors":[],"is_endless":false,"potions_floor_spawned":[2],"killed_by":"Lagavulin","ascension_level":5,"is_humility":true}}