{"host":"xbvuessano29wpkb","time":1614040000,"event":{"mods":["BaseMod","Colored Powertips","GifTheSpireLib","Minty Spire (QoL Compilation)","Shop Mod","StSLib","The Marked","óô»ðÖ¸ÄÏ"],"gold_per_floor":[110,123,140,156,231,231,243,243,243,271,290,290,66,78,78,78,78],"floor_reached":16,"language":"ZHS","playtime":817,"items_purged":["theMarked:Strike"],"score":94,"play_id":"ccec5e1c-8e69-4ea0-8b30-144843f75cd9","local_time":"20210223082640","is_ascension_mode":false,"campfire_choices":[{"data":"theMarked:SoldierOfQuellstein","floor":6,"key":"SMITH"},{"data":"theMarked:Improvise","floor":8,"key":"SMITH"},{"floor":12,"key":"REST"},{"data":"theMarked:EmpowerWeapon","floor":15,"key":"SMITH"}],"circlet_count":0,"master_deck":["theMarked:Strike","theMarked:Strike","theMarked:Strike","theMarked:Strike","theMarked:Defend","theMarked:Defend","theMarked:Defend","theMarked:Defend","theMarked:SoldierOfQuellstein+1","theMarked:Improvise+1","theMarked:EmpowerWeapon+1","theMarked:Opportunist"],"relics":["theMarked:ArtifactOfAir","Regal Pillow","Darkstone Periapt","Odd Mushroom","theMarked:Winder"],"acts_visited":["Exordium"],"potions_floor_usage":[4,4],"damage_taken":[{"damage":8,"enemies":"Small Slimes","floor":1,"turns":3},{"damage":3,"enemies":"Jaw Worm","floor":2,"turns":3},{"damage":5,"enemies":"2 Louse","floor":3,"turns":3},{"damage":13,"enemies":"Exordium Wildlife","floor":4,"turns":6},{"damage":4,"enemies":"Blue Slaver","floor":7,"turns":3},{"damage":20,"enemies":"The Mushroom Lair","floor":10,"turns":5},{"damage":1,"enemies":"2 Fungi Beasts","floor":11,"turns":3},{"damage":8,"enemies":"Exordium Wildlife","floor":14,"turns":3},{"damage":36,"enemies":"The Guardian","floor":16,"turns":5}],"seed_played":"-7530700434358699725","potions_obtained":[{"floor":1,"key":"Weak Potion"},{"floor":2,"key":"EssenceOfSteel"},{"floor":3,"key":"Ancient Potion"}],"is_trial":false,"path_per_floor":["M","M","M","M","?","R","M","R","T","?","M","R","$","M","R","B"],"character_chosen":"THE_DEFAULT","items_purchased":["theMarked:Winder"],"campfire_rested":1,"item_purchase_floors":[13],"current_hp_per_floor":[64,61,56,43,32,32,28,28,28,8,7,43,43,35,35,0,0],"gold":78,"neow_bonus":"RANDOM_COMMON_RELIC","is_daily":false,"chose_seed":false,"campfire_upgraded":3,"win_rate":0.0,"timestamp":1614040000,"path_taken":["M","M","M","M","?","R","M","R","T","?","M","R","$","M","R","BOSS"],"items_purchased_type":["Relic"],"build_version":"2020-12-22","purchased_purges":1,"victory":false,"max_hp_per_floor":[72,72,72,72,72,72,72,72,72,72,72,72,72,72,72,72,72],"card_choices":[{"not_picked":["theMarked:ElectricStrings","theMarked:TwofoldDefense"],"picked":"theMarked:Improvise","floor":1},{"not_picked":["theMarked:BanishingStrike","theMarked:TheMission","theMarked:WardOff"],"picked":"SKIP","floor":2},{"not_picked":["theMarked:Parry","theMarked:ShockingTouch"],"picked":"theMarked:EmpowerWeapon","floor":3},{"not_picked":["theMarked:WastefulAttack","theMarked:TakeCover","theMarked:Overthink"],"picked":"SKIP","floor":4},{"not_picked":["theMarked:TwofoldDefense","theMarked:Memento","theMarked:Determination"],"picked":"SKIP","floor":7},{"not_picked":["theMarked:Static","theMarked:EmpowerWeapon"],"picked":"theMarked:Opportunist","floor":10},{"not_picked":["theMarked:GodGivenPower","theMarked:Challenge","theMarked:BanishingStrike"],"picked":"SKIP","floor":11},{"not_picked":["theMarked:ComboAttacks","theMarked:ChainLightning","theMarked:EmpowerWeapon"],"picked":"SKIP","floor":14}],"player_experience":208216,"relics_obtained":[{"floor":9,"key":"Darkstone Periapt"},{"floor":10,"key":"Odd Mushroom"}],"event_choices":[{"damage_healed":0,"gold_gain":75,"player_choice":"Gather Gold","damage_taken":11,"max_hp_gain":0,"max_hp_loss":0,"event_name":"World of Goop","floor":5,"gold_loss":0},{"damage_healed":0,"gold_gain":0,"player_choice":"Fought Mushrooms","damage_taken":0,"max_hp_gain":0,"max_hp_loss":0,"event_name":"Mushrooms","floor":10,"gold_loss":0}],"is_beta":false,"boss_relics":[],"items_purged_floors":[13],"is_endless":false,"potions_floor_spawned":[1,2,3],"killed_by":"The Guardian","ascension_level":0}}