{"host":"xkmvu47k9fdstweo","time":1614122301,"event":{"mods":["BaseMod","Colored Map","Conspire","Hubris","Minty Spire (QoL Compilation)","Quick Restart","Shop Mod","StSLib"],"gold_per_floor":[14,30,40,40,53,53,93,93,93,93,117,136,136,169,169,289,289,310,310,310],"floor_reached":19,"language":"ENG","playtime":542,"items_purged":[],"score":286,"play_id":"29f4e261-a012-49c7-b3fe-bed3efabf7f8","local_time":"20210223181821","is_ascension_mode":true,"campfire_choices":[{"data":"Storm","floor":6,"key":"SMITH"},{"data":"Loop","floor":10,"key":"SMITH"},{"floor":13,"key":"REST"},{"data":"Glacier","floor":15,"key":"SMITH"}],"circlet_count":0,"master_deck":["AscendersBane","Strike_B","Strike_B","Strike_B","Strike_B","Defend_B","Defend_B","Defend_B+1","Defend_B","Zap","Dualcast","Gash","BootSequence+1","Go for the Eyes","Storm+1","Loop+1","Hello World","Glacier+1","Echo Form","Seek","Gash"],"relics":["FrozenCore","hubris:CuriousFeather","Golden Idol","conspire:GlowingRock","Unceasing Top","Meat on the Bone","War Paint"],"acts_visited":["Exordium","TheCity"],"potions_floor_usage":[7,14,16],"damage_taken":[{"damage":1,"enemies":"Cultist","floor":1,"turns":3},{"damage":0,"enemies":"conspire:RoseBush","floor":2,"turns":3},{"damage":0,"enemies":"Jaw Worm","floor":3,"turns":3},{"damage":12,"enemies":"Exordium Thugs","floor":5,"turns":5},{"damage":27,"enemies":"Gremlin Nob","floor":7,"turns":5},{"damage":4,"enemies":"3 Louse","floor":11,"turns":4},{"damage":27,"enemies":"Gremlin Gang","floor":12,"turns":6},{"damage":10,"enemies":"Lagavulin","floor":14,"turns":5},{"damage":38,"enemies":"Slime Boss","floor":16,"turns":5},{"damage":0,"enemies":"conspire:FuzzyDice","floor":18,"turns":7},{"damage":57,"enemies":"Masked Bandits","floor":19,"turns":4}],"seed_played":"4019315047703832130","potions_obtained":[{"floor":2,"key":"Swift Potion"},{"floor":11,"key":"Weak Potion"},{"floor":12,"key":"Strength Potion"}],"is_trial":false,"path_per_floor":["M","M","M","?","M","R","E","T","T","R","M","M","R","E","R","B",null,"M","?"],"character_chosen":"DEFECT","items_purchased":[],"campfire_rested":1,"item_purchase_floors":[],"current_hp_per_floor":[67,67,67,67,55,55,28,28,28,28,36,21,41,43,43,17,56,56,0,0],"gold":310,"neow_bonus":"ONE_RARE_RELIC","is_daily":false,"chose_seed":false,"campfire_upgraded":3,"win_rate":0.0,"timestamp":1614122301,"path_taken":["M","?","M","?","M","R","E","?","T","R","?","M","R","E","R","BOSS","M","?"],"items_purchased_type":[],"build_version":"2020-12-22","purchased_purges":0,"victory":false,"max_hp_per_floor":[75,75,75,69,69,69,69,69,69,69,69,69,69,69,69,69,69,69,69,69],"card_choices":[{"not_picked":["Rip and Tear","Steam"],"picked":"Gash","floor":1},{"not_picked":["Compile Driver","Barrage"],"picked":"BootSequence","floor":2},{"not_picked":["Steam","Redo"],"picked":"Go for the Eyes","floor":3},{"not_picked":["Turbo","Stack"],"picked":"Storm","floor":5},{"not_picked":["White Noise","Conserve Battery"],"picked":"Loop","floor":7},{"not_picked":["Compile Driver","Coolheaded"],"picked":"Hello World","floor":11},{"not_picked":["Genetic Algorithm","Steam"],"picked":"Glacier","floor":12},{"not_picked":["Streamline","Sweeping Beam"],"picked":"Echo Form","floor":14},{"not_picked":["Echo Form","Fission"],"picked":"Seek","floor":16},{"not_picked":["Leap","Streamline"],"picked":"Gash","floor":18}],"player_experience":337867,"relics_obtained":[{"floor":7,"key":"conspire:GlowingRock"},{"floor":8,"key":"Unceasing Top"},{"floor":9,"key":"Meat on the Bone"},{"floor":14,"key":"War Paint"}],"event_choices":[{"damage_healed":0,"gold_gain":0,"player_choice":"Lose Max HP","damage_taken":0,"relics_obtained":["Golden Idol"],"max_hp_gain":0,"max_hp_loss":6,"event_name":"Golden Idol","floor":4,"gold_loss":0},{"damage_healed":0,"gold_gain":0,"player_choice":"Fought Bandits","damage_taken":0,"max_hp_gain":0,"max_hp_loss":0,"event_name":"Masked Bandits","floor":19,"gold_loss":0}],"is_beta":false,"boss_relics":[{"not_picked":["Velvet Choker","conspire:SlowCooker"],"picked":"FrozenCore"}],"items_purged_floors":[],"is_endless":false,"potions_floor_spawned":[2,11,12],"killed_by":"Masked Bandits","ascension_level":12}}