{"host":"359hz4210ybch7ku","time":1614107385,"event":{"mods":["BaseMod","Block Reminder","Colored Map","Colored Powertips","Highlight Path","Minty Spire (QoL Compilation)","Slay the Relics Exporter","StSLib"],"gold_per_floor":[110,110,40,215,235,261,272,283,283,263,277,277,293,328,328,427,427,438,458,468,468,468],"floor_reached":21,"language":"ENG","playtime":999,"items_purged":[],"score":273,"play_id":"b2fedbf5-1efc-40b2-8b39-0a10b1062be9","local_time":"20210223110945","is_ascension_mode":true,"campfire_choices":[{"data":"Dash","floor":12,"key":"SMITH"},{"data":"Footwork","floor":15,"key":"SMITH"}],"circlet_count":0,"master_deck":["Strike_G","Strike_G","Strike_G","Strike_G","Strike_G","Defend_G","Defend_G","Defend_G","Defend_G","Defend_G","Survivor","Neutralize","Riddle With Holes","Dash+1","Doubt","Backflip","Well Laid Plans","Blade Dance","Terror","Footwork+1","Blade Dance","Phantasmal Killer","Leg Sweep","PiercingWail+1"],"relics":["Ring of the Snake","NeowsBlessing","PreservedInsect","Bottled Tornado","Cursed Key"],"acts_visited":["Exordium","TheCity"],"potions_floor_usage":[8,14,16,19,21],"damage_taken":[{"damage":0,"enemies":"2 Louse","floor":1,"turns":1},{"damage":0,"enemies":"Cultist","floor":5,"turns":1},{"damage":0,"enemies":"Lagavulin","floor":6,"turns":1},{"damage":0,"enemies":"Small Slimes","floor":7,"turns":2},{"damage":3,"enemies":"Gremlin Gang","floor":8,"turns":6},{"damage":2,"enemies":"Exordium Wildlife","floor":11,"turns":3},{"damage":8,"enemies":"2 Fungi Beasts","floor":13,"turns":4},{"damage":13,"enemies":"3 Sentries","floor":14,"turns":7},{"damage":6,"enemies":"Hexaghost","floor":16,"turns":9},{"damage":4,"enemies":"Spheric Guardian","floor":18,"turns":5},{"damage":25,"enemies":"2 Thieves","floor":19,"turns":4},{"damage":26,"enemies":"Shelled Parasite and Fungi","floor":20,"turns":5},{"damage":12,"enemies":"3 Cultists","floor":21,"turns":3}],"seed_played":"-426904832698101287","potions_obtained":[{"floor":1,"key":"AttackPotion"},{"floor":10,"key":"AttackPotion"},{"floor":11,"key":"PowerPotion"},{"floor":14,"key":"LiquidBronze"},{"floor":19,"key":"Fire Potion"}],"is_trial":false,"path_per_floor":["M","?","$","?","M","E","M","M","T","?","M","R","M","E","R","B",null,"M","M","M","M"],"character_chosen":"THE_SILENT","items_purchased":["Dash"],"campfire_rested":0,"item_purchase_floors":[3],"current_hp_per_floor":[70,63,63,63,63,63,63,60,60,60,58,58,50,37,37,31,60,56,31,5,0,0],"gold":468,"neow_bonus":"THREE_ENEMY_KILL","is_daily":false,"chose_seed":false,"campfire_upgraded":2,"win_rate":0.0,"timestamp":1614107385,"path_taken":["M","?","?","?","M","E","M","M","T","?","M","R","M","E","R","BOSS","M","?","M","M"],"items_purchased_type":["Card"],"build_version":"2020-12-22","purchased_purges":0,"victory":false,"max_hp_per_floor":[70,70,70,70,70,70,70,70,70,70,70,70,70,70,70,70,70,70,70,70,70,70],"card_choices":[{"not_picked":["Calculated Gamble","Quick Slash"],"picked":"Riddle With Holes","floor":1},{"not_picked":["Outmaneuver","Dagger Throw"],"picked":"Backflip","floor":5},{"not_picked":["Quick Slash","Flying Knee"],"picked":"Well Laid Plans","floor":6},{"not_picked":["Grand Finale","All Out Attack","Prepared"],"picked":"SKIP","floor":7},{"not_picked":["Prepared","Dagger Spray"],"picked":"Blade Dance","floor":8},{"not_picked":["PiercingWail","Underhanded Strike"],"picked":"Terror","floor":11},{"not_picked":["Crippling Poison","Acrobatics"],"picked":"Footwork","floor":13},{"not_picked":["Masterful Stab","Grand Finale"],"picked":"Blade Dance","floor":14},{"not_picked":["Venomology","Glass Knife"],"picked":"Phantasmal Killer","floor":16},{"not_picked":["Caltrops","Infinite Blades","Cloak And Dagger+1"],"picked":"SKIP","floor":18},{"not_picked":["Dagger Spray","Dagger Throw"],"picked":"Leg Sweep","floor":19},{"not_picked":["Cloak And Dagger","Terror"],"picked":"PiercingWail+1","floor":20}],"player_experience":353425,"relics_obtained":[{"floor":6,"key":"PreservedInsect"},{"floor":14,"key":"Bottled Tornado"}],"event_choices":[{"damage_healed":0,"gold_gain":0,"player_choice":"Damaged","damage_taken":7,"max_hp_gain":0,"max_hp_loss":0,"event_name":"Wheel of Change","floor":2,"gold_loss":0},{"damage_healed":0,"gold_gain":175,"player_choice":"AGREE","damage_taken":0,"max_hp_gain":0,"max_hp_loss":0,"event_name":"Liars Game","floor":4,"gold_loss":0,"cards_obtained":["Doubt"]},{"damage_healed":0,"gold_gain":0,"player_choice":"Bought 1 Potion","damage_taken":0,"max_hp_gain":0,"max_hp_loss":0,"event_name":"The Woman in Blue","floor":10,"gold_loss":0}],"is_beta":false,"boss_relics":[{"not_picked":["Runic Dome","Calling Bell"],"picked":"Cursed Key"}],"items_purged_floors":[],"is_endless":false,"potions_floor_spawned":[1,11,14,19],"killed_by":"3 Cultists","ascension_level":5}}