{"host":"5qewjvycy34u7aeo","time":1614045213,"event":{"mods":["BaseMod","Curses Come First","Downfall","GifTheSpireLib","Infinite Spire","Minty Spire (QoL Compilation)","Permanent Neow","Replay The Spire","StSLib","Wandering Minibosses"],"gold_per_floor":[118,138,213,85,100,135,35,47,73,73,73,88,88,106,106,207,207,219,569,569,552,64,89,100,131,131,157,174,190,46,80,80,189,189,221,221,221,221,71,71,3,28,28,61,61,61,84,84,84,84,84,84,5,35,35,35],"floor_reached":55,"language":"ENG","playtime":3584,"items_purged":["Strike_B","Strike_B","Strike_B","Defend_B","Defend_B","Defend_B"],"score":1144,"play_id":"787835b7-508e-4911-b345-4ed3d6cf3e78","local_time":"20210222195333","is_ascension_mode":true,"campfire_choices":[{"data":"infinitespire:SevenWalls","floor":13.0,"key":"SMITH"},{"floor":15.0,"key":"DIG"},{"floor":32,"key":"RECALL"},{"data":"Mayhem","floor":40,"key":"SMITH"},{"data":"Defragment","floor":45,"key":"SMITH"},{"data":"Defragment","floor":49,"key":"SMITH"},{"data":"Defragment","floor":52,"key":"SMITH"}],"circlet_count":0,"master_deck":["Zap","Dualcast","Defragment+1","Leap","Conserve Battery","Self Repair","Pot Of Greed+1","Pot Of Greed","infinitespire:SevenWalls+1","Echo Form","ReplayTheSpireMod:Chaos Vortex","ReplayTheSpireMod:Calculation Training","Defragment+1","Defragment+1","Replay:Parry","Mayhem+1","Defragment+1","Capacitor"],"relics":["Cracked Core","ReplayFunnel","Geode","Grinning Jar","ReplayTheSpireMod:TigerMarble","Sozu","Old Coin","Tiny House","Bird Faced Urn","Nunchaku","Iron Hammer","Vajra","bronze:BronzeIdol","Replay:Mystery Machine","infinitespire:EvilPickle","Nuclear Battery","Blue Candle","infinitespire:Golems Mask","Replay:WaspNest","infinitespire:Lychee Nut","PrismaticShard","Busted Crown","infinitespire:Lucky Rock"],"acts_visited":["Exordium","TheCity","TheBeyond","TheEnding"],"potions_floor_usage":[55],"damage_taken":[{"damage":5.0,"enemies":"Small Slimes","floor":1.0,"turns":3.0},{"damage":4.0,"enemies":"Jaw Worm","floor":2.0,"turns":3.0},{"damage":0.0,"enemies":"Cultist","floor":5.0,"turns":3.0},{"damage":16.0,"enemies":"3 Sentries","floor":6.0,"turns":11.0},{"damage":2.0,"enemies":"Red Slaver","floor":8.0,"turns":4.0},{"damage":1.0,"enemies":"Exordium Thugs","floor":12.0,"turns":6.0},{"damage":11.0,"enemies":"3 Louse","floor":14.0,"turns":2.0},{"damage":0.0,"enemies":"Hexaghost","floor":16.0,"turns":12.0},{"damage":6.0,"enemies":"Shell Parasite","floor":18.0,"turns":6.0},{"damage":0,"enemies":"2 Thieves","floor":21,"turns":4},{"damage":16,"enemies":"Slavers","floor":23,"turns":5},{"damage":15,"enemies":"Snake Plant","floor":24,"turns":4},{"damage":0,"enemies":"Gremlin Leader","floor":25,"turns":7},{"damage":0,"enemies":"Replay:Snechameleon","floor":27,"turns":6},{"damage":0,"enemies":"Centurion and Healer","floor":28,"turns":4},{"damage":0,"enemies":"3 Cultists","floor":29,"turns":7},{"damage":0,"enemies":"Book of Stabbing","floor":31,"turns":5},{"damage":9,"enemies":"Pondfish","floor":33,"turns":9},{"damage":0,"enemies":"Orb Walker","floor":35,"turns":4},{"damage":0,"enemies":"R_Hoarder","floor":42,"turns":10},{"damage":0,"enemies":"Giant Head","floor":44,"turns":6},{"damage":9,"enemies":"3 Shapes","floor":47,"turns":4},{"damage":26,"enemies":"Time Eater","floor":50,"turns":6},{"damage":41,"enemies":"Shield and Spear","floor":54,"turns":5},{"damage":61,"enemies":"The Heart","floor":55,"turns":3}],"seed_played":"-5783663625883490967","potions_obtained":[{"floor":2.0,"key":"Strength Potion"},{"floor":6.0,"key":"FearPotion"},{"floor":8.0,"key":"GamblersBrew"}],"is_trial":false,"path_per_floor":["M","M","?","$","M","E","$","M","T","?","?","M","R","M","R","B",null,"M","AVR","?","M","$","E","M","E","T","E","M","M","$","E","R","B",null,"M","?","?","?","$","R","$","E","T","E","R","?","M","AVR","R","B",null,"R","$","E","B"],"character_chosen":"DEFECT","items_purchased":["Leap","Defragment","Bird Faced Urn","bronze:BronzeIdol","Defragment","Capacitor"],"campfire_rested":0,"item_purchase_floors":[4,22,22,30,41,53],"current_hp_per_floor":[70,66,55,55,55,39,39,44,44,44,26,32,32,28,28,35,75,75,80,80,80,80,79,80,80,80,80,80,80,80,80,80,80,80,80,70,70,65,65,65,65,80,80,60,60,60,60,60,60,54,60,60,60,32,0,0],"gold":35,"neow_bonus":"RANDOM_COMMON_RELIC","is_daily":false,"chose_seed":false,"campfire_upgraded":5,"win_rate":0.0,"timestamp":1614045213,"path_taken":["M","M","?","$","M","E","$","M","T","?","?","M","R","M","R","BOSS","M","AVR","?","M","$","E","M","E","T","E","?","M","?","E","R","BOSS","M","?","?","?","$","R","?","E","T","E","R","?","?","AVR","R","BOSS","R","$","E","BOSS"],"items_purchased_type":["Card","Card","Relic","Relic","Card","Card"],"build_version":"2020-12-22","purchased_purges":6,"victory":false,"max_hp_per_floor":[75,75,75,75,75,75,75,75,75,75,75,75,75,75,75,75,75,75,80,80,80,80,80,80,80,80,80,80,80,80,80,80,80,80,80,80,80,80,80,80,80,80,80,60,60,60,60,60,60,60,60,60,60,60,60,60],"card_choices":[{"not_picked":["Loop","Sunder"],"picked":"Defragment","floor":1.0},{"not_picked":["Compile Driver","Sunder","Streamline"],"picked":"SKIP","floor":2.0},{"not_picked":["Ball Lightning","Panic Button"],"picked":"Conserve Battery","floor":5.0},{"not_picked":["Turbo","Go for the Eyes"],"picked":"Self Repair","floor":6.0},{"not_picked":["Hyperbeam","Ball Lightning","Barrage"],"picked":"SKIP","floor":8.0},{"not_picked":["ReplayTheSpireMod:Echoes of Time","infinitespire:Execution"],"picked":"infinitespire:SevenWalls","floor":11.0},{"not_picked":["Scrape","Darkness","Rebound"],"picked":"SKIP","floor":12.0},{"not_picked":["Hologram","Streamline","Auto Shields"],"picked":"SKIP","floor":14.0},{"not_picked":["Creative AI","ReplayTheSpireMod:Fabricate Wheel"],"picked":"Echo Form","floor":16.0},{"not_picked":["Conserve Battery","Genetic Algorithm","Undo+1"],"picked":"SKIP","floor":18.0},{"not_picked":["Redo+1","Compile Driver"],"picked":"ReplayTheSpireMod:Calculation Training","floor":21},{"not_picked":["Time Bomb","Leap","Skim+1"],"picked":"SKIP","floor":23},{"not_picked":["Redo","Turbo","Beam Cell+1"],"picked":"SKIP","floor":24},{"not_picked":["Hyperbeam","Beam Cell","Lockon"],"picked":"SKIP","floor":25},{"not_picked":["Go for the Eyes+1","Conserve Battery+1","Beam Cell"],"picked":"SKIP","floor":27},{"not_picked":["BasicCrystalCard","Steam","Panic Button"],"picked":"SKIP","floor":28},{"not_picked":["Ball Lightning+1","Static Discharge","Hello World"],"picked":"SKIP","floor":29},{"not_picked":["Sunder","Panic Button"],"picked":"Defragment","floor":31},{"not_picked":["ReplaySort","Redo","Panic Button"],"picked":"SKIP","floor":35},{"not_picked":["ReplaySort","Redo","Panic Button"],"picked":"SKIP","floor":35},{"not_picked":["HandOfGreed","Madness"],"picked":"Replay:Parry","floor":36},{"not_picked":["ReplayTheSpireMod:Trickstab","Madness"],"picked":"Mayhem","floor":36},{"not_picked":["Barrage+1","Lockon+1","Coolheaded"],"picked":"SKIP","floor":42},{"not_picked":["ReplayTheSpireMod:GoodbyeWorld","Barrage","Reinforced Body+1"],"picked":"SKIP","floor":44},{"not_picked":["Static Discharge+1","BootSequence+1","Barrage"],"picked":"SKIP","floor":47},{"not_picked":["ReachHeaven"],"picked":"SKIP","floor":54}],"player_experience":510890,"relics_obtained":[{"floor":6.0,"key":"Geode"},{"floor":9.0,"key":"Grinning Jar"},{"floor":15.0,"key":"ReplayTheSpireMod:TigerMarble"},{"floor":23,"key":"Nunchaku"},{"floor":25,"key":"Iron Hammer"},{"floor":27,"key":"Vajra"},{"floor":31,"key":"Replay:Mystery Machine"},{"floor":42,"key":"infinitespire:Golems Mask"},{"floor":43,"key":"Replay:WaspNest"},{"floor":44,"key":"infinitespire:Lychee Nut"},{"floor":54,"key":"infinitespire:Lucky Rock"}],"event_choices":[{"damage_healed":0.0,"max_hp_gain":0.0,"max_hp_loss":0.0,"gold_gain":75.0,"event_name":"World of Goop","player_choice":"Gather Gold","floor":3.0,"gold_loss":0.0,"damage_taken":11.0},{"cards_removed":["Strike_B"],"damage_healed":0,"gold_gain":0,"player_choice":"Offered Basic","damage_taken":0,"max_hp_gain":0,"max_hp_loss":0,"event_name":"Bonfire Elementals","floor":20,"gold_loss":0},{"damage_healed":0,"gold_gain":0,"player_choice":"Memory 3","damage_taken":10,"max_hp_gain":0,"max_hp_loss":0,"event_name":"SensoryStone","floor":36,"gold_loss":0},{"damage_healed":0,"gold_gain":0,"player_choice":"Ignored","damage_taken":0,"max_hp_gain":0,"max_hp_loss":0,"event_name":"Tomb of Lord Red Mask","floor":37,"gold_loss":0},{"damage_healed":0,"gold_gain":0,"player_choice":"Upgraded","damage_taken":0,"max_hp_gain":0,"max_hp_loss":0,"event_name":"Upgrade Shrine","floor":46,"gold_loss":0,"cards_upgraded":["Defragment"]}],"is_beta":false,"boss_relics":[{"not_picked":["Black Star","SacredBark"],"picked":"Sozu"},{"not_picked":["Cursed Key","expansioncontent:StudyCardRelic"],"picked":"Nuclear Battery"}],"items_purged_floors":[4,7,19,22,39,48],"is_endless":false,"potions_floor_spawned":[2,6,8,12,25,27,28,29,35,42,54],"killed_by":"The Heart","ascension_level":3}}