{"host":"mp4nw1ahnxiisuiw","time":1614121882,"event":{"mods":["AchievementEnabler","BaseMod","Better Note","Block Reminder","Colored Map","Colored Powertips","Curses Come First","DeckTracker","Dio Mod","Hero for Fun","Highlight Path","Koishi","Marisa????????","Minty Spire (QoL Compilation)","Permanent Neow","Quick Restart","Rare Cards Sparkle","Relic Sorter","Relic Stats","Remilia??????","Small Relic Pack","Spikes Relics","StSLib","Td1madao Mod","The Animator","The Bug Knight","Waifu the Spire"],"gold_per_floor":[110,128,143,143,143,168,168,178,228,228,241,257,277,294,294,393,443,454,454,454],"floor_reached":19,"language":"ENG","playtime":737,"items_purged":[],"score":173,"play_id":"683c29dd-a7ff-4c65-8e59-c11bed0c107b","local_time":"20210224001122","is_ascension_mode":false,"campfire_choices":[{"floor":7.0,"key":"REST"},{"data":"GalacticHalo","floor":15.0,"key":"SMITH"}],"circlet_count":0,"master_deck":["Strike_MRS","Strike_MRS","Strike_MRS","Strike_MRS+1","Defend_MRS","Defend_MRS","Defend_MRS","Defend_MRS+1","MasterSpark","UpSweep","DoubleSpark","PulseMagic","DC","GrandCross","BinaryStars+1","SporeBomb","FairyDestructionRay","PowerUp","GalacticHalo+1","MaximisePower","LuminesStrike","DragonMeteor+1"],"relics":["Philosopher\u0027s Stone","Eternal Feather","Regal Pillow","Tiny House"],"acts_visited":["Exordium","TheCity"],"potions_floor_usage":[],"damage_taken":[{"damage":0.0,"enemies":"Cultist","floor":1.0,"turns":3.0},{"damage":2.0,"enemies":"Jaw Worm","floor":2.0,"turns":3.0},{"damage":0.0,"enemies":"Small Slimes","floor":3.0,"turns":2.0},{"damage":29.0,"enemies":"Lagavulin","floor":6.0,"turns":6.0},{"damage":0.0,"enemies":"Looter","floor":8.0,"turns":2.0},{"damage":10.0,"enemies":"2 Fungi Beasts","floor":11.0,"turns":3.0},{"damage":0.0,"enemies":"Blue Slaver","floor":12.0,"turns":2.0},{"damage":1.0,"enemies":"Looter","floor":13.0,"turns":3.0},{"damage":0.0,"enemies":"Gremlin Gang","floor":14.0,"turns":3.0},{"damage":47.0,"enemies":"Hexaghost","floor":16.0,"turns":9.0},{"damage":7.0,"enemies":"Shell Parasite","floor":18.0,"turns":3.0},{"damage":0,"enemies":"Chosen","floor":19,"turns":1}],"seed_played":"-612748708936165799","potions_obtained":[{"floor":11.0,"key":"Energy Potion"},{"floor":12.0,"key":"Dexterity Potion"},{"floor":13.0,"key":"SpeedPotion"},{"floor":16.0,"key":"Explosive Potion"}],"is_trial":false,"path_per_floor":["M","M","M","?","?","E","R","M","T","?","M","M","M","M","R","B",null,"M","M"],"character_chosen":"MARISA","items_purchased":[],"campfire_rested":1,"item_purchase_floors":[],"current_hp_per_floor":[75,73,73,73,58,29,57,57,57,57,47,47,46,46,55,8,80,73,73,73],"gold":454,"neow_bonus":"BOSS_RELIC","is_daily":false,"chose_seed":false,"campfire_upgraded":1,"win_rate":0.0,"timestamp":1614121882,"path_taken":["M","M","M","?","?","E","R","M","T","?","M","M","M","M","R","BOSS","M","M"],"items_purchased_type":[],"build_version":"2020-12-22","purchased_purges":0,"victory":false,"max_hp_per_floor":[75,75,75,75,75,75,75,75,75,75,75,75,75,75,75,75,80,80,80,80],"relic_stats":{"Regal Pillow":0,"counters":[12,39],"Eternal Feather":15,"obtain_stats":[{"Regal Pillow":9,"Tiny House":17,"Philosopher\u0027s Stone":0,"Eternal Feather":6,"MiniHakkero":0},{"Regal Pillow":5,"Tiny House":10,"Philosopher\u0027s Stone":0,"Eternal Feather":4,"MiniHakkero":0},{"Regal Pillow":16,"Tiny House":36,"Philosopher\u0027s Stone":0,"Eternal Feather":14,"MiniHakkero":0}]},"card_choices":[{"not_picked":["UnstableBomb","WitchOfGreed"],"picked":"DoubleSpark","floor":1.0},{"not_picked":["Singularity","MilkyWay"],"picked":"PulseMagic","floor":2.0},{"not_picked":["MilkyWay","PulseMagic"],"picked":"DC","floor":3.0},{"not_picked":["WitchLeyline","LuminesStrike"],"picked":"GrandCross","floor":6.0},{"not_picked":["ShootingEcho","SuperPerseids"],"picked":"BinaryStars","floor":8.0},{"not_picked":["RefractionSpark","UnstableBomb"],"picked":"SporeBomb","floor":11.0},{"not_picked":["DC","GrandCross"],"picked":"FairyDestructionRay","floor":12.0},{"not_picked":["FairyDestructionRay","OpenUniverse"],"picked":"PowerUp","floor":13.0},{"not_picked":["MilkyWay","PowerUp"],"picked":"GalacticHalo","floor":14.0},{"not_picked":["EscapeVelocity","CollectingQuirk"],"picked":"MaximisePower","floor":16.0},{"not_picked":["IllusionStar","GravityBeat"],"picked":"LuminesStrike","floor":17.0},{"not_picked":["Orbital","ManaConvection"],"picked":"DragonMeteor+1","floor":18.0}],"player_experience":118494,"relics_obtained":[{"floor":6.0,"key":"Eternal Feather"},{"floor":9.0,"key":"Regal Pillow"}],"event_choices":[{"damage_healed":0.0,"max_hp_gain":0.0,"max_hp_loss":0.0,"gold_gain":0.0,"event_name":"Golden Idol","player_choice":"Ignored","floor":4.0,"gold_loss":0.0,"damage_taken":0.0},{"damage_healed":0.0,"max_hp_gain":0.0,"max_hp_loss":0.0,"gold_gain":0.0,"event_name":"Shining Light","player_choice":"Entered Light","floor":5.0,"gold_loss":0.0,"damage_taken":15.0,"cards_upgraded":["Strike_MRS","Defend_MRS"]},{"cards_removed":["Strike_MRS"],"damage_healed":0.0,"max_hp_gain":0.0,"max_hp_loss":0.0,"gold_gain":0.0,"event_name":"betterNote:BetterNote","player_choice":"Give","floor":10.0,"gold_loss":0.0,"damage_taken":0.0,"cards_obtained":["Heatsinks"]}],"is_beta":false,"boss_relics":[{"not_picked":["relicPack:ShieldShield","Fusion Hammer"],"picked":"Tiny House"}],"items_purged_floors":[],"is_endless":false,"potions_floor_spawned":[11,12,13,16],"killed_by":"Chosen","ascension_level":0}}