{"host":"soyfmymeou4emntr","time":1614052087,"event":{"mods":["BaseMod","Minty Spire (QoL Compilation)","Permanent Neow","Relic Sorter","Relic Stats","StSLib"],"gold_per_floor":[110,110,29,29,29,29,61,61,88,132,159,177,221,34,34,117,144,163,187,187,206,227,227,269,269,296,339,365,399,26,52,52,132,132,148,148,182,201,221,221,188,188,188,218,238,238,281,305,305,305,305,305],"floor_reached":51,"language":"ENG","playtime":5344,"items_purged":["Defend_P"],"score":1701,"play_id":"af6cd30f-d880-480e-be5b-06af9f520b0f","local_time":"20210222204807","is_ascension_mode":true,"campfire_choices":[{"data":"Eruption","floor":6.0,"key":"SMITH"},{"data":"WheelKick","floor":8.0,"key":"SMITH"},{"data":"Apotheosis","floor":15.0,"key":"SMITH"},{"floor":23.0,"key":"REST"},{"data":"Vault","floor":25.0,"key":"SMITH"},{"floor":32.0,"key":"REST"},{"floor":40,"key":"REST"},{"floor":42,"key":"RECALL"},{"floor":49,"key":"REST"}],"circlet_count":0,"master_deck":["AscendersBane","Strike_P","Defend_P","Defend_P","Eruption+1","Vigilance","Meditate","Conclude+1","WheelKick+1","FollowUp","BattleHymn","Wallop","Wallop","Apotheosis+1","Vault+1","Fasting2+1","ForeignInfluence+1","CutThroughFate+1","CutThroughFate+1","Consecrate","Wireheading","FlurryOfBlows","ClearTheMind","Wireheading","EmptyBody","Adaptation","Wish","Adaptation","DevaForm","CrushJoints+1","ThirdEye+1","Devotion","Wallop","Establishment","ThirdEye+1"],"relics":["PureWater","Bag of Preparation","Oddly Smooth Stone","Nunchaku","CeramicFish","Regal Pillow","Astrolabe","Nilry\u0027s Codex","Bag of Marbles","Pen Nib","Bottled Lightning","Red Mask","VioletLotus","TungstenRod","Mummified Hand","Blood Vial"],"acts_visited":["Exordium","TheCity","TheBeyond"],"potions_floor_usage":[44,44,48,50],"damage_taken":[{"damage":11.0,"enemies":"Jaw Worm","floor":1.0,"turns":5.0},{"damage":0.0,"enemies":"Gremlin Nob","floor":7.0,"turns":2.0},{"damage":0.0,"enemies":"Lagavulin","floor":10.0,"turns":3.0},{"damage":0.0,"enemies":"Small Slimes","floor":11.0,"turns":3.0},{"damage":0.0,"enemies":"2 Louse","floor":12.0,"turns":1.0},{"damage":3.0,"enemies":"3 Sentries","floor":13.0,"turns":3.0},{"damage":0.0,"enemies":"Slime Boss","floor":16.0,"turns":5.0},{"damage":9.0,"enemies":"3 Byrds","floor":18.0,"turns":4.0},{"damage":0.0,"enemies":"Chosen","floor":19.0,"turns":2.0},{"damage":0.0,"enemies":"Snake Plant","floor":21.0,"turns":3.0},{"damage":0.0,"enemies":"Snecko","floor":22.0,"turns":3.0},{"damage":2.0,"enemies":"Slavers","floor":24.0,"turns":4.0},{"damage":29.0,"enemies":"Book of Stabbing","floor":27.0,"turns":5.0},{"damage":5.0,"enemies":"Centurion and Healer","floor":28.0,"turns":5.0},{"damage":0.0,"enemies":"Masked Bandits","floor":29.0,"turns":1.0},{"damage":0.0,"enemies":"Shelled Parasite and Fungi","floor":31.0,"turns":3.0},{"damage":33.0,"enemies":"Automaton","floor":33.0,"turns":7.0},{"damage":26.0,"enemies":"3 Darklings","floor":35.0,"turns":3.0},{"damage":1.0,"enemies":"Mind Bloom Boss Battle","floor":37.0,"turns":7.0},{"damage":0.0,"enemies":"Orb Walker","floor":38.0,"turns":1.0},{"damage":0,"enemies":"3 Darklings","floor":39,"turns":4},{"damage":51,"enemies":"Nemesis","floor":44,"turns":5},{"damage":0,"enemies":"Sphere and 2 Shapes","floor":45,"turns":3},{"damage":0,"enemies":"Reptomancer","floor":47,"turns":4},{"damage":10,"enemies":"Spire Growth","floor":48,"turns":5},{"damage":37,"enemies":"Donu and Deca","floor":50,"turns":7},{"damage":20,"enemies":"Awakened One","floor":51,"turns":5}],"seed_played":"4395087703579703126","potions_obtained":[{"floor":7.0,"key":"BlessingOfTheForge"},{"floor":16.0,"key":"SteroidPotion"},{"floor":21.0,"key":"SteroidPotion"},{"floor":24.0,"key":"DuplicationPotion"},{"floor":27.0,"key":"ColorlessPotion"},{"floor":33.0,"key":"BottledMiracle"},{"floor":39,"key":"Fruit Juice"},{"floor":44,"key":"StancePotion"},{"floor":46,"key":"SkillPotion"},{"floor":47,"key":"Swift Potion"}],"is_trial":false,"path_per_floor":["M","?","$","?","?","R","E","R","T","E","M","M","E","$","R","B",null,"M","M","?","M","M","R","E","R","T","E","M","?","$","M","R","B",null,"M","?","?","M","M","R","$","R","T","E","M","?","E","M","R","B","B"],"character_chosen":"WATCHER","items_purchased":["WheelKick","Apotheosis","Adaptation","Wish","DuplicationPotion","Wallop"],"campfire_rested":4,"item_purchase_floors":[3,14,30,30,30,41],"current_hp_per_floor":[50,39,39,61,61,61,61,61,61,61,61,61,58,58,58,58,66,57,57,36,36,36,68,66,66,66,37,32,32,32,32,67,34,60,34,34,33,33,33,68,68,68,68,22,22,22,22,14,50,15,0,0],"gold":305,"neow_bonus":"TRANSFORM_CARD","is_daily":false,"chose_seed":false,"campfire_upgraded":4,"win_rate":0.0,"timestamp":1614052087,"path_taken":["M","?","$","?","?","R","E","R","T","E","M","M","E","$","R","BOSS","M","M","?","M","M","R","E","R","T","E","M","?","$","M","R","BOSS","M","?","?","M","M","R","?","R","T","E","M","?","E","M","R","BOSS","BOSS"],"items_purchased_type":["Card","Card","Card","Card","Potion","Card"],"build_version":"2020-12-22","purchased_purges":1,"victory":false,"max_hp_per_floor":[68,68,68,68,68,68,68,68,68,68,68,68,68,68,68,68,68,68,68,68,68,68,68,68,68,68,68,68,68,68,68,68,68,68,68,68,68,68,68,68,68,68,68,73,73,73,73,73,73,73,73,73],"relic_stats":{"Blood Vial":6,"Nunchaku":[24],"Regal Pillow":57,"counters":[27,103],"Mummified Hand":[35],"CeramicFish":225,"Astrolabe":["Fasting2","ForeignInfluence","CutThroughFate"],"Pen Nib":[17],"VioletLotus":[11],"Bag of Preparation":[52],"obtain_stats":[{"Regal Pillow":13,"Nilry\u0027s Codex":20,"CeramicFish":10,"Astrolabe":17,"Oddly Smooth Stone":7,"Pen Nib":26,"Bag of Preparation":2,"Blood Vial":47,"Nunchaku":9,"Mummified Hand":44,"VioletLotus":34,"Bag of Marbles":24,"Red Mask":29,"Bottled Lightning":27,"PureWater":0,"TungstenRod":37},{"Regal Pillow":6,"Nilry\u0027s Codex":9,"CeramicFish":3,"Astrolabe":7,"Oddly Smooth Stone":2,"Pen Nib":12,"Bag of Preparation":1,"Blood Vial":24,"Nunchaku":2,"Mummified Hand":22,"VioletLotus":17,"Bag of Marbles":12,"Red Mask":15,"Bottled Lightning":13,"PureWater":0,"TungstenRod":19},{"Regal Pillow":17,"Nilry\u0027s Codex":28,"CeramicFish":10,"Astrolabe":22,"Oddly Smooth Stone":7,"Pen Nib":38,"Bag of Preparation":5,"Blood Vial":86,"Nunchaku":7,"Mummified Hand":79,"VioletLotus":59,"Bag of Marbles":38,"Red Mask":49,"Bottled Lightning":43,"PureWater":0,"TungstenRod":69}],"TungstenRod":14},"card_choices":[{"not_picked":["CutThroughFate","WheelKick"],"picked":"Conclude","floor":1.0},{"not_picked":["SashWhip","Pray"],"picked":"FollowUp","floor":7.0},{"not_picked":["Pray","Evaluate"],"picked":"BattleHymn","floor":10.0},{"not_picked":["MentalFortress","CutThroughFate"],"picked":"Wallop","floor":11.0},{"not_picked":["Evaluate","JustLucky","Fasting2"],"picked":"SKIP","floor":12.0},{"not_picked":["SashWhip","DeusExMachina"],"picked":"Wallop","floor":13.0},{"not_picked":["SpiritShield","Establishment"],"picked":"Vault","floor":16.0},{"not_picked":["FlyingSleeves+1","Fasting2","SignatureMove"],"picked":"SKIP","floor":18.0},{"not_picked":["Evaluate","JustLucky"],"picked":"CutThroughFate+1","floor":19.0},{"not_picked":["FollowUp","Prostrate"],"picked":"Consecrate","floor":21.0},{"not_picked":["ClearTheMind+1","Alpha"],"picked":"Wireheading","floor":22.0},{"not_picked":["Sanctity","Prostrate"],"picked":"FlurryOfBlows","floor":24.0},{"not_picked":["Halt","Meditate"],"picked":"ClearTheMind","floor":27.0},{"not_picked":["Vengeance","Indignation"],"picked":"Wireheading","floor":28.0},{"not_picked":["BattleHymn","SashWhip"],"picked":"EmptyBody","floor":29.0},{"not_picked":["CarveReality","Collect"],"picked":"Adaptation","floor":31.0},{"not_picked":["Devotion","Ragnarok"],"picked":"DevaForm","floor":33.0},{"not_picked":["ThirdEye","FlyingSleeves","Prostrate+1"],"picked":"SKIP","floor":35.0},{"not_picked":["Crescendo","InnerPeace"],"picked":"CrushJoints+1","floor":37.0},{"not_picked":["Study+1","Indignation"],"picked":"ThirdEye+1","floor":38.0},{"not_picked":["SashWhip","Consecrate"],"picked":"Devotion","floor":39},{"not_picked":["Consecrate","PathToVictory+1","CrushJoints"],"picked":"SKIP","floor":44},{"not_picked":["Fasting2+1","Protect","Consecrate"],"picked":"SKIP","floor":45},{"not_picked":["FollowUp+1","Protect"],"picked":"Establishment","floor":47},{"not_picked":["Evaluate","Wireheading"],"picked":"ThirdEye+1","floor":48}],"player_experience":3490686,"relics_obtained":[{"floor":7.0,"key":"Oddly Smooth Stone"},{"floor":9.0,"key":"Nunchaku"},{"floor":10.0,"key":"CeramicFish"},{"floor":13.0,"key":"Regal Pillow"},{"floor":20.0,"key":"Nilry\u0027s Codex"},{"floor":24.0,"key":"Bag of Marbles"},{"floor":26.0,"key":"Pen Nib"},{"floor":27.0,"key":"Bottled Lightning"},{"floor":29.0,"key":"Red Mask"},{"floor":37.0,"key":"TungstenRod"},{"floor":44,"key":"Mummified Hand"},{"floor":47,"key":"Blood Vial"}],"event_choices":[{"damage_healed":0.0,"max_hp_gain":0.0,"max_hp_loss":0.0,"gold_gain":0.0,"event_name":"Scrap Ooze","player_choice":"Success","floor":2.0,"gold_loss":0.0,"damage_taken":11.0,"relics_obtained":["Bag of Preparation"]},{"damage_healed":22.0,"max_hp_gain":0.0,"max_hp_loss":0.0,"gold_gain":0.0,"event_name":"Big Fish","player_choice":"Banana","floor":4.0,"gold_loss":0.0,"damage_taken":0.0},{"damage_healed":0.0,"max_hp_gain":0.0,"max_hp_loss":0.0,"gold_gain":0.0,"event_name":"Living Wall","player_choice":"Grow","floor":5.0,"gold_loss":0.0,"damage_taken":0.0,"cards_upgraded":["Conclude"]},{"damage_healed":0.0,"max_hp_gain":0.0,"max_hp_loss":0.0,"gold_gain":0.0,"event_name":"Cursed Tome","player_choice":"Obtained Book","floor":20.0,"gold_loss":0.0,"damage_taken":21.0},{"damage_healed":0.0,"max_hp_gain":0.0,"max_hp_loss":0.0,"gold_gain":0.0,"event_name":"Masked Bandits","player_choice":"Fought Bandits","floor":29.0,"gold_loss":0.0,"damage_taken":0.0},{"damage_healed":0.0,"max_hp_gain":0.0,"max_hp_loss":0.0,"gold_gain":0.0,"event_name":"The Moai Head","player_choice":"Ignored","floor":36.0,"gold_loss":0.0,"damage_taken":0.0},{"damage_healed":0.0,"max_hp_gain":0.0,"max_hp_loss":0.0,"gold_gain":0.0,"event_name":"MindBloom","player_choice":"Fight","floor":37.0,"gold_loss":0.0,"damage_taken":0.0},{"damage_healed":0,"gold_gain":0,"player_choice":"Got Potions","damage_taken":0,"max_hp_gain":0,"max_hp_loss":0,"event_name":"Lab","floor":46,"gold_loss":0}],"is_beta":false,"boss_relics":[{"not_picked":["Snecko Eye","Calling Bell"],"picked":"Astrolabe"},{"not_picked":["Busted Crown","Pandora\u0027s Box"],"picked":"VioletLotus"}],"items_purged_floors":[30],"is_endless":false,"potions_floor_spawned":[7,16,21,24,27,28,33,38,39,44,47],"killed_by":"Awakened One","ascension_level":20}}