{"host":"dj20jyxj5yo6mk8a","time":1614123803,"event":{"mods":["AchievementEnabler","BaseMod","BetterRewards","Card Forge","Minty Spire (QoL Compilation)","Replay The Spire","StSLib"],"gold_per_floor":[163,163,163,16,36,36,108,126,126,191,251,595,657,270,270,375,375,430,487,87,97,97,124,124,164,188,43,43,60,73,105,105,200,200,215,235,338,351,363,246,246,271,295,326,345,372,372,400,400,400,400,400,32,65,65],"floor_reached":56,"language":"ENG","playtime":2762,"items_purged":[],"score":1829,"play_id":"2a7970e7-11e1-4738-8f77-7f5677b018fc","local_time":"20210223204323","is_ascension_mode":true,"campfire_choices":[{"floor":6,"key":"RECALL"},{"floor":15,"key":"REST"},{"floor":24,"key":"REST"},{"floor":32,"key":"REST"},{"floor":41,"key":"REST"},{"floor":52,"key":"REST"}],"circlet_count":0,"master_deck":["Strike_R+4","Strike_R+5","Strike_R+4","Strike_R+5","Strike_R+5","Defend_R+5","Defend_R+5","Defend_R+4","Defend_R+41","Bash+1","Combust+1","White Noise+1","BecomeAlmighty+1","Dark Echo+1","Dramatic Entrance+1","Dark Shackles+1","Discovery+1","LiveForever+1","RitualDagger+1","Sadistic Nature+1","Good Instincts+1","Poisoned Strike+1","Blind+1","White Noise+1","BecomeAlmighty+1","Blind+1","Dark Shackles+1","Dramatic Entrance+1","Discovery+1","Good Instincts+1","LiveForever+1","Sadistic Nature+1","Spot Weakness+1","Hallucinations","Barricade+1","Twin Strike+1","Metallicize+1","Intimidate+1","Demon Form+1","Clothesline+1","Anger+1","Ghostly Armor+1","Spot Weakness+1","LiveForever+1","Impervious+1","Clumsy","Feel No Pain+1","ReplayTheSpireMod:Corrosion Curse+1","ReplayTheSpireMod:Restless Dread"],"relics":["Hammer of Thor","Seething Fire","Anvil of the Gods","Tiny House","ReplayTheSpireMod:Ring of Collecting","ReplayTheSpireMod:Ring of Challenge","Brimstone","Bottled Lightning","Ring of Fury","Old Coin","Torii","Mummified Hand","Lantern","Replay:Ancient Bell","Replay:Rubber Ducky","ReplayTheSpireMod:Shallot","Thread and Needle","PreservedInsect","HornCleat","Durian","Strawberry","Tiny Chest","Ring of Peace","Orichalcum","DollysMirror","Replay:Bottled Snecko","SlaversCollar","Ring of Greed","The Courier","Replay:Wax Seal","Oddly Smooth Stone","ReplayFunnel","Art of War","Ring of Hypnosis","Ancient Tea Set","Mango","Simple Rune","ReplayTheSpireMod:Ring of Exchange","War Paint","Pear","Counterbalance","Whetstone","Bag of Preparation"],"acts_visited":["Exordium","TheCity","TheBeyond","TheEnding"],"potions_floor_usage":[],"damage_taken":[{"damage":1,"enemies":"Small Slimes","floor":1,"turns":2},{"damage":0,"enemies":"Jaw Worm","floor":5,"turns":2},{"damage":0,"enemies":"Gremlin Nob","floor":7,"turns":3},{"damage":0,"enemies":"Cultist","floor":8,"turns":1},{"damage":0,"enemies":"Exordium Thugs","floor":10,"turns":3},{"damage":0,"enemies":"Large Slime","floor":11,"turns":3},{"damage":11,"enemies":"Lagavulin","floor":12,"turns":3},{"damage":0,"enemies":"Gremlin Gang","floor":13,"turns":1},{"damage":7,"enemies":"Fading Forest","floor":16,"turns":11},{"damage":7,"enemies":"Shell Parasite","floor":18,"turns":3},{"damage":30,"enemies":"Spheric Guardian","floor":19,"turns":5},{"damage":1,"enemies":"Snecko","floor":21,"turns":2},{"damage":8,"enemies":"Slavers","floor":23,"turns":2},{"damage":0,"enemies":"Replay:Snechameleon","floor":25,"turns":4},{"damage":0,"enemies":"Snake Plant","floor":29,"turns":3},{"damage":0,"enemies":"3 Cultists","floor":30,"turns":5},{"damage":0,"enemies":"Book of Stabbing","floor":31,"turns":4},{"damage":0,"enemies":"Champ","floor":33,"turns":7},{"damage":0,"enemies":"3 Darklings","floor":35,"turns":5},{"damage":0,"enemies":"3 Shapes","floor":36,"turns":1},{"damage":3,"enemies":"Sphere and 2 Shapes","floor":38,"turns":4},{"damage":0,"enemies":"3 Darklings","floor":39,"turns":4},{"damage":0,"enemies":"R_Hoarder","floor":42,"turns":5},{"damage":0,"enemies":"Giant Head","floor":44,"turns":5},{"damage":0,"enemies":"Transient","floor":45,"turns":5},{"damage":6,"enemies":"Nemesis","floor":46,"turns":9},{"damage":0,"enemies":"Reptomancer","floor":48,"turns":4},{"damage":0,"enemies":"Time Eater","floor":50,"turns":10},{"damage":0,"enemies":"Shield and Spear","floor":54,"turns":5},{"damage":70,"enemies":"The Heart","floor":55,"turns":9}],"seed_played":"5283525158166652035","potions_obtained":[],"is_trial":false,"path_per_floor":["M","?","?","$","M","R","E","M","T","M","M","E","M","$","R","B",null,"M","M","$","M","?","E","R","E","T","$","?","M","M","E","R","B",null,"M","M","T","M","M","$","R","E","T","E","M","E","T","E","R","B",null,"R","$","E","B",null],"character_chosen":"IRONCLAD","items_purchased":["Brimstone","Mummified Hand","Lantern","PreservedInsect","HornCleat","DollysMirror","ReplayFunnel","Counterbalance","Whetstone"],"campfire_rested":5,"item_purchase_floors":[4,14,14,20,20,27,40,53,53],"current_hp_per_floor":[84,84,84,84,84,84,84,84,84,84,84,73,73,73,85,79,85,78,48,48,47,31,28,56,63,63,63,63,63,63,63,93,93,102,102,102,102,99,99,99,102,102,102,116,116,110,110,120,120,120,126,126,126,126,56],"gold":65,"neow_bonus":"BOSS_RELIC","is_daily":false,"chose_seed":false,"campfire_upgraded":0,"win_rate":0.0,"timestamp":1614123803,"path_taken":["M","?","?","$","M","R","E","M","T","M","M","E","M","$","R","BOSS","M","M","$","?","?","E","R","E","T","$","?","M","?","E","R","BOSS","M","M","?","M","M","$","R","E","T","E","M","E","?","E","R","BOSS","R","$","E","BOSS"],"items_purchased_type":["Relic","Relic","Relic","Relic","Relic","Relic","Relic","Relic","Relic"],"build_version":"2020-12-22","purchased_purges":0,"victory":true,"max_hp_per_floor":[85,85,85,85,85,85,85,85,85,85,85,85,85,85,85,85,85,85,85,85,85,90,95,95,102,102,102,102,102,102,102,102,102,102,102,102,102,102,102,102,102,102,102,116,116,116,116,126,126,126,126,126,126,126,126],"card_choices":[{"not_picked":["Ghostly Armor","Wild Strike"],"picked":"Combust","floor":0},{"not_picked":["Clothesline","Headbutt"],"picked":"Spot Weakness","floor":1},{"not_picked":["Armaments","Headbutt","Clash"],"picked":"SKIP","floor":5},{"not_picked":["Body Slam","Shrug It Off","Feel No Pain"],"picked":"SKIP","floor":7},{"not_picked":["Thunderclap","Pommel Strike"],"picked":"Barricade","floor":8},{"not_picked":["Iron Wave","Perfected Strike"],"picked":"Twin Strike","floor":10},{"not_picked":["Havoc","Wild Strike"],"picked":"Metallicize","floor":11},{"not_picked":["Rampage","Seeing Red"],"picked":"Intimidate","floor":12},{"not_picked":["Seeing Red","Perfected Strike","Rupture"],"picked":"SKIP","floor":13},{"not_picked":["Impervious","Limit Break"],"picked":"Demon Form","floor":16},{"not_picked":["Doubt","AbeCurse"],"picked":"Amnesia","floor":17},{"not_picked":["Regret","Normality"],"picked":"Overencumbered","floor":17},{"not_picked":["Pain","AbeCurse"],"picked":"Doubt","floor":17},{"not_picked":["Blood for Blood","Dropkick"],"picked":"Clothesline","floor":18},{"not_picked":["Blood for Blood","Corruption","Perfected Strike"],"picked":"SKIP","floor":19},{"not_picked":["Heavy Blade","ReplayTheSpireMod:Limb From Limb"],"picked":"Anger","floor":21},{"not_picked":["Havoc+1","Corruption"],"picked":"Ghostly Armor","floor":23},{"not_picked":["Feel No Pain","Shrug It Off"],"picked":"Spot Weakness+1","floor":25},{"not_picked":["Anger","ReplayReversal+1","Havoc"],"picked":"SKIP","floor":29},{"not_picked":["Pummel+1","Replay:Undeath\u0027s Touch","Wild Strike"],"picked":"SKIP","floor":30},{"not_picked":["Armaments","Intimidate","Blood for Blood"],"picked":"SKIP","floor":31},{"not_picked":["Fiend Fire","Juggernaut"],"picked":"Impervious","floor":33},{"not_picked":["Havoc+1","Clothesline+1","Inflame"],"picked":"SKIP","floor":35},{"not_picked":["Evolve","Clash+1","ReplayTheSpireMod:Strike From Hell"],"picked":"SKIP","floor":36},{"not_picked":["Heavy Blade","True Grit+1","Wild Strike+1"],"picked":"SKIP","floor":38},{"not_picked":["Abandon","Anger+1","Sentinel+1"],"picked":"SKIP","floor":39},{"not_picked":["Perfected Strike","Wild Strike"],"picked":"Feel No Pain+1","floor":42},{"not_picked":["Sword Boomerang","Massacre"],"picked":"ReplayTheSpireMod:Corrosion Curse","floor":44},{"not_picked":["Clash+1","Headbutt","Reckless Charge+1"],"picked":"SKIP","floor":45},{"not_picked":["True Grit","Feed","Twin Strike"],"picked":"SKIP","floor":46},{"not_picked":["Fire Breathing","Sword Boomerang","Iron Wave"],"picked":"SKIP","floor":48},{"not_picked":["Feed","Ghostly Armor","Demon Form"],"picked":"SKIP","floor":54}],"player_experience":113887,"relics_obtained":[{"floor":2,"key":"ReplayTheSpireMod:Ring of Collecting"},{"floor":2,"key":"ReplayTheSpireMod:Ring of Challenge"},{"floor":7,"key":"Bottled Lightning"},{"floor":9,"key":"Ring of Fury"},{"floor":12,"key":"Old Coin"},{"floor":12,"key":"Torii"},{"floor":23,"key":"Durian"},{"floor":25,"key":"Strawberry"},{"floor":25,"key":"Tiny Chest"},{"floor":26,"key":"Ring of Peace"},{"floor":26,"key":"Orichalcum"},{"floor":31,"key":"Replay:Bottled Snecko"},{"floor":37,"key":"Ring of Greed"},{"floor":37,"key":"The Courier"},{"floor":37,"key":"Replay:Wax Seal"},{"floor":37,"key":"Oddly Smooth Stone"},{"floor":42,"key":"Art of War"},{"floor":43,"key":"Ring of Hypnosis"},{"floor":43,"key":"Ancient Tea Set"},{"floor":44,"key":"Mango"},{"floor":46,"key":"Simple Rune"},{"floor":47,"key":"ReplayTheSpireMod:Ring of Exchange"},{"floor":47,"key":"War Paint"},{"floor":48,"key":"Pear"},{"floor":54,"key":"Bag of Preparation"}],"event_choices":[{"damage_healed":0,"gold_gain":0,"player_choice":"Bought 0 Potions","damage_taken":0,"max_hp_gain":0,"max_hp_loss":0,"event_name":"The Woman in Blue","floor":3,"gold_loss":0},{"damage_healed":0,"gold_gain":0,"player_choice":"Shed Blood","damage_taken":21,"max_hp_gain":5,"max_hp_loss":0,"event_name":"Forgotten Altar","floor":22,"gold_loss":0},{"damage_healed":0,"gold_gain":0,"player_choice":"Ignored","damage_taken":0,"max_hp_gain":0,"max_hp_loss":0,"event_name":"Accursed Blacksmith","floor":28,"gold_loss":0},{"damage_healed":0,"gold_gain":0,"player_choice":"Ignored","damage_taken":0,"max_hp_gain":0,"max_hp_loss":0,"event_name":"Tomb of Lord Red Mask","floor":49,"gold_loss":0}],"is_beta":false,"boss_relics":[{"not_picked":["Pandora\u0027s Box","Painkiller Herb"],"picked":"Replay:Ancient Bell"},{"not_picked":["MawBank","Regal Pillow"],"picked":"Replay:Rubber Ducky"},{"not_picked":["StrikeDummy","Darkstone Periapt"],"picked":"ReplayTheSpireMod:Shallot"},{"not_picked":["Unceasing Top","FossilizedHelix"],"picked":"Thread and Needle"},{"not_picked":["Replay:Bronze Core","Runic Pyramid"],"picked":"SlaversCollar"}],"items_purged_floors":[],"is_endless":false,"potions_floor_spawned":[1,7,11,12,13,18,21,30,31,35,36,39,44,48,54],"ascension_level":1}}