{"host":"7skunfutdkk39s14","time":1614108211,"event":{"mods":["BaseMod","Downfall","Infinite Spire","Minty Spire (QoL Compilation)","StSLib"],"gold_per_floor":[99,114,124,124,124,124,148,171,10,36,36,80,80,103,136,268,268,268,307,336,336,336,336,336],"floor_reached":22,"language":"ENG","playtime":1858,"items_purged":[],"score":186,"play_id":"a22689a2-0f62-42a9-a73d-630056c18121","local_time":"20210223142331","is_ascension_mode":false,"campfire_choices":[{"data":"hexamod:Sear","floor":1,"key":"SMITH"},{"data":"hexamod:RadiantFlame","floor":6,"key":"SMITH"},{"floor":13,"key":"REST"},{"data":"hexamod:UnlimitedPower","floor":18,"key":"SMITH"}],"circlet_count":0,"master_deck":["hexamod:Strike","hexamod:Strike","hexamod:Strike","hexamod:Strike","hexamod:Defend+1","hexamod:Defend","hexamod:Defend","hexamod:Defend","hexamod:Sear+1","hexamod:Float","hexamod:FirstSeal","hexamod:RadiantFlame+1","hexamod:SpectersWail+1","hexamod:NightmareGuise+1","hexamod:BurningTouch+1","hexamod:HauntingEcho","hexamod:HeatShield","hexamod:FifthSeal","hexamod:ThirdSeal","hexamod:InspiringFlames","hexamod:HexaLevel","hexamod:SixthSeal","hexamod:UnlimitedPower+1","hexamod:SoulSteal+1","hexamod:FourthSeal","hexamod:ExtraCrispy","hexamod:StepThrough"],"relics":["hexamod:SpiritBrand","CeramicFish","Strange Spoon","Art of War","War Paint","hexamod:IceCube","MutagenicStrength"],"acts_visited":["Exordium","TheCity"],"potions_floor_usage":[16,16,20],"damage_taken":[{"damage":1,"enemies":"Jaw Worm","floor":2,"turns":4},{"damage":6,"enemies":"2 Louse","floor":3,"turns":4},{"damage":0,"enemies":"Cultist","floor":5,"turns":1},{"damage":9,"enemies":"Blue Slaver","floor":8,"turns":4},{"damage":0,"enemies":"downfall:FleeingMerchant","floor":9,"turns":4},{"damage":13,"enemies":"2 Fungi Beasts","floor":10,"turns":4},{"damage":25,"enemies":"3 Sentries","floor":12,"turns":7},{"damage":12,"enemies":"3 Louse","floor":14,"turns":3},{"damage":4,"enemies":"Blue Slaver","floor":15,"turns":3},{"damage":11,"enemies":"SI_SHIV_ARCHETYPE","floor":16,"turns":7},{"damage":52,"enemies":"3 Byrds","floor":19,"turns":8},{"damage":26,"enemies":"Spheric Guardian","floor":20,"turns":6},{"damage":20,"enemies":"Centurion and Healer","floor":22,"turns":1}],"seed_played":"4082457551609329248","potions_obtained":[{"floor":2,"key":"Strength Potion"},{"floor":8,"key":"SteroidPotion"},{"floor":10,"key":"hexamod:EctoCoolerPotion"}],"is_trial":false,"path_per_floor":["R","M","M","?","M","R","T","M","$","M","?","E","R","M","M","B",null,"R","M","M","?","M"],"character_chosen":"THE_SPIRIT","items_purchased":["Strange Spoon"],"campfire_rested":1,"item_purchase_floors":[9],"current_hp_per_floor":[77,76,77,77,77,77,77,75,77,71,71,53,76,64,67,63,77,77,32,13,13,0,0,0],"gold":336,"neow_bonus":"TEN_PERCENT_HP_BONUS","is_daily":false,"chose_seed":false,"campfire_upgraded":3,"win_rate":0.0,"timestamp":1614108211,"path_taken":["R","M","M","?","M","R","T","M","$","M","?","E","R","M","M","BOSS","R","M","M","?","M"],"items_purchased_type":["Relic"],"build_version":"2020-12-22","purchased_purges":0,"victory":false,"max_hp_per_floor":[77,77,77,77,77,77,77,77,77,77,77,77,77,77,77,77,77,77,77,77,77,77,77,77],"card_choices":[{"not_picked":["hexamod:Firestarter","hexamod:ExtraCrispy"],"picked":"hexamod:FirstSeal","floor":2},{"not_picked":["hexamod:ThermalTransfer","hexamod:Hexaguard"],"picked":"hexamod:RadiantFlame","floor":3},{"not_picked":["hexamod:RadiantFlame","hexamod:GhostLash"],"picked":"hexamod:SpectersWail","floor":5},{"not_picked":["hexamod:ShieldOfDarkness","hexamod:FirstSeal"],"picked":"hexamod:NightmareGuise","floor":8},{"not_picked":["hexamod:Firestarter","hexamod:SpectersWail"],"picked":"hexamod:BurningTouch","floor":9},{"not_picked":["hexamod:NightmareStrike","hexamod:NecessarySacrifice"],"picked":"hexamod:HauntingEcho","floor":10},{"not_picked":["hexamod:Haunt","hexamod:Again"],"picked":"hexamod:HeatShield","floor":12},{"not_picked":["hexamod:ShieldOfDarkness","hexamod:EtherealExpedition"],"picked":"hexamod:FifthSeal","floor":14},{"not_picked":["hexamod:FirstSeal","hexamod:FourthSeal"],"picked":"hexamod:ThirdSeal","floor":15},{"not_picked":["hexamod:NightmareGuise","hexamod:Firestarter"],"picked":"hexamod:InspiringFlames","floor":15},{"not_picked":["hexamod:TimeWarp","hexamod:GhostOfSpirePresent"],"picked":"hexamod:HexaLevel","floor":16},{"not_picked":["hexamod:FourthSeal","hexamod:FirstSeal"],"picked":"hexamod:SixthSeal","floor":16},{"not_picked":["hexamod:TurnItUp","hexamod:SixthSeal"],"picked":"hexamod:UnlimitedPower","floor":16},{"not_picked":["hexamod:SkipABeat","hexamod:GhostLash"],"picked":"hexamod:SoulSteal+1","floor":19},{"not_picked":["hexamod:SecondSeal","hexamod:FirstSeal"],"picked":"hexamod:FourthSeal","floor":19},{"not_picked":["hexamod:HauntingEcho","hexamod:Incineration"],"picked":"hexamod:ExtraCrispy","floor":19},{"not_picked":["hexamod:SpectralAdrenaline","hexamod:Rewind"],"picked":"hexamod:StepThrough","floor":20}],"player_experience":708595,"relics_obtained":[{"floor":7,"key":"CeramicFish"},{"floor":11,"key":"Art of War"},{"floor":12,"key":"War Paint"}],"event_choices":[{"damage_healed":0,"gold_gain":0,"player_choice":"Inject Mutagens","damage_taken":0,"relics_obtained":["MutagenicStrength"],"max_hp_gain":0,"max_hp_loss":0,"event_name":"Drug Dealer","floor":21,"gold_loss":0}],"is_beta":false,"boss_relics":[{"not_picked":["Pandora\u0027s Box","bronze:MakeshiftBattery"],"picked":"hexamod:IceCube"}],"items_purged_floors":[],"is_endless":false,"potions_floor_spawned":[2,8,10,12,15],"killed_by":"Centurion and Healer","ascension_level":0}}