{"host":"dowi7cgbhepuzvpj","time":1614121138,"event":{"mods":["AchievementEnabler","BaseMod","Colored Map","Keyboard Shortcuts","Minty Spire (QoL Compilation)","Permanent Neow","Quick Restart","StSLib","SuperFastMode"],"gold_per_floor":[112,59,75,89,89,89,89,109,159,174,207,61,75,113,113,211,211,186,186,210,135,158,158,1,16,39,39,92,92,110,131,131,220,220,245,69,84,5,24,24,24,65,133,133,133,133],"floor_reached":45,"language":"KOR","playtime":1497,"items_purged":["Strike_R","Armaments+1"],"score":1015,"play_id":"9b7016d5-f61b-4594-a0af-8747811a7a5d","local_time":"20210224075858","is_ascension_mode":true,"campfire_choices":[{"data":"Armaments","floor":6,"key":"SMITH"},{"data":"True Grit","floor":15,"key":"SMITH"},{"data":"Limit Break","floor":23,"key":"SMITH"},{"data":"Spot Weakness","floor":27,"key":"SMITH"},{"data":"Shrug It Off","floor":29,"key":"SMITH"},{"floor":32,"key":"REST"},{"data":"Flame Barrier","floor":40,"key":"SMITH"},{"floor":44,"key":"REST"}],"circlet_count":0,"master_deck":["AscendersBane","Strike_R+1","Defend_R+1","Defend_R+1","Defend_R+1","Defend_R+1","Bash","Spot Weakness+1","True Grit+1","Flame Barrier+1","Inflame+1","Heavy Blade","Shrug It Off+1","Limit Break+1","CurseOfTheBell","Metallicize+1","Barricade+1","Metallicize+1","Evolve+1","Entrench+1","Power Through"],"relics":["Burning Blood","War Paint","Golden Idol","Happy Flower","Odd Mushroom","HornCleat","Frozen Egg 2","Tiny Chest","Calling Bell","Oddly Smooth Stone","Letter Opener","Charon\u0027s Ashes","Membership Card","Smiling Mask","Ancient Tea Set","Empty Cage","Bag of Marbles","Lee\u0027s Waffle","Pen Nib","The Courier"],"acts_visited":["Exordium","TheCity","TheBeyond"],"potions_floor_usage":[16,18,33,42,45],"damage_taken":[{"damage":9,"enemies":"Jaw Worm","floor":1,"turns":5},{"damage":4,"enemies":"Cultist","floor":3,"turns":4},{"damage":0,"enemies":"2 Louse","floor":4,"turns":3},{"damage":7,"enemies":"2 Fungi Beasts","floor":8,"turns":4},{"damage":9,"enemies":"Large Slime","floor":10,"turns":7},{"damage":0,"enemies":"The Mushroom Lair","floor":11,"turns":2},{"damage":1,"enemies":"Blue Slaver","floor":13,"turns":7},{"damage":0,"enemies":"Gremlin Nob","floor":14,"turns":3},{"damage":44,"enemies":"Slime Boss","floor":16,"turns":9},{"damage":7,"enemies":"2 Thieves","floor":18,"turns":4},{"damage":30,"enemies":"Chosen","floor":20,"turns":6},{"damage":6,"enemies":"Centurion and Healer","floor":22,"turns":7},{"damage":9,"enemies":"Snecko","floor":25,"turns":5},{"damage":26,"enemies":"Cultist and Chosen","floor":30,"turns":7},{"damage":23,"enemies":"Centurion and Healer","floor":31,"turns":7},{"damage":85,"enemies":"Automaton","floor":33,"turns":11},{"damage":24,"enemies":"3 Shapes","floor":35,"turns":7},{"damage":17,"enemies":"Orb Walker","floor":37,"turns":7},{"damage":0,"enemies":"Maw","floor":39,"turns":9},{"damage":65,"enemies":"Reptomancer","floor":42,"turns":7},{"damage":65,"enemies":"Giant Head","floor":45,"turns":9}],"seed_played":"-8019299883620246842","potions_obtained":[{"floor":1,"key":"FairyPotion"},{"floor":4,"key":"PowerPotion"},{"floor":10,"key":"Dexterity Potion"},{"floor":18,"key":"Fruit Juice"},{"floor":31,"key":"AttackPotion"},{"floor":35,"key":"SkillPotion"},{"floor":39,"key":"AttackPotion"}],"is_trial":false,"path_per_floor":["M","?","M","M","?","R","?","M","T","M","?","$","M","E","R","B",null,"M","?","M","?","M","R","$","M","T","R","T","R","M","M","R","B",null,"M","$","M","$","M","R","?","E","T","R","E"],"character_chosen":"IRONCLAD","items_purchased":["HornCleat","Frozen Egg 2","Inflame+1","Membership Card","Evolve+1","Bag of Marbles","Lee\u0027s Waffle"],"campfire_rested":2,"item_purchase_floors":[12,12,12,24,36,36,38],"current_hp_per_floor":[65,65,67,73,66,66,40,39,39,36,42,42,47,53,53,15,60,64,64,40,40,40,40,40,37,37,37,37,37,17,30,54,20,65,47,47,36,87,87,87,87,28,28,54,0,0],"gold":133,"neow_bonus":"ONE_RANDOM_RARE_CARD","is_daily":false,"chose_seed":false,"campfire_upgraded":6,"win_rate":0.0,"timestamp":1614121138,"path_taken":["M","?","M","?","?","R","?","M","T","M","?","$","M","E","R","BOSS","M","?","M","?","?","R","$","M","T","R","?","R","M","M","R","BOSS","M","$","M","$","M","R","?","E","T","R","E"],"items_purchased_type":["Relic","Relic","Card","Relic","Card","Relic","Relic"],"build_version":"2020-12-22","purchased_purges":2,"victory":false,"max_hp_per_floor":[75,75,75,75,75,75,75,75,75,75,75,75,75,75,75,75,75,80,80,80,80,80,80,80,80,80,80,80,80,80,80,80,80,80,80,80,80,87,87,87,87,87,87,87,87,87],"card_choices":[{"not_picked":["Searing Blow","Iron Wave"],"picked":"Armaments","floor":1},{"not_picked":["Heavy Blade","Sword Boomerang"],"picked":"Spot Weakness","floor":3},{"not_picked":["Rage","Seeing Red","Combust"],"picked":"SKIP","floor":4},{"not_picked":["Sword Boomerang","Metallicize"],"picked":"True Grit","floor":8},{"not_picked":["Dark Embrace","Wild Strike"],"picked":"Immolate","floor":10},{"not_picked":["Perfected Strike","Headbutt"],"picked":"Flame Barrier","floor":11},{"not_picked":["Inflame+1","Rage"],"picked":"Heavy Blade","floor":13},{"not_picked":["Sever Soul","Clash"],"picked":"Shrug It Off","floor":14},{"not_picked":["Barricade+1","Feed"],"picked":"Limit Break","floor":16},{"not_picked":["Hemokinesis","Cleave","Pommel Strike"],"picked":"SKIP","floor":18},{"not_picked":["Pommel Strike","Sever Soul","Seeing Red"],"picked":"SKIP","floor":20},{"not_picked":["Iron Wave","Wild Strike","Rupture+1"],"picked":"SKIP","floor":22},{"not_picked":["Flex","Blood for Blood","Hemokinesis"],"picked":"SKIP","floor":25},{"not_picked":["Clothesline","Ghostly Armor","Warcry"],"picked":"SKIP","floor":30},{"not_picked":["Clothesline","Bludgeon"],"picked":"Metallicize+1","floor":31},{"not_picked":["Demon Form+1","Double Tap"],"picked":"Barricade+1","floor":33},{"not_picked":["Clothesline","Hemokinesis+1"],"picked":"Metallicize+1","floor":35},{"not_picked":["Searing Blow+1","Bloodletting","Headbutt"],"picked":"SKIP","floor":37},{"not_picked":["Flame Barrier","Clothesline","Perfected Strike"],"picked":"SKIP","floor":39},{"not_picked":["Double Tap","Headbutt"],"picked":"Power Through","floor":42}],"player_experience":904417,"relics_obtained":[{"floor":9,"key":"Happy Flower"},{"floor":11,"key":"Odd Mushroom"},{"floor":14,"key":"Tiny Chest"},{"floor":17,"key":"Oddly Smooth Stone"},{"floor":17,"key":"Letter Opener"},{"floor":17,"key":"Charon\u0027s Ashes"},{"floor":26,"key":"Smiling Mask"},{"floor":28,"key":"Ancient Tea Set"},{"floor":42,"key":"Pen Nib"},{"floor":43,"key":"The Courier"}],"event_choices":[{"damage_healed":0,"gold_gain":0,"player_choice":"Paid Gold","damage_taken":0,"relics_obtained":["War Paint"],"max_hp_gain":0,"max_hp_loss":0,"event_name":"WeMeetAgain","floor":2,"gold_loss":53},{"cards_removed":["Strike_R"],"damage_healed":0,"gold_gain":0,"player_choice":"Card Removal","damage_taken":7,"max_hp_gain":0,"max_hp_loss":0,"event_name":"Golden Wing","floor":5,"gold_loss":0},{"damage_healed":0,"gold_gain":0,"player_choice":"Take Damage","damage_taken":26,"relics_obtained":["Golden Idol"],"max_hp_gain":0,"max_hp_loss":0,"event_name":"Golden Idol","floor":7,"gold_loss":0},{"damage_healed":0,"gold_gain":0,"player_choice":"Fought Mushrooms","damage_taken":0,"max_hp_gain":0,"max_hp_loss":0,"event_name":"Mushrooms","floor":11,"gold_loss":0},{"damage_healed":0,"gold_gain":0,"player_choice":"Simplicity","damage_taken":0,"max_hp_gain":0,"max_hp_loss":0,"event_name":"Back to Basics","floor":19,"gold_loss":0,"cards_upgraded":["Strike_R","Strike_R","Strike_R","Defend_R","Defend_R"]},{"cards_removed":["Immolate"],"damage_healed":0,"gold_gain":0,"player_choice":"Single Remove","damage_taken":0,"max_hp_gain":0,"max_hp_loss":0,"event_name":"Designer","floor":21,"gold_loss":75},{"damage_healed":0,"gold_gain":0,"player_choice":"Got Potions","damage_taken":0,"max_hp_gain":0,"max_hp_loss":0,"event_name":"Lab","floor":41,"gold_loss":0}],"is_beta":false,"boss_relics":[{"not_picked":["SacredBark","Cursed Key"],"picked":"Calling Bell"},{"not_picked":["Snecko Eye","Runic Dome"],"picked":"Empty Cage"}],"items_purged_floors":[12,36],"is_endless":false,"potions_floor_spawned":[1,4,10,18,31,35,39],"killed_by":"Giant Head","ascension_level":20}}