{"host":"ibckqdmmf9y74ymf","time":1614123641,"event":{"mods":["2.2 Compatiblity","BaseMod","Colored Map","Curses Come First","Highlight Path","Minty Spire (QoL Compilation)","Quick Restart","Rare Cards Sparkle","Relic Stats","StSLib"],"gold_per_floor":[113,132,132,152,170,170,205,219,270,282,313,325,350,388,400,484,496,521,547,594,616,628,665,677,689,748,760,772,772],"floor_reached":28,"language":"ENG","playtime":1112,"items_purged":[],"score":658,"play_id":"1a81103f-c9a7-43fc-a914-11711f25ce46","local_time":"20210224004041","is_ascension_mode":true,"campfire_choices":[{"data":"CrushJoints","floor":6.0,"key":"SMITH"},{"floor":10.0,"key":"REST"},{"data":"Evaluate","floor":12.0,"key":"SMITH"},{"data":"SandsOfTime","floor":15.0,"key":"SMITH"},{"data":"Wish","floor":27,"key":"SMITH"}],"circlet_count":0,"master_deck":["AscendersBane","Strike_P","Strike_P","Defend_P","Defend_P","Eruption","Vigilance","ReachHeaven+1","LikeWater+1","EmptyMind+1","SandsOfTime+1","ClearTheMind","Evaluate+1","CrushJoints+1","EmptyFist","JustLucky","FearNoEvil","BowlingBash","Wish+1","Wireheading+1","Protect","Pain"],"relics":["Astrolabe","Nunchaku","MawBank","Bottled Lightning","Snecko Eye","Orichalcum","WarpedTongs","MealTicket"],"acts_visited":["Exordium","TheCity"],"potions_floor_usage":[23,24],"damage_taken":[{"damage":1.0,"enemies":"Cultist","floor":1.0,"turns":3.0},{"damage":0.0,"enemies":"2 Louse","floor":2.0,"turns":2.0},{"damage":4.0,"enemies":"Jaw Worm","floor":4.0,"turns":2.0},{"damage":1.0,"enemies":"Looter","floor":5.0,"turns":3.0},{"damage":13.0,"enemies":"3 Sentries","floor":7.0,"turns":7.0},{"damage":21.0,"enemies":"Gremlin Gang","floor":8.0,"turns":4.0},{"damage":10.0,"enemies":"Blue Slaver","floor":11.0,"turns":3.0},{"damage":0.0,"enemies":"Looter","floor":13.0,"turns":2.0},{"damage":0.0,"enemies":"Lagavulin","floor":14.0,"turns":3.0},{"damage":0.0,"enemies":"Slime Boss","floor":16.0,"turns":3.0},{"damage":5.0,"enemies":"2 Thieves","floor":18.0,"turns":3.0},{"damage":2.0,"enemies":"Spheric Guardian","floor":19.0,"turns":4.0},{"damage":0.0,"enemies":"Centurion and Healer","floor":20.0,"turns":3.0},{"damage":7.0,"enemies":"Shelled Parasite and Fungi","floor":21.0,"turns":3.0},{"damage":12,"enemies":"Gremlin Leader","floor":23,"turns":4},{"damage":0,"enemies":"Cultist and Chosen","floor":24,"turns":1},{"damage":42,"enemies":"Slavers","floor":28,"turns":4}],"seed_played":"1346221413440534990","potions_obtained":[{"floor":7.0,"key":"PowerPotion"},{"floor":8.0,"key":"AttackPotion"},{"floor":11.0,"key":"FearPotion"},{"floor":16.0,"key":"SneckoOil"},{"floor":19.0,"key":"SneckoOil"},{"floor":21.0,"key":"SmokeBomb"}],"is_trial":false,"path_per_floor":["M","M","?","M","M","R","E","M","T","R","M","R","M","E","R","B",null,"M","M","M","M","?","E","M","?","T","R","E"],"character_chosen":"WATCHER","items_purchased":[],"campfire_rested":1,"item_purchase_floors":[],"current_hp_per_floor":[60,60,60,56,55,55,42,21,21,41,31,31,31,31,31,31,59,54,52,52,45,45,33,33,33,33,33,0,0],"gold":772,"neow_bonus":"BOSS_RELIC","is_daily":false,"chose_seed":false,"campfire_upgraded":4,"win_rate":0.0,"timestamp":1614123641,"path_taken":["M","?","?","M","M","R","E","M","T","R","M","R","M","E","R","BOSS","M","M","?","M","?","E","M","?","T","R","E"],"items_purchased_type":[],"build_version":"2020-12-22","purchased_purges":0,"victory":false,"max_hp_per_floor":[68,68,68,68,68,68,68,68,68,68,68,68,68,68,68,68,68,68,68,68,68,68,68,68,68,68,68,68,68],"relic_stats":{"Nunchaku":[7],"counters":[17,54],"Astrolabe":["ReachHeaven","LikeWater","EmptyMind"],"Snecko Eye":[39,45,40,35],"MealTicket":0,"Orichalcum":[12],"MawBank":228,"obtain_stats":[{"Nunchaku":7,"Astrolabe":0,"Snecko Eye":17,"MealTicket":26,"Bottled Lightning":14,"PureWater":0,"Orichalcum":23,"MawBank":9,"WarpedTongs":25},{"Nunchaku":5,"Astrolabe":0,"Snecko Eye":10,"MealTicket":16,"Bottled Lightning":9,"PureWater":0,"Orichalcum":15,"MawBank":6,"WarpedTongs":16},{"Nunchaku":17,"Astrolabe":0,"Snecko Eye":32,"MealTicket":50,"Bottled Lightning":29,"PureWater":0,"Orichalcum":49,"MawBank":21,"WarpedTongs":50}],"WarpedTongs":[4]},"card_choices":[{"not_picked":["EmptyBody","Crescendo"],"picked":"SandsOfTime","floor":1.0},{"not_picked":["Nirvana","Sanctity"],"picked":"ClearTheMind","floor":2.0},{"not_picked":["JustLucky","Crescendo"],"picked":"Evaluate","floor":4.0},{"not_picked":["FlurryOfBlows","Fasting2"],"picked":"CrushJoints","floor":5.0},{"not_picked":["Alpha","SashWhip"],"picked":"EmptyFist","floor":7.0},{"not_picked":["WindmillStrike","SashWhip"],"picked":"JustLucky","floor":8.0},{"not_picked":["ThirdEye","WheelKick"],"picked":"FearNoEvil","floor":11.0},{"not_picked":["DeceiveReality","EmptyBody","ClearTheMind"],"picked":"SKIP","floor":13.0},{"not_picked":["WreathOfFlame","Prostrate"],"picked":"BowlingBash","floor":14.0},{"not_picked":["SpiritShield","ConjureBlade"],"picked":"Wish","floor":16.0},{"not_picked":["PathToVictory","BowlingBash+1","ClearTheMind"],"picked":"SKIP","floor":18.0},{"not_picked":["CutThroughFate","BowlingBash+1","EmptyBody"],"picked":"SKIP","floor":19.0},{"not_picked":["FlyingSleeves","BattleHymn","ForeignInfluence"],"picked":"SKIP","floor":20.0},{"not_picked":["DeceiveReality","CutThroughFate"],"picked":"Wireheading+1","floor":21.0},{"not_picked":["WaveOfTheHand","JustLucky"],"picked":"Protect","floor":23}],"player_experience":562326,"relics_obtained":[{"floor":7.0,"key":"Nunchaku"},{"floor":9.0,"key":"MawBank"},{"floor":14.0,"key":"Bottled Lightning"},{"floor":23,"key":"Orichalcum"},{"floor":26,"key":"MealTicket"}],"event_choices":[{"cards_removed":["Defend_P"],"damage_healed":0.0,"max_hp_gain":0.0,"max_hp_loss":0.0,"gold_gain":0.0,"event_name":"Bonfire Elementals","player_choice":"Offered Basic","floor":3.0,"gold_loss":0.0,"damage_taken":0.0},{"damage_healed":0,"gold_gain":0,"player_choice":"Ignored","damage_taken":0,"max_hp_gain":0,"max_hp_loss":0,"event_name":"The Mausoleum","floor":22,"gold_loss":0},{"damage_healed":0,"gold_gain":0,"player_choice":"Rummage","damage_taken":0,"relics_obtained":["WarpedTongs"],"max_hp_gain":0,"max_hp_loss":0,"event_name":"Accursed Blacksmith","floor":25,"gold_loss":0,"cards_obtained":["Pain"]}],"is_beta":false,"boss_relics":[{"not_picked":["Ectoplasm","Runic Pyramid"],"picked":"Snecko Eye"}],"items_purged_floors":[],"is_endless":false,"potions_floor_spawned":[7,8,11,13,16,19,21,24],"killed_by":"Slavers","ascension_level":20}}