{"host":"z9rwthyxsf7d04ix","time":1614087925,"event":{"mods":["AchievementEnabler","BaseMod","Colored Map","Colored Powertips","Minty Spire (QoL Compilation)","Quick Restart"],"gold_per_floor":[113,63,63,74,74,108,108,134,214,69,69,89,89,130,130,260,260,281,281,296,221,221,246,261,261,311,311,341,89,106,140,140,238,238,255,255,165,176,24,55,71,101,101,134,4,14,14,314,314,314,314,314,3,35,35,35],"floor_reached":55,"language":"ENG","playtime":7284,"items_purged":["Injury","Strike_R","Strike_R"],"score":1109,"play_id":"9882f166-b411-46a6-9454-a5f33d937b25","local_time":"20210223154525","is_ascension_mode":true,"campfire_choices":[{"floor":7,"key":"RECALL"},{"floor":11,"key":"REST"},{"data":"Thunderclap","floor":15,"key":"SMITH"},{"data":"Armaments","floor":25,"key":"SMITH"},{"data":"Warcry","floor":27,"key":"SMITH"},{"data":"Bludgeon","floor":32,"key":"SMITH"},{"data":"Evolve","floor":47,"key":"SMITH"},{"data":"Fire Breathing","floor":49,"key":"SMITH"},{"data":"Bash","floor":52,"key":"SMITH"}],"circlet_count":0,"master_deck":["Strike_R","Defend_R+1","Defend_R","Defend_R","Bash+1","Shrug It Off+1","Thunderclap+1","Reaper","Offering+1","Spot Weakness","Spot Weakness","Reaper","Armaments+1","Fire Breathing+1","Warcry+1","Seeing Red+1","Bludgeon+1","Seeing Red+1","Exhume","CurseOfTheBell","Evolve+1","Warcry+1","Infernal Blade+1","Shrug It Off+1","Heavy Blade+1","Magnetism","Immolate","Shrug It Off","Demon Form"],"relics":["Burning Blood","NeowsBlessing","Lantern","War Paint","Pantograph","MealTicket","Bloody Idol","Red Skull","Coffee Dripper","FossilizedHelix","Champion Belt","HandDrill","Mango","Calling Bell","Bag of Marbles","Magic Flower","HornCleat","Membership Card","Smiling Mask","Vajra","Meat on the Bone","Eternal Feather","Shuriken","Medical Kit","Oddly Smooth Stone"],"acts_visited":["Exordium","TheCity","TheBeyond","TheEnding"],"potions_floor_usage":[14,14,16,24,28,28,40,42,44,50,50],"damage_taken":[{"damage":0,"enemies":"Jaw Worm","floor":1,"turns":1},{"damage":0,"enemies":"Small Slimes","floor":4,"turns":1},{"damage":0,"enemies":"Lagavulin","floor":6,"turns":1},{"damage":46,"enemies":"3 Sentries","floor":8,"turns":11},{"damage":0,"enemies":"2 Louse","floor":12,"turns":3},{"damage":25,"enemies":"Lagavulin","floor":14,"turns":6},{"damage":30,"enemies":"Slime Boss","floor":16,"turns":9},{"damage":9,"enemies":"Chosen","floor":18,"turns":4},{"damage":50,"enemies":"2 Thieves","floor":20,"turns":4},{"damage":67,"enemies":"Book of Stabbing","floor":23,"turns":6},{"damage":74,"enemies":"Chosen and Byrds","floor":24,"turns":6},{"damage":6,"enemies":"Slavers","floor":28,"turns":3},{"damage":0,"enemies":"Snake Plant","floor":30,"turns":1},{"damage":6,"enemies":"Gremlin Leader","floor":31,"turns":4},{"damage":80,"enemies":"Automaton","floor":33,"turns":9},{"damage":0,"enemies":"Orb Walker","floor":35,"turns":3},{"damage":8,"enemies":"3 Shapes","floor":38,"turns":4},{"damage":128,"enemies":"Reptomancer","floor":40,"turns":9},{"damage":41,"enemies":"Spire Growth","floor":41,"turns":5},{"damage":96,"enemies":"Nemesis","floor":42,"turns":11},{"damage":116,"enemies":"Giant Head","floor":44,"turns":9},{"damage":0,"enemies":"Jaw Worm Horde","floor":46,"turns":4},{"damage":66,"enemies":"Awakened One","floor":50,"turns":10},{"damage":51,"enemies":"Shield and Spear","floor":54,"turns":5},{"damage":142,"enemies":"The Heart","floor":55,"turns":8}],"seed_played":"18605837926501489","potions_obtained":[{"floor":1,"key":"Energy Potion"},{"floor":4,"key":"Strength Potion"},{"floor":14,"key":"ColorlessPotion"},{"floor":16,"key":"BloodPotion"},{"floor":20,"key":"EssenceOfSteel"},{"floor":23,"key":"Regen Potion"},{"floor":24,"key":"BloodPotion"},{"floor":31,"key":"Regen Potion"},{"floor":33,"key":"DistilledChaos"},{"floor":42,"key":"HeartOfIron"},{"floor":44,"key":"Fruit Juice"}],"is_trial":false,"path_per_floor":["M","?","?","M","$","E","R","E","T","$","R","M","?","E","R","B",null,"M","?","M","$","?","E","M","R","T","R","E","$","M","E","R","B",null,"M","?","?","M","$","E","M","E","T","E","$","M","R","?","R","B",null,"R","$","E","B"],"character_chosen":"IRONCLAD","items_purchased":["MealTicket","HandDrill","Membership Card","Shuriken","Magnetism","Medical Kit","Immolate","Shrug It Off"],"campfire_rested":1,"item_purchase_floors":[10,29,39,45,53,53,53,53],"current_hp_per_floor":[80,80,80,80,80,80,80,48,48,48,72,78,78,72,72,70,80,80,80,64,79,79,56,36,36,41,41,80,80,80,94,94,87,94,94,94,94,94,94,64,91,65,65,76,91,99,99,99,99,68,99,99,99,99,0,0],"gold":35,"neow_bonus":"THREE_ENEMY_KILL","is_daily":false,"chose_seed":false,"campfire_upgraded":7,"win_rate":0.0,"timestamp":1614087925,"path_taken":["M","?","?","M","$","E","R","E","T","$","R","M","?","E","R","BOSS","M","?","M","$","?","E","M","R","T","R","E","$","M","E","R","BOSS","M","?","?","M","$","E","?","E","T","E","$","M","R","?","R","BOSS","R","$","E","BOSS"],"items_purchased_type":["Relic","Relic","Relic","Relic","Card","Relic","Card","Card"],"build_version":"2020-12-22","purchased_purges":3,"victory":false,"max_hp_per_floor":[80,80,80,80,80,80,80,80,80,80,80,80,80,80,80,80,80,80,80,80,80,80,80,80,80,80,80,80,80,80,94,94,94,94,94,94,94,94,94,94,94,94,94,99,99,99,99,99,99,99,99,99,99,99,99,99],"card_choices":[{"not_picked":["Pummel","Clash"],"picked":"Shrug It Off","floor":1},{"not_picked":["Power Through","Pommel Strike"],"picked":"Thunderclap","floor":4},{"not_picked":["Pummel","Pommel Strike"],"picked":"Reaper","floor":6},{"not_picked":["Rupture","Fire Breathing"],"picked":"Offering","floor":8},{"not_picked":["Armaments","Twin Strike"],"picked":"Spot Weakness","floor":12},{"not_picked":["True Grit","Uppercut"],"picked":"Spot Weakness","floor":14},{"not_picked":["Double Tap","Brutality"],"picked":"Reaper","floor":16},{"not_picked":["True Grit","Havoc","Headbutt+1"],"picked":"SKIP","floor":18},{"not_picked":["True Grit+1","Cleave"],"picked":"Warcry","floor":20},{"not_picked":["Spot Weakness","Havoc"],"picked":"Seeing Red+1","floor":23},{"not_picked":["Wild Strike+1","Perfected Strike+1","Cleave"],"picked":"SKIP","floor":24},{"not_picked":["Rupture+1","Warcry"],"picked":"Bludgeon","floor":28},{"not_picked":["Clothesline","Warcry+1"],"picked":"Seeing Red+1","floor":30},{"not_picked":["Rampage","Corruption","Clothesline"],"picked":"SKIP","floor":31},{"not_picked":["Impervious","Brutality"],"picked":"Exhume","floor":33},{"not_picked":["Infernal Blade+1","Feel No Pain"],"picked":"Evolve","floor":35},{"not_picked":["Rage","Metallicize"],"picked":"Warcry+1","floor":38},{"not_picked":["Feel No Pain","Reckless Charge","Combust+1"],"picked":"SKIP","floor":40},{"not_picked":["True Grit+1","Iron Wave"],"picked":"Infernal Blade+1","floor":41},{"not_picked":["Spot Weakness","Heavy Blade+1"],"picked":"Shrug It Off+1","floor":42},{"not_picked":["Seeing Red+1","Second Wind"],"picked":"Heavy Blade+1","floor":44},{"not_picked":["Heavy Blade+1","Sentinel","Metallicize+1"],"picked":"SKIP","floor":46},{"not_picked":["Heavy Blade+1","Sentinel","Metallicize+1"],"picked":"SKIP","floor":46},{"not_picked":["Uppercut","Headbutt+1"],"picked":"Demon Form","floor":54}],"player_experience":770160,"relics_obtained":[{"floor":6,"key":"Lantern"},{"floor":8,"key":"War Paint"},{"floor":9,"key":"Pantograph"},{"floor":14,"key":"Red Skull"},{"floor":23,"key":"FossilizedHelix"},{"floor":28,"key":"Champion Belt"},{"floor":31,"key":"Mango"},{"floor":34,"key":"Bag of Marbles"},{"floor":34,"key":"Magic Flower"},{"floor":34,"key":"HornCleat"},{"floor":40,"key":"Smiling Mask"},{"floor":42,"key":"Vajra"},{"floor":43,"key":"Meat on the Bone"},{"floor":44,"key":"Eternal Feather"},{"floor":54,"key":"Oddly Smooth Stone"}],"event_choices":[{"cards_removed":["Defend_R"],"damage_healed":0,"gold_gain":0,"player_choice":"Card Removal","damage_taken":0,"max_hp_gain":0,"max_hp_loss":0,"event_name":"The Cleric","floor":2,"gold_loss":50},{"damage_healed":0,"gold_gain":0,"player_choice":"Ignored","damage_taken":0,"max_hp_gain":0,"max_hp_loss":0,"event_name":"Shining Light","floor":3,"gold_loss":0},{"damage_healed":0,"gold_gain":0,"player_choice":"Take Wound","damage_taken":0,"relics_obtained":["Golden Idol"],"max_hp_gain":0,"max_hp_loss":0,"event_name":"Golden Idol","floor":13,"gold_loss":0,"cards_obtained":["Injury"]},{"damage_healed":0,"gold_gain":0,"cards_transformed":["Strike_R","Strike_R"],"player_choice":"Became Test Subject","damage_taken":0,"max_hp_gain":0,"max_hp_loss":0,"event_name":"Drug Dealer","floor":19,"gold_loss":0,"cards_obtained":["Armaments","Fire Breathing"]},{"damage_healed":0,"gold_gain":0,"player_choice":"Gave Idol","damage_taken":0,"relics_obtained":["Bloody Idol"],"max_hp_gain":0,"max_hp_loss":0,"event_name":"Forgotten Altar","floor":22,"relics_lost":["Golden Idol"],"gold_loss":0},{"damage_healed":24,"gold_gain":0,"player_choice":"Writhe","damage_taken":0,"max_hp_gain":0,"max_hp_loss":0,"event_name":"Winding Halls","floor":36,"gold_loss":0,"cards_obtained":["Writhe"]},{"cards_removed":["Writhe"],"damage_healed":0,"gold_gain":0,"player_choice":"Upgrade and Remove","damage_taken":0,"max_hp_gain":0,"max_hp_loss":0,"event_name":"Designer","floor":37,"gold_loss":90,"cards_upgraded":["Defend_R"]},{"damage_healed":0,"gold_gain":300,"player_choice":"Gold","damage_taken":0,"max_hp_gain":0,"max_hp_loss":0,"event_name":"Wheel of Change","floor":48,"gold_loss":0}],"is_beta":false,"boss_relics":[{"not_picked":["Mark of Pain","Runic Cube"],"picked":"Coffee Dripper"},{"not_picked":["SacredBark","Runic Dome"],"picked":"Calling Bell"}],"items_purged_floors":[21,29,53],"is_endless":false,"potions_floor_spawned":[1,4,14,16,20,23,24,31,33,38,42,44],"killed_by":"The Heart","ascension_level":3}}