{"host":"tnuwi4l1p9i8nc6x","time":1614105665,"event":{"mods":["Act Like it!","Aspiration","Astrologer","BaseMod","Beaked The Cultist","Better Third Choice","BetterRewards","Colored Map","Colored Powertips","Conspire","Defuse TimeMaze Blight","Downfall","Extra Virgin Snecko Oil","Friendly Minions","Hermit","Hubris","Infinite Spire","Jorbs\u0027s Wanderer Trilogy","Marisa????????","Minty Spire (QoL Compilation)","Permanent Neow","Rare Cards Sparkle","Remilia??????","Replay The Spire","Shop Mod","StSLib","The Bug Knight","The Construct","The Cursed","The Disciple","The Hierophant","The Jungle","The Marked","The Necromancer","The Poker Player","The Runesmith","The Senshi","The Servant 0.9.4","TheBandit"],"gold_per_floor":[111,127,127,138,148,182,147,147,147,147,158,158,215,225,225,326,326,345,379,389,402,402,402,402,402],"floor_reached":24,"language":"ENG","playtime":2690,"items_purged":[],"score":198,"play_id":"8d50787e-87aa-4b65-9ab7-fbac58a5a9be","local_time":"20210223134105","is_ascension_mode":false,"campfire_choices":[{"floor":8,"key":"REST"},{"floor":10,"key":"REST"},{"floor":23,"key":"REST"}],"circlet_count":0,"master_deck":["Strike_S","Strike_S","Strike_S","Strike_S","Defend_S","Defend_S","Defend_S","Defend_S","KidneyShot","Exchange","Bone_Wall","TheCursedMod:CleanUpWorkshop","MurderousAura","Moonlight","Moonlight","WasteNot","Barrier+1","Manipulate","Ricochet","ReplayTheSpireMod:Splinters","Revamp","Comet","Sunlight","Rearm","Alleviate+1","Revamp","Replace+1"],"relics":["Uniform","infinitespire:Lucky Rock","HornCleat","hubris:Icosahedron","Pet Ghost","aspiration:PoetsPen_weak","Red Mask"],"acts_visited":["Exordium","TheCity"],"potions_floor_usage":[19,19,19,21],"damage_taken":[{"damage":4,"enemies":"Cultist","floor":1,"turns":5},{"damage":0,"enemies":"2 Louse","floor":2,"turns":3},{"damage":3,"enemies":"Jaw Worm","floor":4,"turns":4},{"damage":25,"enemies":"Gremlin Gang","floor":5,"turns":6},{"damage":26,"enemies":"3 Sentries","floor":6,"turns":9},{"damage":7,"enemies":"Exordium Wildlife","floor":11,"turns":3},{"damage":22,"enemies":"Red Slaver","floor":14,"turns":7},{"damage":28,"enemies":"Slime Boss","floor":16,"turns":16},{"damage":14,"enemies":"Spheric Guardian","floor":18,"turns":4},{"damage":12,"enemies":"Masked Bandits","floor":19,"turns":4},{"damage":27,"enemies":"Chosen","floor":20,"turns":5},{"damage":2,"enemies":"Snake Plant","floor":21,"turns":8},{"damage":56,"enemies":"Gremlin Leader","floor":24,"turns":4}],"seed_played":"-4353901738369175267","potions_obtained":[{"floor":5,"key":"SteroidPotion"},{"floor":13,"key":"SmokeBomb"},{"floor":13,"key":"CultistPotion"},{"floor":14,"key":"Weak Potion"},{"floor":18,"key":"champ:CounterPotion"},{"floor":19,"key":"FearPotion"}],"is_trial":false,"path_per_floor":["M","M","?","M","M","E","?","R","T","R","M","?","?","M","R_BF","B",null,"M","?","M","M","$","R","E"],"character_chosen":"THE_SERVANT","items_purchased":[],"campfire_rested":3,"item_purchase_floors":[],"current_hp_per_floor":[61,61,61,58,33,7,23,42,42,61,54,54,54,32,51,23,65,51,39,12,10,10,29,0,0],"gold":402,"neow_bonus":"THREE_RARE_CARDS","is_daily":false,"chose_seed":false,"campfire_upgraded":0,"win_rate":0.0,"timestamp":1614105665,"path_taken":["M","?","?","M","M","E","?","R","T","R","M","?","?","?","R_BF","BOSS","M","?","M","M","$","R","E"],"items_purchased_type":[],"build_version":"2020-12-22","purchased_purges":0,"victory":false,"max_hp_per_floor":[65,65,65,65,65,65,65,65,65,65,65,65,65,65,65,65,65,65,65,65,65,65,65,65,65],"card_choices":[{"not_picked":["LightFlow","Dilation"],"picked":"MurderousAura","floor":0},{"not_picked":["Rearm","SpecialFormula"],"picked":"Moonlight","floor":1},{"not_picked":["Revamp","Replace"],"picked":"Moonlight","floor":2},{"not_picked":["Gouge","Foresight"],"picked":"WasteNot","floor":4},{"not_picked":["Moonlight","StarChef"],"picked":"Barrier","floor":5},{"not_picked":["BottledTime","Advance"],"picked":"Manipulate","floor":6},{"not_picked":["Read","FastForward"],"picked":"Ricochet","floor":11},{"not_picked":["Rewind","Starlight"],"picked":"Revamp","floor":13},{"not_picked":["Ricochet","Shuttle"],"picked":"Comet","floor":14},{"not_picked":["TheWorld","Duplication"],"picked":"Sunlight","floor":16},{"not_picked":["Starlight","Desolation"],"picked":"Rearm","floor":18},{"not_picked":["Replace","Ricochet"],"picked":"Alleviate+1","floor":19},{"not_picked":["Ricochet+1","Potential"],"picked":"Revamp","floor":20},{"not_picked":["DoubleEdge","Rewind"],"picked":"Replace+1","floor":21}],"player_experience":764611,"relics_obtained":[{"floor":6,"key":"infinitespire:Lucky Rock"},{"floor":9,"key":"HornCleat"},{"floor":13,"key":"Pet Ghost"},{"floor":19,"key":"Red Mask"}],"event_choices":[{"damage_healed":16,"gold_gain":0,"player_choice":"Healed","damage_taken":0,"max_hp_gain":0,"max_hp_loss":0,"event_name":"The Cleric","floor":7,"gold_loss":35},{"damage_healed":0,"gold_gain":0,"player_choice":"Fought Bandits","damage_taken":0,"max_hp_gain":0,"max_hp_loss":0,"event_name":"Masked Bandits","floor":19,"gold_loss":0}],"is_beta":false,"boss_relics":[{"not_picked":["aspiration:RunesmithSkillbook","hubris:HollowSoul"],"picked":"aspiration:PoetsPen_weak"}],"items_purged_floors":[],"is_endless":false,"potions_floor_spawned":[5,14,18,19],"killed_by":"Gremlin Leader","ascension_level":0}}