{"host":"dz37y7s0f4dytpbs","time":1614039397,"event":{"mods":["2.2 Compatiblity","AchievementEnabler","BaseMod","BetterRewards","Colored Map","Custom Start","Keyboard Shortcuts","Marisa£¨Ùöéë¡¡Øª×âÞÞ£©","Minty Spire (QoL Compilation)","Permanent Neow","StSLib","SuperFastMode","everything is the same but u backflip on backflip"],"gold_per_floor":[110,40,53,3,3,28,28,59,106,126,139,152,182,193,193,269,269,289,304,319,338,351,351,378,390,415,515,531,531,560,90,90,167,167,185,185,185,185,185,212,230,230,304,330,350,364,391,99,99,99,99,99,18,52,52],"floor_reached":56,"language":"KOR","playtime":4320,"items_purged":["Strike_G","Strike_G","Defend_G","Strike_G","Strike_G"],"score":2798,"play_id":"e159e44d-d893-410e-a9ec-875598b6ea12","local_time":"20210223091637","is_ascension_mode":true,"campfire_choices":[{"data":"Well Laid Plans","floor":7.0,"key":"SMITH"},{"data":"Infinite Blades","floor":15.0,"key":"SMITH"},{"floor":23.0,"key":"RECALL"},{"data":"Infinite Blades","floor":29.0,"key":"SMITH"},{"data":"After Image","floor":32.0,"key":"SMITH"},{"data":"1","floor":42.0,"key":"LIFT"},{"data":"2","floor":49.0,"key":"LIFT"},{"data":"3","floor":52,"key":"LIFT"}],"circlet_count":0,"master_deck":["AscendersBane","Defend_G","Defend_G","Defend_G","Defend_G","Survivor","Neutralize","Blade Dance+1","The Bomb+1","Blade Dance","Infinite Blades+1","Backflip","PiercingWail","Cloak And Dagger","Well Laid Plans+1","Bouncing Flask+1","Backstab","Footwork","Backflip","After Image+1","Noxious Fumes","PiercingWail","Crippling Poison","Infinite Blades+1","Infinite Blades","Dodge and Roll","Deadly Poison+1","Envenom+1","Footwork+1","Discovery","Madness","Madness","Bane+1","Catalyst","Footwork+1","Terror","Wraith Form v2+1","Wraith Form v2+1","Accuracy+1","Acrobatics","Reflex","Escape Plan"],"relics":["Ring of the Snake","Kunai","Sling","Medical Kit","Ninja Scroll","Ginger","Paper Crane","Chemical X","Bag of Preparation","Bottled Tornado","Tiny Chest","Mercury Hourglass","HoveringKite","Letter Opener","PreservedInsect","Tingsha","Matryoshka","Frozen Egg 2","Anchor","Snake Skull","Fusion Hammer","Vajra","The Courier","Girya","Omamori","Ornamental Fan","Orichalcum","Bronze Scales","DollysMirror","War Paint"],"acts_visited":["Exordium","TheCity","TheBeyond","TheEnding"],"potions_floor_usage":[55,55],"damage_taken":[{"damage":0.0,"enemies":"Cultist","floor":1.0,"turns":3.0},{"damage":0.0,"enemies":"2 Louse","floor":3.0,"turns":2.0},{"damage":21.0,"enemies":"Gremlin Nob","floor":6.0,"turns":4.0},{"damage":0.0,"enemies":"Lagavulin","floor":8.0,"turns":5.0},{"damage":0.0,"enemies":"Jaw Worm","floor":10.0,"turns":3.0},{"damage":0.0,"enemies":"2 Fungi Beasts","floor":11.0,"turns":2.0},{"damage":0.0,"enemies":"Red Slaver","floor":12.0,"turns":3.0},{"damage":0.0,"enemies":"3 Sentries","floor":13.0,"turns":3.0},{"damage":0.0,"enemies":"3 Louse","floor":14.0,"turns":2.0},{"damage":0.0,"enemies":"Hexaghost","floor":16.0,"turns":8.0},{"damage":0.0,"enemies":"Spheric Guardian","floor":18.0,"turns":4.0},{"damage":0.0,"enemies":"Chosen","floor":19.0,"turns":5.0},{"damage":2.0,"enemies":"Centurion and Healer","floor":20.0,"turns":8.0},{"damage":0.0,"enemies":"Cultist and Chosen","floor":21.0,"turns":6.0},{"damage":0.0,"enemies":"Snake Plant","floor":22.0,"turns":5.0},{"damage":0.0,"enemies":"Book of Stabbing","floor":24.0,"turns":8.0},{"damage":14.0,"enemies":"Centurion and Healer","floor":25.0,"turns":7.0},{"damage":4.0,"enemies":"Colosseum Slavers","floor":27.0,"turns":5.0},{"damage":0.0,"enemies":"Colosseum Nobs","floor":27.0,"turns":3.0},{"damage":9.0,"enemies":"Cultist and Chosen","floor":28.0,"turns":7.0},{"damage":4.0,"enemies":"Slavers","floor":30.0,"turns":4.0},{"damage":9.0,"enemies":"Automaton","floor":33.0,"turns":10.0},{"damage":0.0,"enemies":"Orb Walker","floor":35.0,"turns":4.0},{"damage":0.0,"enemies":"Reptomancer","floor":40.0,"turns":5.0},{"damage":0.0,"enemies":"3 Darklings","floor":41.0,"turns":5.0},{"damage":0.0,"enemies":"Giant Head","floor":44.0,"turns":5.0},{"damage":12.0,"enemies":"Spire Growth","floor":45.0,"turns":5.0},{"damage":0.0,"enemies":"Transient","floor":46.0,"turns":5.0},{"damage":0.0,"enemies":"Reptomancer","floor":47.0,"turns":4.0},{"damage":14,"enemies":"Awakened One","floor":50,"turns":10},{"damage":13,"enemies":"Shield and Spear","floor":54,"turns":4},{"damage":0,"enemies":"The Heart","floor":55,"turns":8}],"seed_played":"-6870629659846094087","potions_obtained":[{"floor":3.0,"key":"Fire Potion"},{"floor":11.0,"key":"FearPotion"},{"floor":13.0,"key":"DuplicationPotion"},{"floor":19.0,"key":"BlessingOfTheForge"},{"floor":24.0,"key":"LiquidBronze"},{"floor":27.0,"key":"ColorlessPotion"},{"floor":30.0,"key":"PowerPotion"},{"floor":44.0,"key":"DuplicationPotion"}],"is_trial":false,"path_per_floor":["M","$","M","?","?","E","R","E","T","M","M","M","E","M","R","B",null,"M","M","M","M","M","R","E","M","T","?","M","R","E","$","R","B",null,"M","?","?","T","?","E","M","R","T","E","M","M","E","$","R","B",null,"R","$","E","B",null],"character_chosen":"THE_SILENT","items_purchased":["Kunai","Sling","Blade Dance","The Bomb","Medical Kit","Blade Dance","Ninja Scroll","Infinite Blades","Ginger","Paper Crane","Backflip","Chemical X","PiercingWail","Well Laid Plans","Anchor","Snake Skull","Wraith Form v2+1","DollysMirror","Accuracy+1","Acrobatics","Reflex"],"campfire_rested":0,"item_purchase_floors":[0,0,0,0,0,0,0,0,0,0,0,0,0,2,31,31,48,48,48,53,53],"current_hp_per_floor":[63,63,63,63,63,42,42,42,42,42,42,42,42,42,42,42,63,63,63,61,61,61,61,61,47,47,43,34,34,30,30,30,21,58,58,58,58,58,49,49,49,49,49,49,37,37,37,37,37,23,58,58,58,45,45],"gold":52,"neow_bonus":"","is_daily":false,"chose_seed":false,"campfire_upgraded":4,"win_rate":0.0,"timestamp":1614039397,"path_taken":["M","?","M","?","?","E","R","E","T","M","M","M","E","M","R","BOSS","M","M","M","M","M","R","E","M","T","?","M","R","E","$","R","BOSS","M","?","?","?","?","E","M","R","T","E","M","M","E","$","R","BOSS","R","$","E","BOSS"],"items_purchased_type":["Relic","Relic","Card","Card","Relic","Card","Relic","Card","Relic","Relic","Card","Relic","Card","Card","Relic","Relic","Card","Relic","Card","Card","Card"],"build_version":"2020-12-22","purchased_purges":5,"victory":true,"max_hp_per_floor":[70,70,70,70,70,70,70,70,70,70,70,70,70,70,70,70,70,70,70,70,70,70,70,70,70,70,70,70,70,70,70,70,70,70,70,70,70,70,70,70,70,70,70,70,70,70,70,70,70,70,70,70,70,70,70],"card_choices":[{"not_picked":["Quick Slash","Poisoned Stab"],"picked":"Cloak And Dagger","floor":1.0},{"not_picked":["Leg Sweep","All Out Attack","Outmaneuver"],"picked":"SKIP","floor":3.0},{"not_picked":["Poisoned Stab","Heel Hook","Riddle With Holes"],"picked":"SKIP","floor":6.0},{"not_picked":["Eviscerate","Bane"],"picked":"Bouncing Flask","floor":8.0},{"not_picked":["Deadly Poison","Cloak And Dagger"],"picked":"Backstab","floor":10.0},{"not_picked":["Deadly Poison","Predator","Outmaneuver"],"picked":"SKIP","floor":11.0},{"not_picked":["Quick Slash","Flechettes"],"picked":"Footwork","floor":12.0},{"not_picked":["Poisoned Stab","Terror"],"picked":"Backflip","floor":13.0},{"not_picked":["Sucker Punch","Reflex","Deadly Poison"],"picked":"SKIP","floor":14.0},{"not_picked":["Adrenaline","Glass Knife"],"picked":"After Image","floor":16.0},{"not_picked":["Backflip","Predator","Expertise"],"picked":"SKIP","floor":18.0},{"not_picked":["Underhanded Strike","Slice"],"picked":"Noxious Fumes","floor":19.0},{"not_picked":["Masterful Stab","Underhanded Strike"],"picked":"PiercingWail","floor":20.0},{"not_picked":["Reflex","Backflip"],"picked":"Crippling Poison","floor":21.0},{"not_picked":["PiercingWail","Calculated Gamble","Dagger Throw"],"picked":"SKIP","floor":22.0},{"not_picked":["Calculated Gamble","Dagger Throw"],"picked":"Infinite Blades","floor":24.0},{"not_picked":["Slice","Choke"],"picked":"Infinite Blades","floor":25.0},{"not_picked":["Blade Dance","Outmaneuver"],"picked":"Dodge and Roll","floor":27.0},{"not_picked":["Dagger Spray","Storm of Steel","Riddle With Holes+1"],"picked":"SKIP","floor":28.0},{"not_picked":["Expertise","Poisoned Stab"],"picked":"Deadly Poison+1","floor":30.0},{"not_picked":["Night Terror","Doppelganger"],"picked":"Envenom+1","floor":33.0},{"not_picked":["Underhanded Strike","Deflect"],"picked":"Footwork+1","floor":35.0},{"not_picked":["Dramatic Entrance","Magnetism+1"],"picked":"Discovery","floor":36.0},{"not_picked":["Backflip","Flechettes"],"picked":"Bane+1","floor":40.0},{"not_picked":["Sucker Punch","Reflex","PiercingWail"],"picked":"SKIP","floor":41.0},{"not_picked":["Sucker Punch","Leg Sweep","Quick Slash"],"picked":"SKIP","floor":44.0},{"not_picked":["Deflect","Escape Plan"],"picked":"Catalyst","floor":45.0},{"not_picked":["PiercingWail+1","Dagger Spray+1"],"picked":"Footwork+1","floor":46.0},{"not_picked":["Riddle With Holes+1","Poisoned Stab"],"picked":"Terror","floor":47.0},{"not_picked":["Poisoned Stab","Noxious Fumes+1"],"picked":"Escape Plan","floor":54}],"player_experience":355665,"relics_obtained":[{"floor":6.0,"key":"Bottled Tornado"},{"floor":8.0,"key":"Tiny Chest"},{"floor":13.0,"key":"Mercury Hourglass"},{"floor":24.0,"key":"Letter Opener"},{"floor":26.0,"key":"PreservedInsect"},{"floor":27.0,"key":"Tingsha"},{"floor":27.0,"key":"Matryoshka"},{"floor":30.0,"key":"Frozen Egg 2"},{"floor":38.0,"key":"Vajra"},{"floor":38.0,"key":"The Courier"},{"floor":40.0,"key":"Girya"},{"floor":43.0,"key":"Omamori"},{"floor":43.0,"key":"Ornamental Fan"},{"floor":44.0,"key":"Orichalcum"},{"floor":47.0,"key":"Bronze Scales"},{"floor":54,"key":"War Paint"}],"event_choices":[{"cards_removed":["Strike_G"],"damage_healed":0.0,"max_hp_gain":0.0,"max_hp_loss":0.0,"gold_gain":0.0,"event_name":"The Cleric","player_choice":"Card Removal","floor":4.0,"gold_loss":50.0,"damage_taken":0.0},{"damage_healed":0.0,"max_hp_gain":0.0,"max_hp_loss":0.0,"gold_gain":0.0,"event_name":"WeMeetAgain","player_choice":"Gave Potion","floor":5.0,"gold_loss":0.0,"damage_taken":0.0,"relics_obtained":["Bag of Preparation"]},{"damage_healed":0.0,"max_hp_gain":0.0,"max_hp_loss":0.0,"gold_gain":0.0,"event_name":"Colosseum","player_choice":"Fight","floor":27.0,"gold_loss":0.0,"damage_taken":0.0},{"damage_healed":0.0,"max_hp_gain":0.0,"max_hp_loss":0.0,"gold_gain":0.0,"event_name":"Colosseum","player_choice":"Fought Nobs","floor":27.0,"gold_loss":0.0,"damage_taken":0.0},{"damage_healed":0.0,"max_hp_gain":0.0,"max_hp_loss":0.0,"gold_gain":0.0,"event_name":"SensoryStone","player_choice":"Memory 1","floor":36.0,"gold_loss":0.0,"damage_taken":0.0},{"damage_healed":0.0,"max_hp_gain":0.0,"max_hp_loss":0.0,"gold_gain":0.0,"event_name":"Accursed Blacksmith","player_choice":"Forge","floor":37.0,"gold_loss":0.0,"damage_taken":0.0,"cards_upgraded":["Bouncing Flask"]},{"damage_healed":0.0,"max_hp_gain":0.0,"max_hp_loss":0.0,"gold_gain":0.0,"event_name":"Winding Halls","player_choice":"Embrace Madness","floor":39.0,"gold_loss":0.0,"damage_taken":9.0,"cards_obtained":["Madness","Madness"]}],"is_beta":false,"boss_relics":[{"not_picked":["Tiny House","Empty Cage"],"picked":"HoveringKite"},{"not_picked":["Philosopher\u0027s Stone","Cursed Key"],"picked":"Fusion Hammer"}],"items_purged_floors":[0,0,0,0,31],"is_endless":false,"potions_floor_spawned":[3,11,13,14,19,20,24,27,27,30,44,45,47],"ascension_level":13}}