{"host":"d2y4rmbezebiv8aj","time":1614070897,"event":{"mods":["AchievementEnabler","BaseMod","Bestiary","BetterRewards","Colored Map","Colored Powertips","Custom Start","Highlight Path","Minty Spire (QoL Compilation)","Quick Restart","Rare Cards Sparkle","Relic Sorter","Relic Stats","Shop Mod","Slay-I","StSLib","SuperFastMode"],"gold_per_floor":[118,118,130,142,157,157,188,188,211,254,269,269,269,285,285,381,381,405,421,445,293,312,352,370,413,413,413,413,428,428,457,457,531,531,541,553,453,453,185,215,215,246,246,276,291,317,329,348,348,348],"floor_reached":51,"language":"DEU","playtime":1841,"items_purged":["Regret","Strike_B","Strike_B"],"score":1850,"play_id":"3bfe56f6-6230-4fde-abf4-ad6ca84dc5a4","local_time":"20210223100137","is_ascension_mode":true,"campfire_choices":[{"floor":6,"key":"REST"},{"floor":12,"key":"REST"},{"floor":15,"key":"REST"},{"data":"Apotheosis","floor":27,"key":"SMITH"},{"data":"Turbo","floor":32,"key":"SMITH"},{"data":"Mayhem","floor":41,"key":"SMITH"},{"data":"Turbo","floor":49,"key":"SMITH"}],"circlet_count":0,"master_deck":["AscendersBane","Strike_B+1","Strike_B","Defend_B","Defend_B","Defend_B","Defend_B","Zap","Dualcast","Mayhem+1","Loop","Capacitor","Glacier","Apotheosis+1","Defragment+1","Coolheaded","Fusion+1","Lockon","Storm+1","Self Repair+1","Loop+1","Machine Learning+1","Turbo+1","Storm+1","Heatsinks+1","Electrodynamics+1","Capacitor+1","Echo Form+1","Self Repair+1","Loop+1","Self Repair+1","Turbo+1"],"relics":["Cracked Core","Singing Bowl","Pantograph","Frozen Egg 2","Ancient Tea Set","Boot","Centennial Puzzle","Bloody Idol","Anchor","FossilizedHelix","Inserter","Gremlin Horn","Emotion Chip","Dream Catcher","DataDisk","SlaversCollar","Medical Kit","Molten Egg 2","Vajra","White Beast Statue","Oddly Smooth Stone","Peace Pipe"],"acts_visited":["Exordium","TheCity","TheBeyond"],"potions_floor_usage":[10,16,16,40,40,45,50,50],"damage_taken":[{"damage":3.0,"enemies":"Small Slimes","floor":1.0,"turns":5.0},{"damage":20.0,"enemies":"2 Louse","floor":3.0,"turns":3.0},{"damage":15.0,"enemies":"Jaw Worm","floor":4.0,"turns":6.0},{"damage":22,"enemies":"Exordium Thugs","floor":5,"turns":7},{"damage":15,"enemies":"3 Sentries","floor":7,"turns":8},{"damage":16,"enemies":"Lagavulin","floor":10,"turns":4},{"damage":2,"enemies":"Blue Slaver","floor":11,"turns":4},{"damage":0,"enemies":"3 Louse","floor":14,"turns":3},{"damage":33,"enemies":"Hexaghost","floor":16,"turns":7},{"damage":27,"enemies":"3 Byrds","floor":18,"turns":3},{"damage":0,"enemies":"Chosen","floor":19,"turns":5},{"damage":23,"enemies":"Centurion and Healer","floor":20,"turns":9},{"damage":23,"enemies":"Shelled Parasite and Fungi","floor":22,"turns":6},{"damage":12,"enemies":"Book of Stabbing","floor":23,"turns":4},{"damage":4,"enemies":"Cultist and Chosen","floor":24,"turns":4},{"damage":102,"enemies":"Slavers","floor":25,"turns":8},{"damage":0,"enemies":"Snake Plant","floor":29,"turns":2},{"damage":26,"enemies":"Gremlin Leader","floor":31,"turns":4},{"damage":6,"enemies":"Champ","floor":33,"turns":5},{"damage":14,"enemies":"Orb Walker","floor":35,"turns":4},{"damage":1,"enemies":"3 Shapes","floor":36,"turns":3},{"damage":43,"enemies":"Reptomancer","floor":40,"turns":4},{"damage":0,"enemies":"Giant Head","floor":42,"turns":7},{"damage":46,"enemies":"Nemesis","floor":44,"turns":5},{"damage":81,"enemies":"Jaw Worm Horde","floor":45,"turns":6},{"damage":22,"enemies":"Giant Head","floor":46,"turns":6},{"damage":19,"enemies":"Writhing Mass","floor":47,"turns":3},{"damage":0,"enemies":"Sphere and 2 Shapes","floor":48,"turns":2},{"damage":121,"enemies":"Awakened One","floor":50,"turns":8}],"seed_played":"-6919973684816338760","potions_obtained":[{"floor":7,"key":"Block Potion"},{"floor":11,"key":"AttackPotion"},{"floor":14,"key":"EssenceOfSteel"},{"floor":20,"key":"LiquidMemories"},{"floor":22,"key":"EntropicBrew"},{"floor":40,"key":"BlessingOfTheForge"},{"floor":45,"key":"Dexterity Potion"}],"is_trial":false,"path_per_floor":["M","?","M","M","M","R","E","?","T","E","M","R","?","M","R","B",null,"M","M","M","$","M","E","M","E","T","R","?","M","?","E","R","B",null,"M","M","$","?","$","E","R","E","T","E","M","E","M","M","R","B",null],"character_chosen":"DEFECT","items_purchased":["Singing Bowl","Mayhem","Loop","Pantograph","Capacitor","Glacier","Frozen Egg 2","Apotheosis","Defragment+1","Coolheaded","Ancient Tea Set","Heatsinks+1","Medical Kit"],"campfire_rested":3,"item_purchase_floors":[0,0,0,0,0,0,0,0,0,0,0,21,39],"current_hp_per_floor":[19,19,58,45,23,45,30,30,30,14,24,45,24,24,45,47,64,37,39,72,72,61,51,59,80,80,80,80,80,80,71,71,81,82,75,84,84,84,84,58,58,85,85,64,80,73,81,92,92,51],"gold":348,"neow_bonus":"","is_daily":false,"chose_seed":false,"campfire_upgraded":4,"win_rate":0.0,"timestamp":1614070897,"path_taken":["M","?","M","M","M","R","E","?","T","E","M","R","?","?","R","BOSS","M","M","M","$","M","E","M","E","T","R","?","M","?","E","R","BOSS","M","M","$","?","$","E","R","E","T","E","?","E","M","M","R","BOSS"],"items_purchased_type":["Relic","Card","Card","Relic","Card","Card","Relic","Card","Card","Card","Relic","Card","Relic"],"build_version":"2020-12-22","purchased_purges":3,"victory":true,"max_hp_per_floor":[71,71,73,75,75,75,75,68,68,68,70,70,70,70,70,70,70,70,72,72,72,74,76,78,80,80,80,80,80,80,82,82,82,82,84,84,84,84,84,86,86,88,88,88,90,90,92,92,92,92],"relic_stats":{"Inserter":[118],"Singing Bowl":36,"Gremlin Horn":[43,43],"counters":[110,558],"Boot":[4],"Medical Kit":[4],"Peace Pipe":0,"Centennial Puzzle":[57],"Emotion Chip":[90,74,14,0,2],"Dream Catcher":0,"Pantograph":36,"Bloody Idol":45,"obtain_stats":[{"Gremlin Horn":9,"Vajra":42,"Runic Capacitor":21,"Bottled Tornado":8,"Sling":0,"Boot":2,"Blood Vial":8,"Lizard Tail":6,"Centennial Puzzle":46,"MealTicket":45,"Toxic Egg 2":29,"Pear":37,"Happy Flower":0,"Blue Candle":43,"Oddly Smooth Stone":9,"Question Card":17,"WarpedTongs":20,"Cables":13,"SlaversCollar":17,"Bird Faced Urn":0,"Bronze Scales":0,"Molten Egg 2":6,"Symbiotic Virus":10,"Pocketwatch":17,"Darkstone Periapt":26,"Lantern":11,"Regal Pillow":25,"Singing Bowl":41,"Enchiridion":27,"Mango":8,"GremlinMask":13,"Juzu Bracelet":12,"Bag of Preparation":9,"Ancient Tea Set":0,"ClockworkSouvenir":41,"Dream Catcher":11,"Nunchaku":43,"Emotion Chip":25,"Matryoshka":6,"Gambling Chip":26,"Pantograph":0,"Toolbox":0,"Cracked Core":0,"Lee\u0027s Waffle":0,"Inserter":17,"NeowsBlessing":0,"Golden Idol":2,"PreservedInsect":7,"The Courier":31,"Omamori":48,"Frozen Egg 2":9,"Orichalcum":17,"Medical Kit":37,"MawBank":23,"White Beast Statue":43,"Mercury Hourglass":9,"Calling Bell":17,"Peace Pipe":46,"Anchor":23,"CaptainsWheel":41,"DataDisk":31,"Bloody Idol":28,"Orrery":8,"Art of War":37,"Bag of Marbles":20,"TungstenRod":8,"FossilizedHelix":10},{"Gremlin Horn":60,"Vajra":104,"Runic Capacitor":10,"Bottled Tornado":60,"Sling":52,"Boot":82,"Blood Vial":32,"Lizard Tail":31,"Centennial Puzzle":49,"MealTicket":78,"Toxic Egg 2":40,"Pear":44,"Happy Flower":52,"Blue Candle":47,"Oddly Smooth Stone":32,"Question Card":8,"WarpedTongs":24,"Cables":33,"SlaversCollar":34,"Bird Faced Urn":26,"Bronze Scales":52,"Molten Egg 2":3,"Symbiotic Virus":5,"Pocketwatch":8,"Darkstone Periapt":38,"Lantern":19,"Regal Pillow":68,"Singing Bowl":75,"Enchiridion":38,"Mango":19,"GremlinMask":61,"Juzu Bracelet":33,"Bag of Preparation":60,"Ancient Tea Set":81,"ClockworkSouvenir":75,"Dream Catcher":61,"Nunchaku":76,"Emotion Chip":97,"Matryoshka":58,"Gambling Chip":68,"Pantograph":81,"Toolbox":52,"Cracked Core":0,"Lee\u0027s Waffle":52,"Inserter":22,"NeowsBlessing":0,"Golden Idol":1,"PreservedInsect":18,"The Courier":41,"Omamori":51,"Frozen Egg 2":4,"Orichalcum":8,"Medical Kit":44,"MawBank":67,"White Beast Statue":104,"Mercury Hourglass":19,"Calling Bell":8,"Peace Pipe":107,"Anchor":37,"CaptainsWheel":47,"DataDisk":99,"Bloody Idol":97,"Orrery":32,"Art of War":44,"Bag of Marbles":65,"TungstenRod":4,"FossilizedHelix":87},{"Gremlin Horn":317,"Vajra":528,"Runic Capacitor":43,"Bottled Tornado":317,"Sling":293,"Boot":421,"Blood Vial":159,"Lizard Tail":153,"Centennial Puzzle":278,"MealTicket":397,"Toxic Egg 2":225,"Pear":253,"Happy Flower":293,"Blue Candle":267,"Oddly Smooth Stone":159,"Question Card":30,"WarpedTongs":102,"Cables":170,"SlaversCollar":178,"Bird Faced Urn":113,"Bronze Scales":293,"Molten Egg 2":3,"Symbiotic Virus":15,"Pocketwatch":30,"Darkstone Periapt":213,"Lantern":82,"Regal Pillow":349,"Singing Bowl":384,"Enchiridion":213,"Mango":82,"GremlinMask":320,"Juzu Bracelet":170,"Bag of Preparation":317,"Ancient Tea Set":416,"ClockworkSouvenir":384,"Dream Catcher":320,"Nunchaku":387,"Emotion Chip":499,"Matryoshka":310,"Gambling Chip":349,"Pantograph":416,"Toolbox":293,"Cracked Core":0,"Lee\u0027s Waffle":293,"Inserter":94,"NeowsBlessing":0,"Golden Idol":1,"PreservedInsect":77,"The Courier":233,"Omamori":287,"Frozen Egg 2":8,"Orichalcum":30,"Medical Kit":253,"MawBank":344,"White Beast Statue":528,"Mercury Hourglass":82,"Calling Bell":30,"Peace Pipe":545,"Anchor":201,"CaptainsWheel":267,"DataDisk":505,"Bloody Idol":499,"Orrery":159,"Art of War":253,"Bag of Marbles":334,"TungstenRod":8,"FossilizedHelix":447}]},"card_choices":[{"not_picked":["Steam","Hologram"],"picked":"Fusion","floor":1.0},{"not_picked":["Ball Lightning","Reprogram","FTL"],"picked":"Singing Bowl","floor":3.0},{"not_picked":["Gash","Beam Cell","Tempest"],"picked":"Singing Bowl","floor":4.0},{"not_picked":["Conserve Battery","Glacier"],"picked":"Lockon","floor":5},{"not_picked":["Meteor Strike","Scrape"],"picked":"Storm+1","floor":7},{"not_picked":["Hologram","Cold Snap"],"picked":"Self Repair+1","floor":10},{"not_picked":["Stack","FTL","Sweeping Beam"],"picked":"Singing Bowl","floor":11},{"not_picked":["Streamline","Turbo"],"picked":"Loop+1","floor":14},{"not_picked":["Biased Cognition+1","All For One"],"picked":"Machine Learning+1","floor":16},{"not_picked":["Gash+1","Streamline"],"picked":"Turbo","floor":18},{"not_picked":["Recycle","FTL","Steam Power"],"picked":"Singing Bowl","floor":19},{"not_picked":["Steam","Redo"],"picked":"Storm+1","floor":20},{"not_picked":["Leap","Undo+1","Hologram"],"picked":"Singing Bowl","floor":22},{"not_picked":["Undo","Recycle+1","Coolheaded"],"picked":"Singing Bowl","floor":23},{"not_picked":["Barrage","Compile Driver","Steam"],"picked":"Singing Bowl","floor":24},{"not_picked":["Chaos","Ball Lightning","Hello World+1"],"picked":"Singing Bowl","floor":25},{"not_picked":["Hologram","Skim"],"picked":"Electrodynamics+1","floor":29},{"not_picked":["Skim","Hologram","Glacier"],"picked":"Singing Bowl","floor":31},{"not_picked":["Multi-Cast","Machine Learning+1"],"picked":"Echo Form+1","floor":33},{"not_picked":["Gash","Ball Lightning","Beam Cell+1"],"picked":"Singing Bowl","floor":35},{"not_picked":["Stack","Barrage+1"],"picked":"Self Repair+1","floor":36},{"not_picked":["Genetic Algorithm","Beam Cell+1","Rebound+1"],"picked":"Singing Bowl","floor":40},{"not_picked":["Chaos","Go for the Eyes+1","Biased Cognition+1"],"picked":"Singing Bowl","floor":42},{"not_picked":["Static Discharge+1","Barrage+1"],"picked":"Loop+1","floor":44},{"not_picked":["Go for the Eyes+1","Genetic Algorithm","Undo"],"picked":"Singing Bowl","floor":45},{"not_picked":["Beam Cell+1","Reprogram"],"picked":"Self Repair+1","floor":46},{"not_picked":["Chill","Rebound+1","Beam Cell+1"],"picked":"Singing Bowl","floor":47},{"not_picked":["Lockon+1","Stack"],"picked":"Turbo","floor":48}],"player_experience":440463,"relics_obtained":[{"floor":7,"key":"Centennial Puzzle"},{"floor":9,"key":"Anchor"},{"floor":10,"key":"FossilizedHelix"},{"floor":23,"key":"Gremlin Horn"},{"floor":25,"key":"Emotion Chip"},{"floor":26,"key":"Dream Catcher"},{"floor":31,"key":"DataDisk"},{"floor":40,"key":"Molten Egg 2"},{"floor":42,"key":"Vajra"},{"floor":43,"key":"White Beast Statue"},{"floor":44,"key":"Oddly Smooth Stone"},{"floor":46,"key":"Peace Pipe"}],"event_choices":[{"damage_healed":0.0,"max_hp_gain":0.0,"max_hp_loss":0.0,"gold_gain":0.0,"event_name":"Big Fish","player_choice":"Box","floor":2.0,"gold_loss":0.0,"damage_taken":0.0,"relics_obtained":["Boot"],"cards_obtained":["Regret"]},{"damage_healed":0,"gold_gain":0,"player_choice":"Lose Max HP","damage_taken":0,"relics_obtained":["Golden Idol"],"max_hp_gain":0,"max_hp_loss":7,"event_name":"Golden Idol","floor":8,"gold_loss":0},{"damage_healed":0,"gold_gain":0,"player_choice":"Entered Light","damage_taken":21,"max_hp_gain":0,"max_hp_loss":0,"event_name":"Shining Light","floor":13,"gold_loss":0,"cards_upgraded":["Fusion","Strike_B"]},{"damage_healed":0,"gold_gain":0,"player_choice":"Gave Idol","damage_taken":0,"relics_obtained":["Bloody Idol"],"max_hp_gain":0,"max_hp_loss":0,"event_name":"Forgotten Altar","floor":28,"relics_lost":["Golden Idol"],"gold_loss":0},{"damage_healed":0,"gold_gain":0,"player_choice":"Read","damage_taken":0,"max_hp_gain":0,"max_hp_loss":0,"event_name":"The Library","floor":30,"gold_loss":0,"cards_obtained":["Capacitor"]},{"damage_healed":0,"gold_gain":0,"player_choice":"Ignored","damage_taken":0,"max_hp_gain":0,"max_hp_loss":0,"event_name":"Transmorgrifier","floor":38,"gold_loss":0}],"is_beta":false,"boss_relics":[{"not_picked":["Cursed Key","SacredBark"],"picked":"Inserter"},{"not_picked":["Snecko Eye","Runic Pyramid"],"picked":"SlaversCollar"}],"items_purged_floors":[21,37,39],"is_endless":false,"potions_floor_spawned":[7,11,14,20,22,25,31,36,40,42,44,45,46,47,48],"ascension_level":15}}