{"host":"dz37y7s0f4dytpbs","time":1614122468,"event":{"mods":["2.2 Compatiblity","AchievementEnabler","BaseMod","BetterRewards","Colored Map","Custom Start","Keyboard Shortcuts","Marisa£¨Ùöéë¡¡Øª×âÞÞ£©","Minty Spire (QoL Compilation)","Permanent Neow","StSLib","SuperFastMode","everything is the same but u backflip on backflip"],"gold_per_floor":[116,7,7,7,31,74,74,148,148,189,204,247,260,300,300,399,399,415,415,330,371,115,151,164,195,222,222,242,276,300,335,335,433,433,452,452,472,485,485,528,528,578,578,613,653,696,764,362,362,362,362,362,17,52,52],"floor_reached":56,"language":"KOR","playtime":5958,"items_purged":["Strike_G","Strike_G","Defend_G","Strike_G","Defend_G","Strike_G","Strike_G","Decay","Defend_G"],"score":3601,"play_id":"7e8782d0-e41e-443c-ac6a-6a001df584b9","local_time":"20210224082107","is_ascension_mode":true,"campfire_choices":[{"data":"Apotheosis","floor":15.0,"key":"SMITH"},{"floor":27.0,"key":"RECALL"},{"floor":32.0,"key":"REST"}],"circlet_count":0,"master_deck":["AscendersBane","Survivor","Infinite Blades","Infinite Blades","Blur","Infinite Blades","Reflex","Apotheosis+1","Well Laid Plans","Acrobatics","Dodge and Roll","PiercingWail","Backflip+1","Reflex","Burst","Wraith Form v2","Underhanded Strike+1","Accuracy","After Image","Catalyst","Dagger Throw+1","Prepared","PiercingWail+1","Deadly Poison+1","Backflip","Cloak And Dagger+1","Setup","Wraith Form v2","Corpse Explosion","Escape Plan+1","Blade Dance","Noxious Fumes","Cloak And Dagger","Deflect+1","Tactician","Well Laid Plans+1","Poisoned Stab+1","Tools of the Trade+1","Deadly Poison"],"relics":["Ring of the Snake","Kunai","Juzu Bracelet","PreservedInsect","Frozen Eye","Membership Card","Molten Egg 2","Toy Ornithopter","Snake Skull","Anchor","OrangePellets","Golden Idol","Gremlin Horn","Eternal Feather","Singing Bowl","Centennial Puzzle","Nunchaku","Happy Flower","Fusion Hammer","Pear","Red Mask","Shuriken","Ninja Scroll","Art of War","Dream Catcher","Darkstone Periapt","Regal Pillow","Coffee Dripper","CeramicFish","Meat on the Bone","Smiling Mask","Ice Cream","FossilizedHelix","CatCart","Bronze Scales","Frozen Egg 2","TheAbacus","TungstenRod","Letter Opener"],"acts_visited":["Exordium","TheCity","TheBeyond","TheEnding"],"potions_floor_usage":[55,55],"damage_taken":[{"damage":0.0,"enemies":"Cultist","floor":1.0,"turns":5.0},{"damage":0.0,"enemies":"2 Louse","floor":5.0,"turns":5.0},{"damage":0.0,"enemies":"3 Sentries","floor":6.0,"turns":7.0},{"damage":0.0,"enemies":"3 Sentries","floor":8.0,"turns":6.0},{"damage":25.0,"enemies":"Gremlin Nob","floor":10.0,"turns":4.0},{"damage":0.0,"enemies":"Jaw Worm","floor":11.0,"turns":5.0},{"damage":0.0,"enemies":"Lagavulin","floor":12.0,"turns":7.0},{"damage":2.0,"enemies":"3 Louse","floor":13.0,"turns":6.0},{"damage":0.0,"enemies":"3 Sentries","floor":14.0,"turns":6.0},{"damage":4.0,"enemies":"The Guardian","floor":16.0,"turns":10.0},{"damage":0.0,"enemies":"3 Byrds","floor":18.0,"turns":6.0},{"damage":0.0,"enemies":"Masked Bandits","floor":21.0,"turns":5.0},{"damage":5.0,"enemies":"Slavers","floor":23.0,"turns":6.0},{"damage":0.0,"enemies":"Chosen","floor":24.0,"turns":3.0},{"damage":0.0,"enemies":"Book of Stabbing","floor":25.0,"turns":4.0},{"damage":0.0,"enemies":"Snake Plant","floor":28.0,"turns":3.0},{"damage":6.0,"enemies":"Slavers","floor":29.0,"turns":4.0},{"damage":0.0,"enemies":"Shelled Parasite and Fungi","floor":30.0,"turns":4.0},{"damage":0.0,"enemies":"Book of Stabbing","floor":31.0,"turns":3.0},{"damage":0.0,"enemies":"Collector","floor":33.0,"turns":5.0},{"damage":0.0,"enemies":"Orb Walker","floor":35.0,"turns":3.0},{"damage":0.0,"enemies":"3 Darklings","floor":37.0,"turns":3.0},{"damage":20.0,"enemies":"Spire Growth","floor":38.0,"turns":4.0},{"damage":0.0,"enemies":"Nemesis","floor":40.0,"turns":7.0},{"damage":0.0,"enemies":"Reptomancer","floor":42.0,"turns":5.0},{"damage":0.0,"enemies":"Nemesis","floor":44.0,"turns":5.0},{"damage":0.0,"enemies":"Mind Bloom Boss Battle","floor":45.0,"turns":4.0},{"damage":0.0,"enemies":"Reptomancer","floor":46.0,"turns":4.0},{"damage":2.0,"enemies":"Orin","floor":47.0,"turns":6.0},{"damage":0.0,"enemies":"Time Eater","floor":50.0,"turns":7.0},{"damage":0.0,"enemies":"Shield and Spear","floor":54.0,"turns":4.0},{"damage":0,"enemies":"The Heart","floor":55,"turns":6}],"seed_played":"-4859581917137762654","potions_obtained":[{"floor":6.0,"key":"LiquidBronze"},{"floor":8.0,"key":"Fire Potion"},{"floor":10.0,"key":"GhostInAJar"},{"floor":11.0,"key":"EssenceOfSteel"},{"floor":13.0,"key":"CultistPotion"},{"floor":18.0,"key":"Explosive Potion"},{"floor":24.0,"key":"SteroidPotion"},{"floor":37.0,"key":"CunningPotion"},{"floor":40.0,"key":"Energy Potion"}],"is_trial":false,"path_per_floor":["M","$","?","?","M","E","?","?","T","E","M","E","M","E","R","B",null,"M","?","?","?","$","E","M","E","T","R","M","E","M","E","R","B",null,"M","?","M","M","?","E","R","E","T","E","?","E","?","$","R","B",null,"R","$","E","B",null],"character_chosen":"THE_SILENT","items_purchased":["Kunai","Infinite Blades","Juzu Bracelet","PreservedInsect","Frozen Eye","Infinite Blades","Blur","Membership Card","Molten Egg 2","Infinite Blades","Toy Ornithopter","Snake Skull","Reflex","Apotheosis","Well Laid Plans","Acrobatics","Anchor","Dodge and Roll","Explosive Potion","OrangePellets","PiercingWail","Shuriken","Bronze Scales","Frozen Egg 2","TheAbacus","Well Laid Plans+1","Poisoned Stab+1","TungstenRod","Tools of the Trade+1","DuplicationPotion","Deadly Poison"],"campfire_rested":1,"item_purchase_floors":[0,0,0,0,0,0,0,0,0,0,0,0,0,0,0,0,0,0,0,2,2,22,48,48,48,48,48,53,53,53,53],"current_hp_per_floor":[59,59,59,36,36,41,21,26,26,6,8,8,6,11,23,19,56,56,56,66,73,73,68,70,70,70,82,82,76,76,76,82,82,82,84,84,84,69,75,75,90,90,90,92,92,92,90,90,92,92,92,92,92,94,94],"gold":52,"neow_bonus":"","is_daily":false,"chose_seed":false,"campfire_upgraded":1,"win_rate":0.0,"timestamp":1614122467,"path_taken":["M","?","?","?","M","E","?","?","T","E","M","E","M","E","R","BOSS","M","?","?","?","$","E","M","E","T","R","M","E","M","E","R","BOSS","M","?","M","M","?","E","R","E","T","E","?","E","?","$","R","BOSS","R","$","E","BOSS"],"items_purchased_type":["Relic","Card","Relic","Relic","Relic","Card","Card","Relic","Relic","Card","Relic","Relic","Card","Card","Card","Card","Relic","Card","Potion","Relic","Card","Relic","Relic","Relic","Relic","Card","Card","Relic","Card","Potion","Card"],"build_version":"2020-12-22","purchased_purges":9,"victory":true,"max_hp_per_floor":[66,66,66,66,66,66,66,66,66,66,68,68,68,68,68,68,68,68,68,78,80,80,80,82,82,82,82,82,82,82,82,82,82,82,84,84,84,84,90,90,90,90,90,92,92,92,92,92,92,92,92,92,92,94,94],"card_choices":[{"not_picked":["Bane+1","Eviscerate+1","Expertise"],"picked":"SKIP","floor":1.0},{"not_picked":["Bane+1","Acrobatics","Dagger Throw+1"],"picked":"SKIP","floor":5.0},{"not_picked":["Dagger Spray+1","Dagger Throw+1"],"picked":"Reflex","floor":6.0},{"not_picked":["Eviscerate+1","Blade Dance"],"picked":"Burst","floor":10.0},{"not_picked":["Eviscerate+1","Acrobatics","Dodge and Roll"],"picked":"Singing Bowl","floor":11.0},{"not_picked":["Dash+1","Concentrate"],"picked":"Wraith Form v2","floor":12.0},{"not_picked":["Quick Slash+1","Outmaneuver"],"picked":"Underhanded Strike+1","floor":13.0},{"not_picked":["Cloak And Dagger","Dagger Throw+1"],"picked":"Accuracy","floor":14.0},{"not_picked":["Doppelganger","Unload+1"],"picked":"After Image","floor":16.0},{"not_picked":["Backstab+1","Flechettes+1"],"picked":"Catalyst","floor":18.0},{"not_picked":["Outmaneuver","Underhanded Strike+1","Calculated Gamble"],"picked":"Singing Bowl","floor":21.0},{"not_picked":["Quick Slash+1","Flying Knee+1"],"picked":"Dagger Throw+1","floor":23.0},{"not_picked":["Leg Sweep","Masterful Stab+1","Deflect"],"picked":"Singing Bowl","floor":24.0},{"not_picked":["Infinite Blades","Riddle With Holes+1"],"picked":"Prepared","floor":25.0},{"not_picked":["Prepared","Dash+1"],"picked":"PiercingWail+1","floor":28.0},{"not_picked":["Catalyst","Crippling Poison"],"picked":"Deadly Poison+1","floor":29.0},{"not_picked":["Underhanded Strike+1","Infinite Blades"],"picked":"Backflip","floor":30.0},{"not_picked":["Choke+1","Bane+1"],"picked":"Cloak And Dagger+1","floor":31.0},{"not_picked":["Dodge and Roll","PiercingWail"],"picked":"Setup","floor":32.0},{"not_picked":["Bullet Time","Grand Finale+1"],"picked":"Wraith Form v2","floor":33.0},{"not_picked":["Acrobatics","Sucker Punch+1","Bane+1"],"picked":"Singing Bowl","floor":35.0},{"not_picked":["Heel Hook+1","Deflect+1"],"picked":"Corpse Explosion","floor":37.0},{"not_picked":["Reflex","Concentrate"],"picked":"Escape Plan+1","floor":38.0},{"not_picked":["Reflex","Dodge and Roll+1"],"picked":"Blade Dance","floor":40.0},{"not_picked":["Heel Hook+1","Flying Knee+1"],"picked":"Noxious Fumes","floor":42.0},{"not_picked":["Acrobatics","Dagger Spray+1","Skewer+1"],"picked":"Singing Bowl","floor":44.0},{"not_picked":["Underhanded Strike+1","Quick Slash+1"],"picked":"Cloak And Dagger","floor":45.0},{"not_picked":["Heel Hook+1","Skewer+1"],"picked":"Deflect+1","floor":46.0},{"not_picked":["Setup","Terror+1"],"picked":"Tactician","floor":47.0},{"not_picked":["Sucker Punch+1","Flechettes+1","Blade Dance"],"picked":"Singing Bowl","floor":54.0}],"player_experience":367711,"relics_obtained":[{"floor":6.0,"key":"Gremlin Horn"},{"floor":8.0,"key":"Eternal Feather"},{"floor":9.0,"key":"Singing Bowl"},{"floor":10.0,"key":"Centennial Puzzle"},{"floor":12.0,"key":"Nunchaku"},{"floor":14.0,"key":"Happy Flower"},{"floor":21.0,"key":"Red Mask"},{"floor":23.0,"key":"Ninja Scroll"},{"floor":25.0,"key":"Art of War"},{"floor":26.0,"key":"Dream Catcher"},{"floor":29.0,"key":"Darkstone Periapt"},{"floor":31.0,"key":"Regal Pillow"},{"floor":40.0,"key":"CeramicFish"},{"floor":42.0,"key":"Meat on the Bone"},{"floor":44.0,"key":"Smiling Mask"},{"floor":45.0,"key":"Ice Cream"},{"floor":46.0,"key":"FossilizedHelix"},{"floor":47.0,"key":"CatCart"},{"floor":54.0,"key":"Letter Opener"}],"event_choices":[{"damage_healed":0.0,"max_hp_gain":0.0,"max_hp_loss":0.0,"gold_gain":0.0,"cards_transformed":["Defend_G"],"event_name":"Transmorgrifier","player_choice":"Transformed","floor":3.0,"gold_loss":0.0,"damage_taken":0.0,"cards_obtained":["Backflip"]},{"damage_healed":0.0,"max_hp_gain":0.0,"max_hp_loss":0.0,"gold_gain":0.0,"event_name":"Golden Idol","player_choice":"Take Damage","floor":4.0,"gold_loss":0.0,"damage_taken":23.0,"relics_obtained":["Golden Idol"]},{"damage_healed":0.0,"max_hp_gain":0.0,"max_hp_loss":0.0,"gold_gain":0.0,"event_name":"Shining Light","player_choice":"Entered Light","floor":7.0,"gold_loss":0.0,"damage_taken":20.0,"cards_upgraded":["Backflip","Neutralize"]},{"damage_healed":0.0,"max_hp_gain":0.0,"max_hp_loss":0.0,"gold_gain":0.0,"event_name":"Dead Adventurer","player_choice":"Searched \u00272\u0027 times","floor":8.0,"gold_loss":0.0,"damage_taken":0.0},{"cards_removed":["Defend_G"],"damage_healed":0.0,"max_hp_gain":0.0,"max_hp_loss":0.0,"gold_gain":0.0,"event_name":"Back to Basics","player_choice":"Elegance","floor":19.0,"gold_loss":0.0,"damage_taken":0.0},{"damage_healed":0.0,"max_hp_gain":0.0,"max_hp_loss":0.0,"gold_gain":0.0,"event_name":"Addict","player_choice":"Obtained Relic","floor":20.0,"gold_loss":85.0,"damage_taken":0.0,"relics_obtained":["Pear"]},{"damage_healed":0.0,"max_hp_gain":0.0,"max_hp_loss":0.0,"gold_gain":0.0,"event_name":"Masked Bandits","player_choice":"Fought Bandits","floor":21.0,"gold_loss":0.0,"damage_taken":0.0},{"cards_removed":["Neutralize"],"damage_healed":0.0,"max_hp_gain":0.0,"max_hp_loss":0.0,"gold_gain":0.0,"event_name":"Falling","player_choice":"Removed Attack","floor":36.0,"gold_loss":0.0,"damage_taken":0.0},{"damage_healed":0.0,"max_hp_gain":0.0,"max_hp_loss":0.0,"gold_gain":0.0,"event_name":"Wheel of Change","player_choice":"Cursed","floor":39.0,"gold_loss":0.0,"damage_taken":0.0,"cards_obtained":["Decay"]},{"damage_healed":0.0,"max_hp_gain":0.0,"max_hp_loss":0.0,"gold_gain":0.0,"event_name":"MindBloom","player_choice":"Fight","floor":45.0,"gold_loss":0.0,"damage_taken":0.0},{"damage_healed":0.0,"max_hp_gain":0.0,"max_hp_loss":0.0,"gold_gain":0.0,"event_name":"OrinTheCat","player_choice":"Fight","floor":47.0,"gold_loss":0.0,"damage_taken":0.0}],"is_beta":false,"boss_relics":[{"not_picked":["WristBlade","Ectoplasm"],"picked":"Fusion Hammer"},{"not_picked":["Ring of the Serpent","Sozu"],"picked":"Coffee Dripper"}],"items_purged_floors":[0,0,0,0,0,0,22,48,53],"is_endless":false,"potions_floor_spawned":[6,8,10,11,13,18,24,29,30,31,37,40,42,47,54],"ascension_level":16}}