{"host":"s0nrlal5fls38heo","time":1614119863,"event":{"mods":["AchievementEnabler","BaseMod","Colored Powertips","Dark Map","Displayed Cursed Tome","Downfall","Faster Ascension Climbing","GifTheSpireLib","Minty Spire (QoL Compilation)","Permanent Neow","Rare Cards Sparkle","Relic Filter Mod","Relic Stats","StSLib"],"gold_per_floor":[99,99,199,217,235,267,267,167,498,498,598,637,61,511,522,607,607,607,617,635,663,696,729,729,729,767,784,826,848,367,413,430,517,517,517,536,546,85,108,143,167,180,209,225,236,36,61,77,96,96],"floor_reached":51,"language":"ENG","playtime":3696,"items_purged":["downfall:Icky","downfall:Icky"],"score":1801,"play_id":"fd48f330-518d-484b-8e1d-05e22ff1ad9e","local_time":"20210223233743","is_ascension_mode":true,"campfire_choices":[{"data":"hexamod:Float","floor":1.0,"key":"SMITH"},{"data":"hexamod:TimeOfNeed","floor":8.0,"key":"SMITH"},{"data":"hexamod:EmpoweredFlame","floor":10.0,"key":"SMITH"},{"data":"Apotheosis","floor":18.0,"key":"SMITH"},{"floor":35.0,"key":"RECALL"},{"data":"expansioncontent:DashGenerateEvil","floor":46,"key":"SMITH"}],"circlet_count":0,"master_deck":["AscendersBane","hexamod:Strike+1","hexamod:Strike+1","hexamod:Strike","hexamod:Defend+1","hexamod:Defend+1","hexamod:Defend+1","hexamod:Defend","hexamod:Float+1","hexamod:EmpoweredFlame+1","hexamod:NightmareGuise+1","hexamod:TimeOfNeed+1","hexamod:EmpoweredFlame+1","hexamod:Hexaguard+1","Apotheosis+1","downfall:Icky","hexamod:Hexaguard+1","hexamod:GhostShield+1","hexamod:FourthSeal","hexamod:TimeOfNeed+1","hexamod:HexaLevel+1","hexamod:GhostOfSpirePast+1","hexamod:ThermalTransfer+1","hexamod:NightmareGuise","hexamod:SixthSeal","hexamod:InspiringFlames+1","hexamod:UnlimitedPower+1","hexamod:RecurringNightmare+1","hexamod:TurnItUp+1","hexamod:Haunt+1","hexamod:TimeOfNeed+1","hexamod:RadiantFlame+1","hexamod:FlamesFromBeyond+1","hexamod:EtherealExpedition+1","hexamod:NightmareGuise+1","hexamod:ParanormalForm+1","hexamod:EmpoweredFlame+1","Flash of Steel+1","hexamod:SixthSeal","hexamod:GhostOfSpirePresent+1","hexamod:SpectersWail+1","hexamod:HexaLevel+1","hexamod:ApocalypticArmor+1","expansioncontent:DashGenerateEvil+1","hexamod:HeatShield+1","hexamod:TimeOfNeed+1","hexamod:ForkedFlame+1","hexamod:HexaLevel","hexamod:GhostOfSpireFuture+1"],"relics":["expansioncontent:StudyCardRelic","Bird Faced Urn","Guardian:PocketSentry","Mercury Hourglass","downfall:HeartBlessingGreen","Old Coin","Toy Ornithopter","Matryoshka","Chemical X","SlaversCollar","Red Mask","White Beast Statue","Question Card","Nloth\u0027s Gift","hexamod:MatchstickCase","Bronze Scales","hexamod:RecyclingMachine","Vajra","Anchor","hexamod:IceCube","Lantern","HandDrill","Pen Nib","hexamod:TheBrokenSeal","Bottled Lightning","War Paint","Oddly Smooth Stone","downfall:HeartBlessingRed","downfall:HeartBlessingBlue","Ice Cream"],"acts_visited":["Exordium","TheCity","TheBeyond","TheEnding"],"potions_floor_usage":[39,42,43,45,47,50],"damage_taken":[{"damage":1.0,"enemies":"2 Louse","floor":4.0,"turns":4.0},{"damage":4.0,"enemies":"Small Slimes","floor":5.0,"turns":3.0},{"damage":26.0,"enemies":"Gremlin Nob","floor":6.0,"turns":4.0},{"damage":4.0,"enemies":"3 Sentries","floor":9.0,"turns":4.0},{"damage":14.0,"enemies":"downfall:Heads","floor":11.0,"turns":4.0},{"damage":0.0,"enemies":"Lagavulin","floor":12.0,"turns":5.0},{"damage":0.0,"enemies":"downfall:FleeingMerchant","floor":13.0,"turns":4.0},{"damage":0.0,"enemies":"Jaw Worm","floor":15.0,"turns":3.0},{"damage":5.0,"enemies":"SI_SHIV_ARCHETYPE","floor":16.0,"turns":14.0},{"damage":30.0,"enemies":"Spheric Guardian","floor":19.0,"turns":8.0},{"damage":0.0,"enemies":"3 Byrds","floor":20.0,"turns":5.0},{"damage":24.0,"enemies":"Cultist and Chosen","floor":21.0,"turns":5.0},{"damage":0.0,"enemies":"Masked Bandits","floor":22.0,"turns":2.0},{"damage":9.0,"enemies":"Gremlin Leader","floor":23.0,"turns":9.0},{"damage":14.0,"enemies":"Slavers","floor":26.0,"turns":5.0},{"damage":9.0,"enemies":"Centurion and Healer","floor":27.0,"turns":6.0},{"damage":26.0,"enemies":"Book of Stabbing","floor":28.0,"turns":6.0},{"damage":11.0,"enemies":"Snake Plant","floor":29.0,"turns":3.0},{"damage":0.0,"enemies":"downfall:FleeingMerchant","floor":30.0,"turns":4.0},{"damage":12.0,"enemies":"Slavers","floor":31.0,"turns":5.0},{"damage":10.0,"enemies":"Snecko","floor":32.0,"turns":4.0},{"damage":88.0,"enemies":"DF_ARCHETYPE_CLAW","floor":33.0,"turns":10.0},{"damage":24.0,"enemies":"Orb Walker","floor":36.0,"turns":4.0},{"damage":11.0,"enemies":"3 Darklings","floor":37.0,"turns":3.0},{"damage":0.0,"enemies":"downfall:FleeingMerchant","floor":38.0,"turns":4.0},{"damage":12,"enemies":"Maw","floor":39,"turns":9},{"damage":0,"enemies":"Nemesis","floor":40,"turns":5},{"damage":26,"enemies":"Transient","floor":42,"turns":5},{"damage":0,"enemies":"Reptomancer","floor":43,"turns":4},{"damage":6,"enemies":"4 Shapes","floor":44,"turns":4},{"damage":9,"enemies":"Spire Growth","floor":45,"turns":4},{"damage":0,"enemies":"Spire Growth","floor":47,"turns":4},{"damage":0,"enemies":"3 Darklings","floor":48,"turns":4},{"damage":14,"enemies":"Sphere and 2 Shapes","floor":49,"turns":6},{"damage":33,"enemies":"IC_BLOCK_ARCHETYPE","floor":50,"turns":9}],"seed_played":"8629348222983428377","potions_obtained":[{"floor":5.0,"key":"Ancient Potion"},{"floor":6.0,"key":"hexamod:EctoCoolerPotion"},{"floor":12.0,"key":"Fruit Juice"},{"floor":13.0,"key":"SmokeBomb"},{"floor":15.0,"key":"champ:CounterPotion"},{"floor":16.0,"key":"FairyPotion"},{"floor":19.0,"key":"hexamod:SoulburnPotion"},{"floor":20.0,"key":"hexamod:InfernoChargePotion"},{"floor":21.0,"key":"Fire Potion"},{"floor":21.0,"key":"Fire Potion"},{"floor":23.0,"key":"champ:CounterPotion"},{"floor":23.0,"key":"Guardian:BlockOnCardUsePotion"},{"floor":26.0,"key":"Dexterity Potion"},{"floor":26.0,"key":"FairyPotion"},{"floor":27.0,"key":"CultistPotion"},{"floor":28.0,"key":"CultistPotion"},{"floor":29.0,"key":"AttackPotion"},{"floor":30.0,"key":"AttackPotion"},{"floor":31.0,"key":"Energy Potion"},{"floor":32.0,"key":"Strength Potion"},{"floor":33.0,"key":"sneckomod:MuddlingPotion"},{"floor":33.0,"key":"EssenceOfSteel"},{"floor":36.0,"key":"SteroidPotion"},{"floor":37.0,"key":"PowerPotion"},{"floor":40,"key":"BlessingOfTheForge"},{"floor":40,"key":"hexamod:SoulburnPotion"},{"floor":42,"key":"Weak Potion"},{"floor":43,"key":"Block Potion"},{"floor":44,"key":"CultistPotion"},{"floor":45,"key":"Ancient Potion"},{"floor":47,"key":"LiquidBronze"}],"is_trial":false,"path_per_floor":["R","?","?","M","M","E","T","R","E","R","?","E","$","?","M","B",null,"R","M","M","M","?","E","T","?","E","M","E","M","$","E","M","B",null,"R","M","M","$","M","E","T","M","E","M","M","R","?","M","M","B",null],"character_chosen":"THE_SPIRIT","items_purchased":["Matryoshka","Chemical X","Apotheosis","hexamod:RecyclingMachine","Flash of Steel","Vajra","expansioncontent:DashGenerateEvil","Lantern","HandDrill","Pen Nib","DistilledChaos"],"campfire_rested":0,"item_purchase_floors":[13,13,13,30,30,30,38,38,38,38,38],"current_hp_per_floor":[63,45,45,50,50,28,28,28,30,30,22,44,62,62,72,74,75,75,64,75,61,75,75,75,75,65,75,55,65,75,75,74,5,58,58,68,73,75,83,85,85,73,85,79,80,90,95,95,95,66],"gold":96,"neow_bonus":"BOSS_RELIC","is_daily":false,"chose_seed":false,"campfire_upgraded":5,"win_rate":0.0,"timestamp":1614119863,"path_taken":["R","?","?","M","?","E","T","R","E","R","?","E","$","?","M","BOSS","R","M","M","M","?","E","T","?","E","?","E","M","$","E","M","BOSS","R","M","M","$","M","E","T","M","E","M","M","R","?","M","M","BOSS"],"items_purchased_type":["Relic","Relic","Card","Relic","Card","Relic","Card","Relic","Relic","Relic","Potion"],"build_version":"2020-12-22","purchased_purges":2,"victory":true,"max_hp_per_floor":[70,70,70,70,70,70,70,70,70,70,70,75,75,75,75,75,75,75,75,75,75,75,75,75,75,75,75,75,75,75,75,75,75,75,75,75,75,75,85,85,85,85,85,85,85,95,95,95,95,95],"relic_stats":{"counters":[35,178],"Bird Faced Urn":[289],"Bronze Scales":[223],"Pen Nib":[5],"Nloth\u0027s Gift":7,"HandDrill":[20],"Chemical X":[12],"War Paint":["hexamod:EtherealExpedition","hexamod:Hexaguard"],"Question Card":26,"obtain_stats":[{"Ice Cream":47,"Lantern":38,"Vajra":30,"downfall:HeartBlessingGreen":8,"expansioncontent:StudyCardRelic":0,"Old Coin":9,"Matryoshka":13,"downfall:HeartBlessingBlue":46,"Red Mask":22,"HandDrill":38,"Chemical X":13,"hexamod:RecyclingMachine":30,"hexamod:SpiritBrand":0,"downfall:HeartBlessingRed":46,"hexamod:TheBrokenSeal":39,"Oddly Smooth Stone":43,"Pen Nib":38,"Guardian:PocketSentry":6,"War Paint":41,"Question Card":24,"White Beast Statue":24,"Mercury Hourglass":7,"hexamod:MatchstickCase":26,"SlaversCollar":17,"Anchor":31,"Bird Faced Urn":2,"Bronze Scales":28,"Slimebound:PreparedRelic":23,"Nloth\u0027s Gift":25,"Bottled Lightning":40,"Toy Ornithopter":12,"hexamod:IceCube":34},{"Ice Cream":32,"Lantern":25,"Vajra":19,"downfall:HeartBlessingGreen":3,"expansioncontent:StudyCardRelic":0,"Old Coin":4,"Matryoshka":7,"downfall:HeartBlessingBlue":31,"Red Mask":13,"HandDrill":25,"Chemical X":7,"hexamod:RecyclingMachine":19,"hexamod:SpiritBrand":0,"downfall:HeartBlessingRed":31,"hexamod:TheBrokenSeal":26,"Oddly Smooth Stone":29,"Pen Nib":25,"Guardian:PocketSentry":3,"War Paint":27,"Question Card":14,"White Beast Statue":14,"Mercury Hourglass":3,"hexamod:MatchstickCase":15,"SlaversCollar":9,"Anchor":20,"Bird Faced Urn":0,"Bronze Scales":17,"Slimebound:PreparedRelic":14,"Nloth\u0027s Gift":14,"Bottled Lightning":27,"Toy Ornithopter":6,"hexamod:IceCube":22},{"Ice Cream":159,"Lantern":124,"Vajra":95,"downfall:HeartBlessingGreen":11,"expansioncontent:StudyCardRelic":0,"Old Coin":15,"Matryoshka":28,"downfall:HeartBlessingBlue":155,"Red Mask":63,"HandDrill":124,"Chemical X":28,"hexamod:RecyclingMachine":95,"hexamod:SpiritBrand":0,"downfall:HeartBlessingRed":155,"hexamod:TheBrokenSeal":131,"Oddly Smooth Stone":147,"Pen Nib":124,"Guardian:PocketSentry":11,"War Paint":138,"Question Card":72,"White Beast Statue":72,"Mercury Hourglass":11,"hexamod:MatchstickCase":76,"SlaversCollar":45,"Anchor":99,"Bird Faced Urn":0,"Bronze Scales":88,"Slimebound:PreparedRelic":72,"Nloth\u0027s Gift":72,"Bottled Lightning":138,"Toy Ornithopter":24,"hexamod:IceCube":113}],"Toy Ornithopter":62,"Mercury Hourglass":[637]},"card_choices":[{"not_picked":["hexamod:BacktrackSmack","hexamod:NightmareGuise"],"picked":"hexamod:EmpoweredFlame","floor":4.0},{"not_picked":["hexamod:FastForward","hexamod:Firestarter"],"picked":"hexamod:NightmareGuise","floor":5.0},{"not_picked":["hexamod:SuperheatedStrike","hexamod:BurningTouch"],"picked":"hexamod:TimeOfNeed","floor":6.0},{"not_picked":["hexamod:NightmareStrike","hexamod:FlamesFromBeyond"],"picked":"hexamod:FifthSeal","floor":9.0},{"not_picked":["hexamod:InspiringFlames","hexamod:EtherealExpedition"],"picked":"hexamod:EmpoweredFlame","floor":11.0},{"not_picked":["hexamod:ThirdSeal","hexamod:SecondSeal"],"picked":"hexamod:FourthSeal","floor":12.0},{"not_picked":["hexamod:ThirdSeal","hexamod:Firestarter"],"picked":"hexamod:Hexaguard","floor":12.0},{"not_picked":["hexamod:HeatMetal","hexamod:FlameSwitch"],"picked":"hexamod:ThirdSeal","floor":13.0},{"not_picked":["hexamod:SecondSeal","hexamod:ThirdSeal"],"picked":"hexamod:SixthSeal","floor":15.0},{"not_picked":["hexamod:GhostOfSpireFuture","hexamod:StepThrough"],"picked":"hexamod:Hexaguard","floor":15.0},{"not_picked":["hexamod:SuperheatedStrike","hexamod:AdvancingGuard"],"picked":"hexamod:GhostShield","floor":15.0},{"not_picked":["hexamod:SecondSeal","hexamod:FirstSeal"],"picked":"hexamod:FourthSeal","floor":16.0},{"not_picked":["hexamod:TimeWarp","hexamod:HexaLevel"],"picked":"hexamod:TimeOfNeed","floor":16.0},{"not_picked":["hexamod:UnleashSpirits","hexamod:UnlimitedPower"],"picked":"hexamod:HexaLevel","floor":16.0},{"not_picked":["hexamod:SoulSteal","hexamod:FourthSeal"],"picked":"hexamod:GhostOfSpirePast","floor":19.0},{"not_picked":["hexamod:StepThrough","hexamod:FastForward"],"picked":"hexamod:ThermalTransfer+1","floor":19.0},{"not_picked":["hexamod:GhostLash","hexamod:NightmareStrike"],"picked":"hexamod:NightmareGuise","floor":20.0},{"not_picked":["hexamod:FourthSeal","hexamod:SecondSeal"],"picked":"hexamod:SixthSeal","floor":21.0},{"not_picked":["hexamod:ThermalTransfer","hexamod:GhostLash"],"picked":"hexamod:InspiringFlames","floor":21.0},{"not_picked":["hexamod:BacktrackSmack","hexamod:GhostShield"],"picked":"hexamod:UnlimitedPower","floor":21.0},{"not_picked":["hexamod:HeatCrush","hexamod:ShieldOfDarkness"],"picked":"hexamod:RecurringNightmare","floor":22.0},{"not_picked":["hexamod:Again","hexamod:GhostLash"],"picked":"hexamod:TurnItUp","floor":23.0},{"not_picked":["hexamod:RainOfEmbers","hexamod:RetreatToShadows"],"picked":"hexamod:Haunt","floor":23.0},{"not_picked":["hexamod:PowerFromBeyond","hexamod:HeatMetal","hexamod:ThirdSeal"],"picked":"hexamod:TimeOfNeed","floor":26.0},{"not_picked":["hexamod:FlameSwitch","hexamod:HeatCrush","hexamod:StepThrough"],"picked":"hexamod:RadiantFlame+1","floor":26.0},{"not_picked":["hexamod:NecessarySacrifice","hexamod:ShieldOfDarkness","hexamod:RecurringNightmare+1"],"picked":"hexamod:FlamesFromBeyond","floor":27.0},{"not_picked":["hexamod:HeatMetal","hexamod:NightmareGuise","hexamod:FastForward"],"picked":"hexamod:EtherealExpedition","floor":27.0},{"not_picked":["hexamod:ThirdSeal","hexamod:SuperheatedStrike+1","hexamod:StepThrough"],"picked":"hexamod:NightmareGuise+1","floor":28.0},{"not_picked":["hexamod:FastForward","hexamod:GhostShield","hexamod:CatchUp+1"],"picked":"hexamod:ParanormalForm","floor":28.0},{"not_picked":["hexamod:BurningTouch","hexamod:FastForward","hexamod:GhostflameBarrier+1"],"picked":"hexamod:EmpoweredFlame","floor":29.0},{"not_picked":["hexamod:Firestarter","hexamod:GhostShield","hexamod:StepThrough","hexamod:SwordOfDarkness"],"picked":"SKIP","floor":30.0},{"not_picked":["hexamod:SecondSeal","hexamod:ThirdSeal"],"picked":"hexamod:SixthSeal","floor":31.0},{"not_picked":["hexamod:RetreatToShadows","hexamod:PhantomCloak","hexamod:FourthSeal"],"picked":"hexamod:GhostOfSpirePresent","floor":31.0},{"not_picked":["hexamod:RainOfEmbers","hexamod:FastForward+1","hexamod:SpectralSpark"],"picked":"hexamod:SpectersWail","floor":32.0},{"not_picked":["hexamod:SixthSeal","hexamod:UnlimitedPower","hexamod:GhostflameInferno"],"picked":"hexamod:HexaLevel","floor":33.0},{"not_picked":["hexamod:ThirdSeal","hexamod:FourthSeal"],"picked":"hexamod:FirstSeal","floor":33.0},{"not_picked":["hexamod:FastForward","hexamod:RetreatToShadows","hexamod:BurningTouch","hexamod:BacktrackSmack"],"picked":"SKIP","floor":36.0},{"not_picked":["hexamod:GhostShield","hexamod:Firestarter","hexamod:RetreatToShadows"],"picked":"hexamod:ApocalypticArmor","floor":37.0},{"not_picked":["hexamod:RainOfEmbers","hexamod:Firestarter","hexamod:HeatCrush"],"picked":"hexamod:HeatShield","floor":39},{"not_picked":["hexamod:HauntingEcho","hexamod:RadiantFlame","hexamod:Again+1","hexamod:DynamicBlow+1"],"picked":"SKIP","floor":39},{"not_picked":["hexamod:BurningTouch","hexamod:GhostShield+1","hexamod:PhantomCloak"],"picked":"hexamod:TimeOfNeed","floor":40},{"not_picked":["hexamod:ShieldOfDarkness+1","hexamod:SpectersWail","hexamod:InspiringFlames","hexamod:Rewind"],"picked":"SKIP","floor":42},{"not_picked":["hexamod:GhostflameBarrier","hexamod:RecurringNightmare+1","hexamod:GhostOfSpireFuture+1"],"picked":"hexamod:ForkedFlame","floor":43},{"not_picked":["hexamod:ParanormalForm","hexamod:RainOfEmbers","hexamod:HauntingEcho","hexamod:SpectralAdrenaline"],"picked":"SKIP","floor":44},{"not_picked":["hexamod:ShieldOfDarkness","hexamod:FastForward","hexamod:NightmareStrike","hexamod:InspiringFlames"],"picked":"SKIP","floor":45},{"not_picked":["hexamod:NightmareStrike+1","hexamod:FlamesFromBeyond","hexamod:SwordOfDarkness"],"picked":"hexamod:HexaLevel","floor":47},{"not_picked":["hexamod:StepThrough","hexamod:FastForward","hexamod:SpectralSpark"],"picked":"hexamod:GhostOfSpireFuture+1","floor":48},{"not_picked":["hexamod:NightmareStrike","hexamod:BacktrackSmack","hexamod:SpectralSpark+1","hexamod:ShieldOfDarkness+1"],"picked":"SKIP","floor":49}],"player_experience":78523,"relics_obtained":[{"floor":6.0,"key":"Guardian:PocketSentry"},{"floor":7.0,"key":"Mercury Hourglass"},{"floor":9.0,"key":"Old Coin"},{"floor":12.0,"key":"Toy Ornithopter"},{"floor":22.0,"key":"Red Mask"},{"floor":23.0,"key":"Slimebound:PreparedRelic"},{"floor":24.0,"key":"White Beast Statue"},{"floor":24.0,"key":"Question Card"},{"floor":26.0,"key":"hexamod:MatchstickCase"},{"floor":28.0,"key":"Bronze Scales"},{"floor":31.0,"key":"Anchor"},{"floor":40,"key":"Bottled Lightning"},{"floor":41,"key":"War Paint"},{"floor":43,"key":"Oddly Smooth Stone"},{"floor":47,"key":"Ice Cream"}],"event_choices":[{"damage_healed":0.0,"max_hp_gain":0.0,"max_hp_loss":0.0,"gold_gain":0.0,"event_name":"Scrap Ooze","player_choice":"Success","floor":2.0,"gold_loss":0.0,"damage_taken":18.0,"relics_obtained":["Bird Faced Urn"]},{"damage_healed":0.0,"max_hp_gain":0.0,"max_hp_loss":0.0,"gold_gain":0.0,"event_name":"Masked Bandits","player_choice":"Fought Bandits","floor":22.0,"gold_loss":0.0,"damage_taken":0.0}],"is_beta":false,"boss_relics":[{"not_picked":["Fusion Hammer","Sozu"],"picked":"SlaversCollar"},{"not_picked":["SacredBark","Astrolabe"],"picked":"hexamod:IceCube"}],"items_purged_floors":[30,38],"is_endless":false,"potions_floor_spawned":[5,6,12,15,21,26,27,28,29,30,31,32,33,36,37,38,40,42,43,44,45,47,48,49],"ascension_level":13}}