{"host":"3c8x8j1h2jyrixpf","time":1614103408,"event":{"mods":["BaseMod","Colored Powertips","Highlight Path","Minty Spire (QoL Compilation)","StSLib"],"gold_per_floor":[118,132,132,143,154,154,174,207,207,207,217,249,249,65,65,143,143,143,143,143,58,58,58,58,58,58,58,58,58,58,58,58,58,58,58,58,58,58,58,58,58,58,58,58,58],"floor_reached":44,"language":"ENG","playtime":1890,"items_purged":["Strike_B"],"score":716,"play_id":"8d8c923d-e0fa-4211-b4fb-530e8ce9a31b","local_time":"20210223120328","is_ascension_mode":true,"campfire_choices":[{"floor":6.0,"key":"REST"},{"floor":10.0,"key":"REST"},{"data":"Consume","floor":15.0,"key":"SMITH"},{"data":"Beam Cell","floor":23,"key":"SMITH"},{"floor":27,"key":"REST"},{"data":"Reinforced Body","floor":30,"key":"SMITH"},{"data":"Self Repair","floor":32,"key":"SMITH"},{"data":"Electrodynamics","floor":40,"key":"SMITH"},{"data":"Rainbow","floor":42,"key":"SMITH"}],"circlet_count":0,"master_deck":["AscendersBane","Strike_B+1","Strike_B+1","Defend_B+1","Defend_B+1","Defend_B+1","Defend_B+1","Zap","Dualcast","Auto Shields","Consume+1","Dark Shackles","Cold Snap","White Noise","Beam Cell+1","Reinforced Body+1","Glacier","Self Repair+1","Electrodynamics+1","Undo+1","Turbo","BootSequence","Sweeping Beam","RitualDagger","Rainbow+1","Coolheaded","Doom and Gloom+1"],"relics":["Cracked Core","Odd Mushroom","Bag of Marbles","Singing Bowl","StrikeDummy","NlothsMask","Ectoplasm","Blood Vial","Red Mask","InkBottle","Cursed Key","Old Coin"],"acts_visited":["Exordium","TheCity","TheBeyond"],"potions_floor_usage":[33],"damage_taken":[{"damage":2.0,"enemies":"2 Louse","floor":1.0,"turns":3.0},{"damage":0.0,"enemies":"Cultist","floor":2.0,"turns":4.0},{"damage":13.0,"enemies":"Small Slimes","floor":4.0,"turns":3.0},{"damage":30.0,"enemies":"Exordium Thugs","floor":5.0,"turns":6.0},{"damage":18.0,"enemies":"The Mushroom Lair","floor":7.0,"turns":6.0},{"damage":21.0,"enemies":"Gremlin Nob","floor":8.0,"turns":5.0},{"damage":9.0,"enemies":"Looter","floor":11.0,"turns":2.0},{"damage":4.0,"enemies":"Lagavulin","floor":12.0,"turns":6.0},{"damage":24.0,"enemies":"The Guardian","floor":16.0,"turns":19.0},{"damage":6.0,"enemies":"3 Byrds","floor":18.0,"turns":2.0},{"damage":0,"enemies":"Chosen","floor":20,"turns":5},{"damage":33,"enemies":"Masked Bandits","floor":22,"turns":5},{"damage":22,"enemies":"Book of Stabbing","floor":24,"turns":9},{"damage":7,"enemies":"Snake Plant","floor":25,"turns":5},{"damage":0,"enemies":"Centurion and Healer","floor":28,"turns":9},{"damage":1,"enemies":"Cultist and Chosen","floor":31,"turns":6},{"damage":95,"enemies":"Collector","floor":33,"turns":21},{"damage":1,"enemies":"Orb Walker","floor":35,"turns":4},{"damage":41,"enemies":"2 Orb Walkers","floor":36,"turns":6},{"damage":15,"enemies":"3 Darklings","floor":38,"turns":7},{"damage":67,"enemies":"Reptomancer","floor":44,"turns":9}],"seed_played":"-3792419864664956175","potions_obtained":[{"floor":4.0,"key":"GamblersBrew"},{"floor":7.0,"key":"DistilledChaos"},{"floor":8.0,"key":"Explosive Potion"},{"floor":11.0,"key":"FocusPotion"},{"floor":18,"key":"ColorlessPotion"},{"floor":22,"key":"FairyPotion"}],"is_trial":false,"path_per_floor":["M","M","?","M","M","R","?","E","T","R","M","E","?","$","R","B",null,"M","?","M","?","?","R","E","M","T","R","M","?","R","M","R","B",null,"M","?","?","M","$","R","?","R","T","E"],"character_chosen":"DEFECT","items_purchased":["Glacier","Self Repair"],"campfire_rested":3,"item_purchase_floors":[14,14],"current_hp_per_floor":[73,73,73,60,30,54,36,15,15,39,32,28,28,28,28,11,66,60,60,69,69,45,45,34,36,36,62,71,65,65,75,75,37,77,88,59,59,58,58,58,58,58,58,0,0],"gold":58,"neow_bonus":"TEN_PERCENT_HP_BONUS","is_daily":false,"chose_seed":false,"campfire_upgraded":6,"win_rate":0.0,"timestamp":1614103408,"path_taken":["M","M","?","M","?","R","?","E","T","R","M","E","?","$","R","BOSS","M","?","M","?","?","R","E","M","T","R","M","?","R","M","R","BOSS","M","?","?","M","$","R","?","R","T","E"],"items_purchased_type":["Card","Card"],"build_version":"2020-12-22","purchased_purges":1,"victory":false,"max_hp_per_floor":[82,82,82,82,82,82,82,82,82,82,84,84,84,84,84,84,84,84,84,86,86,86,86,88,88,88,88,88,88,88,90,90,90,90,90,90,85,87,87,87,87,87,87,87,87],"card_choices":[{"not_picked":["Hologram","Redo"],"picked":"Auto Shields","floor":1.0},{"not_picked":["Beam Cell","Rebound"],"picked":"Consume","floor":2.0},{"not_picked":["Leap","Storm","Hologram"],"picked":"SKIP","floor":4.0},{"not_picked":["Genetic Algorithm","Gash"],"picked":"Cold Snap","floor":5.0},{"not_picked":["Redo","Undo"],"picked":"White Noise","floor":7.0},{"not_picked":["Steam","Auto Shields"],"picked":"Beam Cell","floor":8.0},{"not_picked":["Hologram","Steam","Beam Cell"],"picked":"Singing Bowl","floor":11.0},{"not_picked":["Turbo","Multi-Cast"],"picked":"Reinforced Body","floor":12.0},{"not_picked":["Buffer","Fission"],"picked":"Electrodynamics","floor":16.0},{"not_picked":["Streamline","Reprogram"],"picked":"Undo+1","floor":18},{"not_picked":["Barrage","Undo","Streamline"],"picked":"Singing Bowl","floor":20},{"not_picked":["Steam","Blizzard+1"],"picked":"Turbo","floor":22},{"not_picked":["Thunder Strike","Redo","Barrage"],"picked":"Singing Bowl","floor":24},{"not_picked":["Go for the Eyes","Heatsinks"],"picked":"BootSequence","floor":25},{"not_picked":["Gash","Sunder"],"picked":"Sweeping Beam","floor":28},{"not_picked":["Reprogram","Beam Cell","Go for the Eyes"],"picked":"Singing Bowl","floor":31},{"not_picked":["Reboot","Fission"],"picked":"Rainbow","floor":33},{"not_picked":["Undo","Leap"],"picked":"Coolheaded","floor":35},{"not_picked":["Ball Lightning","Steam"],"picked":"Doom and Gloom+1","floor":36},{"not_picked":["Ball Lightning","Compile Driver","Redo"],"picked":"Singing Bowl","floor":38}],"player_experience":300203,"relics_obtained":[{"floor":7.0,"key":"Odd Mushroom"},{"floor":8.0,"key":"Bag of Marbles"},{"floor":9.0,"key":"Singing Bowl"},{"floor":12.0,"key":"StrikeDummy"},{"floor":22,"key":"Red Mask"},{"floor":24,"key":"InkBottle"},{"floor":36,"key":"Old Coin"}],"event_choices":[{"damage_healed":0.0,"max_hp_gain":0.0,"max_hp_loss":0.0,"gold_gain":0.0,"event_name":"Match and Keep!","player_choice":"1 cards matched","floor":3.0,"gold_loss":0.0,"damage_taken":0.0,"cards_obtained":["Dark Shackles"]},{"damage_healed":0.0,"max_hp_gain":0.0,"max_hp_loss":0.0,"gold_gain":0.0,"event_name":"Mushrooms","player_choice":"Fought Mushrooms","floor":7.0,"gold_loss":0.0,"damage_taken":0.0},{"damage_healed":0.0,"max_hp_gain":0.0,"max_hp_loss":0.0,"gold_gain":0.0,"event_name":"FaceTrader","player_choice":"Trade","floor":13.0,"gold_loss":0.0,"damage_taken":0.0,"relics_obtained":["NlothsMask"]},{"damage_healed":0,"gold_gain":0,"player_choice":"Simplicity","damage_taken":0,"max_hp_gain":0,"max_hp_loss":0,"event_name":"Back to Basics","floor":19,"gold_loss":0,"cards_upgraded":["Strike_B","Strike_B","Strike_B","Defend_B","Defend_B","Defend_B","Defend_B"]},{"damage_healed":0,"gold_gain":0,"player_choice":"Obtained Relic","damage_taken":0,"relics_obtained":["Blood Vial"],"max_hp_gain":0,"max_hp_loss":0,"event_name":"Addict","floor":21,"gold_loss":85},{"damage_healed":0,"gold_gain":0,"player_choice":"Fought Bandits","damage_taken":0,"max_hp_gain":0,"max_hp_loss":0,"event_name":"Masked Bandits","floor":22,"gold_loss":0},{"damage_healed":0,"gold_gain":0,"player_choice":"Joined the Cult","damage_taken":6,"max_hp_gain":0,"max_hp_loss":0,"event_name":"Nest","floor":29,"gold_loss":0,"cards_obtained":["RitualDagger"]},{"damage_healed":0,"gold_gain":0,"player_choice":"Fight","damage_taken":0,"max_hp_gain":0,"max_hp_loss":0,"event_name":"Mysterious Sphere","floor":36,"gold_loss":0},{"damage_healed":0,"gold_gain":0,"player_choice":"Max HP","damage_taken":0,"max_hp_gain":0,"max_hp_loss":5,"event_name":"Winding Halls","floor":37,"gold_loss":0},{"cards_removed":["Strike_B"],"damage_healed":0,"gold_gain":0,"player_choice":"Purged","damage_taken":0,"max_hp_gain":0,"max_hp_loss":0,"event_name":"Purifier","floor":41,"gold_loss":0}],"is_beta":false,"boss_relics":[{"not_picked":["Fusion Hammer","Calling Bell"],"picked":"Ectoplasm"},{"not_picked":["Empty Cage","Black Star"],"picked":"Cursed Key"}],"items_purged_floors":[14],"is_endless":false,"potions_floor_spawned":[4,7,8,11,18,22,25,28,31],"killed_by":"Reptomancer","ascension_level":13}}