{"host":"87w2793jpavfbt1o","time":1614062017,"event":{"mods":["AchievementEnabler","Aspiration","BaseMod","Better Altar","Better Match","Better Note","Better Sensory Stone","Better Skull","Better Third Choice","Better Vampires","BetterRewards","Conspire","Displayed Cursed Tome","Downfall","Energized Spire","Filter the Spire","Halation","Highlight Path","Hubris","Infinite Spire","Marked Mod","Minty Spire (QoL Compilation)","Practice Mode","Relic Filter","Relic Sorter","Replay The Spire","Shop Mod","StSLib","TestMod","??????REMEMod"],"gold_per_floor":[119,131,150,166,166,166,166],"floor_reached":6,"language":"ENG","playtime":1009,"items_purged":[],"score":53,"play_id":"05ce209d-7bd4-445e-b50c-144b8fcf61df","local_time":"20210222223337","is_ascension_mode":true,"campfire_choices":[],"circlet_count":0,"master_deck":["Strike_P","Strike_P","Strike_P","Strike_P","Defend_P","Defend_P","Defend_P","Defend_P","Eruption","Vigilance","MarkedMod:OneThousandNeedles","ThirdEye","Evaluate","MarkedMod:GracefulMovements+1","Replay:DivineShield","WreathOfFlame"],"relics":["PureWater","REME_ComplimentaryCards","testmod-TestBox","testmod-InfectionSource"],"acts_visited":["Exordium"],"potions_floor_usage":[6,6],"damage_taken":[{"damage":1,"enemies":"conspire:RoseBush","floor":1,"turns":4},{"damage":6,"enemies":"2 Louse","floor":2,"turns":3},{"damage":6,"enemies":"Small Slimes","floor":3,"turns":4},{"damage":23,"enemies":"2 Fungi Beasts","floor":4,"turns":5},{"damage":38,"enemies":"3 Sentries","floor":6,"turns":5}],"seed_played":"7955087985640481770","potions_obtained":[{"floor":2,"key":"bronze:BurnAndBuffPotion"},{"floor":4,"key":"Block Potion"}],"is_trial":false,"path_per_floor":["M","M","M","M","?","E"],"character_chosen":"WATCHER","items_purchased":["ThirdEye"],"campfire_rested":0,"item_purchase_floors":[0],"current_hp_per_floor":[64,58,52,29,29,0,0],"gold":166,"neow_bonus":"","is_daily":false,"chose_seed":false,"campfire_upgraded":0,"win_rate":0.0,"timestamp":1614062017,"path_taken":["M","M","?","M","?","E"],"items_purchased_type":["Card"],"build_version":"2020-12-22","purchased_purges":0,"victory":false,"max_hp_per_floor":[72,72,72,72,72,72,72],"card_choices":[{"not_picked":["CrushJoints","FearNoEvil"],"picked":"Evaluate","floor":1},{"not_picked":["Evaluate","MarkedMod:Acupuncture"],"picked":"MarkedMod:GracefulMovements","floor":2},{"not_picked":["Prostrate","CarveReality"],"picked":"Replay:DivineShield","floor":3},{"not_picked":["Replay:AtTheReady","MarkedMod:GentlePulse"],"picked":"WreathOfFlame","floor":4}],"player_experience":605730,"relics_obtained":[],"event_choices":[{"damage_healed":0,"gold_gain":0,"player_choice":"Grow","damage_taken":0,"max_hp_gain":0,"max_hp_loss":0,"event_name":"Living Wall","floor":5,"gold_loss":0,"cards_upgraded":["MarkedMod:GracefulMovements"]}],"is_beta":false,"boss_relics":[],"items_purged_floors":[],"is_endless":false,"potions_floor_spawned":[2,4],"killed_by":"3 Sentries","ascension_level":8}}