{"host":"coel31jtabpraq8l","time":1614119036,"event":{"mods":["BaseMod","Highlight Path","Minty Spire (QoL Compilation)","SuperFastMode"],"gold_per_floor":[114,39,4,79,7,7,35,35,35,35,47,64,81,100,100,195,195,214,214,230,246,22,22,50,50,50,62,91,91,107,22,22,117,117,129,141,491,491,491,491],"floor_reached":39,"language":"ENG","playtime":2362,"items_purged":["Strike_B","Scrape"],"score":461,"play_id":"a4645383-8a23-4e95-8922-dea7b0cb5b4b","local_time":"20210223172356","is_ascension_mode":true,"campfire_choices":[{"floor":6,"key":"REST"},{"floor":8,"key":"REST"},{"data":"Zap","floor":10,"key":"SMITH"},{"floor":15,"key":"REST"},{"floor":23,"key":"REST"},{"data":"Lockon","floor":29,"key":"SMITH"},{"floor":32,"key":"REST"}],"circlet_count":0,"master_deck":["Zap+1","Dualcast","Conserve Battery","Loop","Melter","Leap","Cold Snap","Conserve Battery+1","Lockon+1","Echo Form+1","Hello World","Rebound","Glacier+1","Chaos+1","Hologram+1","Capacitor","Leap+1","Storm+1","Fission+1","CurseOfTheBell","Redo+1"],"relics":["Cracked Core","Ornamental Fan","Toxic Egg 2","Pandora\u0027s Box","Matryoshka","PreservedInsect","Frozen Egg 2","MealTicket","Juzu Bracelet","Calling Bell","Bag of Preparation","White Beast Statue","Calipers","Old Coin"],"acts_visited":["Exordium","TheCity","TheBeyond","TheBeyond"],"potions_floor_usage":[16,16,20,24,24,36,39],"damage_taken":[{"damage":0,"enemies":"Small Slimes","floor":1,"turns":2},{"damage":20,"enemies":"3 Sentries","floor":7,"turns":8},{"damage":0,"enemies":"2 Louse","floor":11,"turns":3},{"damage":5,"enemies":"Jaw Worm","floor":12,"turns":3},{"damage":24,"enemies":"Lots of Slimes","floor":13,"turns":5},{"damage":4,"enemies":"Exordium Wildlife","floor":14,"turns":5},{"damage":12,"enemies":"The Guardian","floor":16,"turns":10},{"damage":12,"enemies":"Chosen","floor":18,"turns":5},{"damage":0,"enemies":"Spheric Guardian","floor":20,"turns":2},{"damage":34,"enemies":"Centurion and Healer","floor":21,"turns":6},{"damage":66,"enemies":"Gremlin Leader","floor":24,"turns":8},{"damage":3,"enemies":"Snecko","floor":27,"turns":5},{"damage":6,"enemies":"Book of Stabbing","floor":28,"turns":6},{"damage":36,"enemies":"Chosen and Byrds","floor":30,"turns":5},{"damage":36,"enemies":"Collector","floor":33,"turns":24},{"damage":19,"enemies":"3 Shapes","floor":35,"turns":4},{"damage":28,"enemies":"3 Darklings","floor":36,"turns":7},{"damage":0,"enemies":"Mind Bloom Boss Battle","floor":37,"turns":6},{"damage":28,"enemies":"Transient","floor":39,"turns":3}],"seed_played":"7632785217810881373","potions_obtained":[{"floor":7,"key":"FocusPotion"},{"floor":11,"key":"BlessingOfTheForge"},{"floor":12,"key":"FairyPotion"},{"floor":18,"key":"ColorlessPotion"},{"floor":20,"key":"SneckoOil"},{"floor":33,"key":"Weak Potion"},{"floor":35,"key":"SteroidPotion"},{"floor":36,"key":"Explosive Potion"},{"floor":37,"key":"CultistPotion"}],"is_trial":false,"path_per_floor":["M","$","?","?","$","R","E","R","T","R","M","M","M","M","R","B",null,"M","?","M","M","$","R","E","?","T","M","E","R","M","?","R","B",null,"M","M","?","?","M"],"character_chosen":"DEFECT","items_purchased":["Melter","Capacitor","AttackPotion"],"campfire_rested":5,"item_purchase_floors":[5,22,22],"current_hp_per_floor":[75,75,75,64,64,75,55,75,75,75,75,70,46,42,64,52,75,63,63,63,29,29,51,10,75,75,72,66,66,30,30,52,16,75,56,28,28,28,0,0],"gold":491,"neow_bonus":"THREE_CARDS","is_daily":false,"chose_seed":false,"campfire_upgraded":2,"win_rate":0.0,"timestamp":1614119036,"path_taken":["M","$","?","?","?","R","E","R","T","R","M","M","?","M","R","BOSS","M","?","?","M","$","R","E","?","T","M","E","R","?","?","R","BOSS","M","M","?","?","M"],"items_purchased_type":["Card","Card","Potion"],"build_version":"2020-12-22","purchased_purges":2,"victory":false,"max_hp_per_floor":[75,75,75,75,75,75,75,75,75,75,75,75,75,75,75,75,75,75,75,75,75,75,75,75,75,75,75,75,75,75,75,75,75,75,75,75,75,71,71,71],"card_choices":[{"not_picked":["Tempest","Double Energy"],"picked":"Conserve Battery","floor":0},{"not_picked":["Coolheaded","Sweeping Beam"],"picked":"Loop","floor":1},{"not_picked":["Recycle","Cold Snap"],"picked":"Leap","floor":7},{"not_picked":["Go for the Eyes","Sweeping Beam"],"picked":"Cold Snap","floor":11},{"not_picked":["Cold Snap","Scrape"],"picked":"Conserve Battery+1","floor":12},{"not_picked":["Hello World","Stack+1","Go for the Eyes"],"picked":"SKIP","floor":13},{"not_picked":["Ball Lightning","Steam+1"],"picked":"Lockon","floor":14},{"not_picked":["Biased Cognition","Meteor Strike"],"picked":"Echo Form","floor":16},{"not_picked":["Hologram+1","Go for the Eyes","Beam Cell"],"picked":"SKIP","floor":18},{"not_picked":["Recycle+1","Hologram+1","Streamline"],"picked":"SKIP","floor":20},{"not_picked":["Hello World","Gash+1","White Noise+1"],"picked":"SKIP","floor":21},{"not_picked":["Steam+1","Skim+1","Barrage"],"picked":"SKIP","floor":24},{"not_picked":["Compile Driver+1","Blizzard"],"picked":"Leap+1","floor":27},{"not_picked":["Consume+1","Streamline+1"],"picked":"Storm+1","floor":28},{"not_picked":["Storm+1","White Noise+1","Stack+1"],"picked":"SKIP","floor":30},{"not_picked":["Rainbow+1","All For One"],"picked":"Fission+1","floor":33},{"not_picked":["Turbo+1","Sweeping Beam"],"picked":"Redo+1","floor":35},{"not_picked":["BootSequence+1","Ball Lightning","Leap+1"],"picked":"SKIP","floor":36}],"player_experience":635325,"relics_obtained":[{"floor":7,"key":"Ornamental Fan"},{"floor":9,"key":"Toxic Egg 2"},{"floor":24,"key":"Matryoshka"},{"floor":26,"key":"PreservedInsect"},{"floor":26,"key":"Frozen Egg 2"},{"floor":28,"key":"MealTicket"},{"floor":34,"key":"Bag of Preparation"},{"floor":34,"key":"White Beast Statue"},{"floor":34,"key":"Calipers"},{"floor":37,"key":"Old Coin"}],"event_choices":[{"damage_healed":18,"gold_gain":0,"player_choice":"Healed","damage_taken":0,"max_hp_gain":0,"max_hp_loss":0,"event_name":"The Cleric","floor":3,"gold_loss":35},{"damage_healed":0,"gold_gain":75,"player_choice":"Gather Gold","damage_taken":11,"max_hp_gain":0,"max_hp_loss":0,"event_name":"World of Goop","floor":4,"gold_loss":0},{"damage_healed":0,"gold_gain":0,"player_choice":"Upgraded","damage_taken":0,"max_hp_gain":0,"max_hp_loss":0,"event_name":"Upgrade Shrine","floor":19,"gold_loss":0,"cards_upgraded":["Echo Form"]},{"cards_removed":["Aggregate"],"damage_healed":65,"gold_gain":0,"player_choice":"Offered Uncommon","damage_taken":0,"max_hp_gain":0,"max_hp_loss":0,"event_name":"Bonfire Elementals","floor":25,"gold_loss":0},{"damage_healed":0,"gold_gain":0,"player_choice":"Obtained Relic","damage_taken":0,"relics_obtained":["Juzu Bracelet"],"max_hp_gain":0,"max_hp_loss":0,"event_name":"Addict","floor":31,"gold_loss":85},{"damage_healed":0,"gold_gain":0,"player_choice":"Fight","damage_taken":0,"max_hp_gain":0,"max_hp_loss":0,"event_name":"MindBloom","floor":37,"gold_loss":0},{"damage_healed":0,"gold_gain":0,"player_choice":"Max HP","damage_taken":0,"max_hp_gain":0,"max_hp_loss":4,"event_name":"Winding Halls","floor":38,"gold_loss":0}],"is_beta":false,"boss_relics":[{"not_picked":["Ectoplasm","Velvet Choker"],"picked":"Pandora\u0027s Box"},{"not_picked":["Fusion Hammer","Inserter"],"picked":"Calling Bell"}],"items_purged_floors":[2,22],"is_endless":false,"potions_floor_spawned":[7,11,12,14,18,20,33,35,36,37],"killed_by":"Transient","ascension_level":2}}