{"host":"n2sr453jcjz6vvl4","time":1614044944,"event":{"mods":["BaseMod","Colored Map","Minty Spire (QoL Compilation)","Permanent Neow","Relic Stats","StSLib"],"gold_per_floor":[112,126,143,143,143,178,178,196,196,211,237,257,55,68,68,164,164,174,186,186,186,202,232,232,95,122,142,142,142,170,188,188,188,188],"floor_reached":33,"language":"ENG","playtime":2029,"items_purged":["Strike_B","Defend_B"],"score":359,"play_id":"5438b0c6-cc15-494a-a3b8-f186f71cdc06","local_time":"20210222214904","is_ascension_mode":true,"campfire_choices":[{"data":"Rainbow","floor":7,"key":"SMITH"},{"data":"Darkness","floor":15,"key":"SMITH"},{"data":"Compile Driver","floor":24,"key":"SMITH"},{"floor":28,"key":"REST"},{"floor":32,"key":"REST"}],"circlet_count":0,"master_deck":["Strike_B+1","Strike_B","Strike_B","Defend_B","Defend_B","Defend_B","Zap","Dualcast+1","Rainbow+1","Gash","Compile Driver+1","Melter","Coolheaded","Electrodynamics","Rebound","Sweeping Beam","Defragment","Gash","Darkness+1","All For One","Capacitor","Self Repair","Darkness+1"],"relics":["Cracked Core","FossilizedHelix","TungstenRod","Pocketwatch","Du-Vu Doll","Busted Crown","Enchiridion","Bottled Flame","Orichalcum","CultistMask","Toy Ornithopter"],"acts_visited":["Exordium","TheCity"],"potions_floor_usage":[6,23,30],"damage_taken":[{"damage":4,"enemies":"Cultist","floor":1,"turns":3},{"damage":0,"enemies":"Small Slimes","floor":2,"turns":4},{"damage":1,"enemies":"2 Louse","floor":3,"turns":2},{"damage":26,"enemies":"3 Sentries","floor":6,"turns":7},{"damage":13,"enemies":"Lots of Slimes","floor":8,"turns":4},{"damage":3,"enemies":"Blue Slaver","floor":10,"turns":4},{"damage":7,"enemies":"Lagavulin","floor":11,"turns":6},{"damage":0,"enemies":"Exordium Wildlife","floor":12,"turns":2},{"damage":0,"enemies":"Large Slime","floor":14,"turns":2},{"damage":6,"enemies":"Hexaghost","floor":16,"turns":7},{"damage":0,"enemies":"Spheric Guardian","floor":18,"turns":2},{"damage":9,"enemies":"Shell Parasite","floor":19,"turns":3},{"damage":10,"enemies":"Chosen and Byrds","floor":22,"turns":3},{"damage":11,"enemies":"Book of Stabbing","floor":23,"turns":3},{"damage":2,"enemies":"Centurion and Healer","floor":27,"turns":5},{"damage":39,"enemies":"Slavers","floor":30,"turns":5},{"damage":6,"enemies":"Snecko","floor":31,"turns":4},{"damage":57,"enemies":"Collector","floor":33,"turns":7}],"seed_played":"742648766267817765","potions_obtained":[{"floor":2,"key":"Regen Potion"},{"floor":11,"key":"FocusPotion"},{"floor":14,"key":"FearPotion"},{"floor":16,"key":"GamblersBrew"},{"floor":22,"key":"PowerPotion"},{"floor":27,"key":"Strength Potion"},{"floor":31,"key":"SkillPotion"}],"is_trial":false,"path_per_floor":["M","M","M","?","?","E","R","M","T","M","E","M","$","M","R","B",null,"M","M","?","?","M","E","R","$","T","M","R","?","E","M","R","B"],"character_chosen":"DEFECT","items_purchased":["Defragment","Gash","Capacitor"],"campfire_rested":2,"item_purchase_floors":[13,13,25],"current_hp_per_floor":[71,71,70,55,55,44,44,31,31,28,21,21,21,21,21,15,75,75,66,54,54,44,33,33,33,33,31,53,53,14,15,37,0,0],"gold":188,"neow_bonus":"ONE_RANDOM_RARE_CARD","is_daily":false,"chose_seed":false,"campfire_upgraded":3,"win_rate":0.0,"timestamp":1614044944,"path_taken":["M","M","?","?","?","E","R","?","T","M","E","M","$","M","R","BOSS","M","M","?","?","M","E","R","$","T","M","R","?","E","?","R","BOSS"],"items_purchased_type":["Card","Card","Card"],"build_version":"2020-12-22","purchased_purges":2,"victory":false,"max_hp_per_floor":[75,75,75,75,75,75,75,75,75,75,75,75,75,75,75,75,75,75,75,75,75,75,75,75,75,75,75,75,75,75,75,75,75,75],"relic_stats":{"Busted Crown":14,"counters":[18,73],"Orichalcum":[54],"obtain_stats":[{"Du-Vu Doll":11,"Bottled Flame":23,"Busted Crown":17,"Enchiridion":20,"CultistMask":29,"Orichalcum":26,"Cracked Core":0,"FossilizedHelix":5,"TungstenRod":6,"Toy Ornithopter":30,"Pocketwatch":9},{"Du-Vu Doll":7,"Bottled Flame":14,"Busted Crown":10,"Enchiridion":12,"CultistMask":15,"Orichalcum":14,"Cracked Core":0,"FossilizedHelix":3,"TungstenRod":4,"Toy Ornithopter":16,"Pocketwatch":5},{"Du-Vu Doll":30,"Bottled Flame":52,"Busted Crown":41,"Enchiridion":46,"CultistMask":57,"Orichalcum":52,"Cracked Core":0,"FossilizedHelix":9,"TungstenRod":16,"Toy Ornithopter":62,"Pocketwatch":20}],"TungstenRod":34,"Toy Ornithopter":0,"Pocketwatch":[45]},"card_choices":[{"not_picked":["Steam","Coolheaded"],"picked":"Cold Snap","floor":1},{"not_picked":["Tempest","Steam"],"picked":"Gash","floor":2},{"not_picked":["Recycle","Streamline"],"picked":"Compile Driver","floor":3},{"not_picked":["Rebound","Aggregate"],"picked":"Melter","floor":6},{"not_picked":["Barrage","Beam Cell"],"picked":"Coolheaded","floor":8},{"not_picked":["Steam","Skim"],"picked":"Electrodynamics","floor":10},{"not_picked":["Static Discharge","Doom and Gloom"],"picked":"Rebound","floor":11},{"not_picked":["Turbo","Hologram"],"picked":"Sweeping Beam","floor":12},{"not_picked":["Steam","Steam Power"],"picked":"Darkness","floor":14},{"not_picked":["Biased Cognition","Hyperbeam"],"picked":"All For One","floor":16},{"not_picked":["Reprogram+1"],"picked":"SKIP","floor":18},{"not_picked":["Steam"],"picked":"SKIP","floor":19},{"not_picked":["Doom and Gloom+1"],"picked":"SKIP","floor":22},{"not_picked":["Sweeping Beam+1"],"picked":"SKIP","floor":23},{"not_picked":[],"picked":"Self Repair","floor":27},{"not_picked":[],"picked":"Darkness+1","floor":30},{"not_picked":["Hello World+1"],"picked":"SKIP","floor":31}],"player_experience":232473,"relics_obtained":[{"floor":6,"key":"TungstenRod"},{"floor":9,"key":"Pocketwatch"},{"floor":11,"key":"Du-Vu Doll"},{"floor":20,"key":"Enchiridion"},{"floor":23,"key":"Bottled Flame"},{"floor":26,"key":"Orichalcum"},{"floor":30,"key":"Toy Ornithopter"}],"event_choices":[{"damage_healed":0,"gold_gain":0,"player_choice":"Entered Light","damage_taken":15,"max_hp_gain":0,"max_hp_loss":0,"event_name":"Shining Light","floor":4,"gold_loss":0,"cards_upgraded":["Dualcast","Strike_B"]},{"cards_removed":["Cold Snap"],"damage_healed":0,"gold_gain":0,"player_choice":"Gave Card","damage_taken":0,"relics_obtained":["FossilizedHelix"],"max_hp_gain":0,"max_hp_loss":0,"event_name":"WeMeetAgain","floor":5,"gold_loss":0},{"damage_healed":0,"gold_gain":0,"player_choice":"Obtained Book","damage_taken":16,"max_hp_gain":0,"max_hp_loss":0,"event_name":"Cursed Tome","floor":20,"gold_loss":0},{"damage_healed":0,"gold_gain":0,"player_choice":"Ignored","damage_taken":0,"max_hp_gain":0,"max_hp_loss":0,"event_name":"Ghosts","floor":21,"gold_loss":0},{"damage_healed":0,"gold_gain":0,"player_choice":"Trade","damage_taken":0,"relics_obtained":["CultistMask"],"max_hp_gain":0,"max_hp_loss":0,"event_name":"FaceTrader","floor":29,"gold_loss":0}],"is_beta":false,"boss_relics":[{"not_picked":["SacredBark","Pandora\u0027s Box"],"picked":"Busted Crown"}],"items_purged_floors":[13,25],"is_endless":false,"potions_floor_spawned":[2,11,14,16,19,22,27,31],"killed_by":"Collector","ascension_level":4}}