{"host":"k919bq8mkuzdqhzi","time":1614048109,"event":{"mods":["AchievementEnabler","BaseMod","Colored Map","Colored Powertips","DeckTracker","Minty Spire (QoL Compilation)","Relic Sorter","SuperFastMode"],"gold_per_floor":[110,129,139,152,162,162,181,181,181,201,201,221,221,221,221,322,322,322,322,4,4,4,4,0,0,0],"floor_reached":25,"language":"ENG","playtime":1233,"items_purged":[],"score":195,"play_id":"d882d36f-4b07-4590-a4ea-e76dd2cdc446","local_time":"20210222214149","is_ascension_mode":false,"campfire_choices":[{"data":"Eruption","floor":6,"key":"SMITH"},{"floor":8,"key":"REST"},{"floor":11,"key":"REST"},{"data":"Vigilance","floor":13,"key":"SMITH"},{"data":"Halt","floor":15,"key":"SMITH"},{"floor":23,"key":"REST"}],"circlet_count":0,"master_deck":["Strike_P","Strike_P","Strike_P","Strike_P","Defend_P","Defend_P","Defend_P","Defend_P","Eruption+1","Vigilance+1","Nirvana","Consecrate","WreathOfFlame","Sanctity","Halt+1","Adaptation","ConjureBlade","EmptyFist","Apotheosis","InnerPeace","Shame"],"relics":["Busted Crown","GoldenEye","Ectoplasm","Nilry\u0027s Codex","Bronze Scales","Red Mask","Sundial"],"acts_visited":["Exordium","TheCity"],"potions_floor_usage":[2,16,18,21],"damage_taken":[{"damage":0,"enemies":"2 Louse","floor":1,"turns":2},{"damage":3,"enemies":"Small Slimes","floor":2,"turns":2},{"damage":0,"enemies":"Jaw Worm","floor":3,"turns":3},{"damage":19,"enemies":"Red Slaver","floor":4,"turns":3},{"damage":13,"enemies":"3 Louse","floor":5,"turns":3},{"damage":15,"enemies":"Looter","floor":7,"turns":3},{"damage":1,"enemies":"Exordium Wildlife","floor":10,"turns":3},{"damage":7,"enemies":"Red Slaver","floor":12,"turns":3},{"damage":59,"enemies":"The Guardian","floor":16,"turns":15},{"damage":20,"enemies":"Spheric Guardian","floor":18,"turns":3},{"damage":28,"enemies":"Masked Bandits","floor":21,"turns":4},{"damage":14,"enemies":"2 Thieves","floor":24,"turns":4},{"damage":21,"enemies":"Gremlin Leader","floor":25,"turns":2}],"seed_played":"-3957803002238795775","potions_obtained":[{"floor":1,"key":"Block Potion"},{"floor":7,"key":"Fire Potion"},{"floor":16,"key":"Explosive Potion"},{"floor":18,"key":"PowerPotion"},{"floor":21,"key":"SmokeBomb"}],"is_trial":false,"path_per_floor":["M","M","M","M","M","R","M","R","T","M","R","M","R","?","R","B",null,"M","?","$","?","?","R","M","E"],"character_chosen":"WATCHER","items_purchased":["Apotheosis","Bronze Scales"],"campfire_rested":3,"item_purchase_floors":[20,20],"current_hp_per_floor":[72,69,69,50,37,37,22,43,43,42,63,56,56,72,72,13,72,52,36,36,8,8,29,15,0,0],"gold":0,"neow_bonus":"BOSS_RELIC","is_daily":false,"chose_seed":false,"campfire_upgraded":3,"win_rate":0.0,"timestamp":1614048109,"path_taken":["M","M","M","M","M","R","M","R","T","M","R","M","R","?","R","BOSS","M","?","$","?","?","R","M","E"],"items_purchased_type":["Card","Relic"],"build_version":"2020-12-22","purchased_purges":0,"victory":false,"max_hp_per_floor":[72,72,72,72,72,72,72,72,72,72,72,72,72,72,72,72,72,72,72,72,72,72,72,72,72,72],"card_choices":[{"not_picked":["Study"],"picked":"SKIP","floor":1},{"not_picked":[],"picked":"Nirvana","floor":2},{"not_picked":[],"picked":"Consecrate","floor":3},{"not_picked":[],"picked":"WreathOfFlame","floor":4},{"not_picked":["Consecrate"],"picked":"SKIP","floor":5},{"not_picked":[],"picked":"Sanctity","floor":7},{"not_picked":[],"picked":"Halt","floor":10},{"not_picked":[],"picked":"Adaptation","floor":12},{"not_picked":[],"picked":"ConjureBlade","floor":16},{"not_picked":[],"picked":"EmptyFist","floor":18},{"not_picked":[],"picked":"InnerPeace","floor":21},{"not_picked":["Meditate"],"picked":"SKIP","floor":24}],"player_experience":175378,"relics_obtained":[{"floor":9,"key":"GoldenEye"},{"floor":19,"key":"Nilry\u0027s Codex"},{"floor":21,"key":"Red Mask"}],"event_choices":[{"damage_healed":24,"gold_gain":0,"player_choice":"Banana","damage_taken":0,"max_hp_gain":0,"max_hp_loss":0,"event_name":"Big Fish","floor":14,"gold_loss":0},{"damage_healed":0,"gold_gain":0,"player_choice":"Obtained Book","damage_taken":16,"max_hp_gain":0,"max_hp_loss":0,"event_name":"Cursed Tome","floor":19,"gold_loss":0},{"damage_healed":0,"gold_gain":0,"player_choice":"Fought Bandits","damage_taken":0,"max_hp_gain":0,"max_hp_loss":0,"event_name":"Masked Bandits","floor":21,"gold_loss":0},{"damage_healed":0,"gold_gain":0,"player_choice":"Stole Relic","damage_taken":0,"relics_obtained":["Sundial"],"max_hp_gain":0,"max_hp_loss":0,"event_name":"Addict","floor":22,"gold_loss":0,"cards_obtained":["Shame"]}],"is_beta":false,"boss_relics":[{"not_picked":["SacredBark","Cursed Key"],"picked":"Ectoplasm"}],"items_purged_floors":[],"is_endless":false,"potions_floor_spawned":[1,7,16,18,21],"killed_by":"Gremlin Leader","ascension_level":0}}