{"host":"nsc6ozq3atyrdr3m","time":1614112547,"event":{"mods":["BaseMod","Colored Map","Minty Spire (QoL Compilation)"],"gold_per_floor":[111,126,126,143,74,99,117,117,117,43,43,58,77,112,112,210,210,223,242,242,252,177,177,177],"floor_reached":23,"language":"FRA","playtime":731,"items_purged":["Strike_B"],"score":284,"play_id":"10a5a310-91ae-44d9-8873-a34dfe59f92a","local_time":"20210223213547","is_ascension_mode":true,"campfire_choices":[{"data":"Heatsinks","floor":8,"key":"SMITH"},{"data":"Storm","floor":11,"key":"SMITH"},{"data":"Force Field","floor":15,"key":"SMITH"}],"circlet_count":0,"master_deck":["Strike_B","Defend_B","Defend_B","Defend_B","Defend_B","Zap","Dualcast","Conserve Battery","Hello World","BootSequence","Self Repair","Heatsinks+1","Storm+1","Force Field+1","Turbo","Ball Lightning","Creative AI","Loop+1","Steam Power","Storm+1","Reboot"],"relics":["Cracked Core","PreservedInsect","Tiny Chest","Dream Catcher","Bottled Tornado","Empty Cage"],"acts_visited":["Exordium","TheCity"],"potions_floor_usage":[6,14,16,16,23],"damage_taken":[{"damage":8,"enemies":"Jaw Worm","floor":1,"turns":4},{"damage":0,"enemies":"Cultist","floor":2,"turns":4},{"damage":4,"enemies":"Small Slimes","floor":4,"turns":3},{"damage":11,"enemies":"3 Sentries","floor":6,"turns":7},{"damage":2,"enemies":"Looter","floor":7,"turns":4},{"damage":8,"enemies":"3 Louse","floor":12,"turns":3},{"damage":3,"enemies":"Blue Slaver","floor":13,"turns":4},{"damage":23,"enemies":"Lagavulin","floor":14,"turns":5},{"damage":7,"enemies":"Slime Boss","floor":16,"turns":6},{"damage":12,"enemies":"2 Thieves","floor":18,"turns":5},{"damage":6,"enemies":"Shell Parasite","floor":19,"turns":5},{"damage":19,"enemies":"3 Cultists","floor":21,"turns":5},{"damage":57,"enemies":"Slavers","floor":23,"turns":3}],"seed_played":"5248306957566940229","potions_obtained":[{"floor":3,"key":"BlessingOfTheForge"},{"floor":3,"key":"FocusPotion"},{"floor":3,"key":"Strength Potion"},{"floor":4,"key":"Block Potion"},{"floor":13,"key":"FocusPotion"},{"floor":14,"key":"FocusPotion"},{"floor":16,"key":"Swift Potion"}],"is_trial":false,"path_per_floor":["M","M","?","M","$","E","M","R","T","$","R","M","M","E","R","B",null,"M","M","?","M","$","E"],"character_chosen":"DEFECT","items_purchased":["Self Repair","Storm"],"campfire_rested":0,"item_purchase_floors":[5,10],"current_hp_per_floor":[60,60,60,56,56,52,57,57,57,57,57,56,60,44,44,47,68,63,64,64,52,52,0,0],"gold":177,"neow_bonus":"RANDOM_COMMON_RELIC","is_daily":false,"chose_seed":false,"campfire_upgraded":3,"win_rate":0.0,"timestamp":1614112547,"path_taken":["M","M","?","?","$","E","M","R","T","$","R","M","M","E","R","BOSS","M","M","?","?","?","E"],"items_purchased_type":["Card","Card"],"build_version":"2020-12-22","purchased_purges":1,"victory":false,"max_hp_per_floor":[75,75,75,75,75,75,75,75,75,75,75,75,75,75,75,75,75,75,75,75,75,75,75,75],"card_choices":[{"not_picked":["Barrage","Scrape"],"picked":"Conserve Battery","floor":1},{"not_picked":["Recycle","Stack"],"picked":"Hello World","floor":2},{"not_picked":["Barrage","Blizzard"],"picked":"BootSequence","floor":4},{"not_picked":["Redo","Streamline"],"picked":"Heatsinks","floor":6},{"not_picked":["Redo","Cold Snap","Darkness"],"picked":"SKIP","floor":7},{"not_picked":["Go for the Eyes","Rainbow"],"picked":"Force Field","floor":12},{"not_picked":["Beam Cell","Stack"],"picked":"Turbo","floor":13},{"not_picked":["Rebound","Melter"],"picked":"Ball Lightning","floor":14},{"not_picked":["Thunder Strike","Fission"],"picked":"Creative AI","floor":16},{"not_picked":["Sweeping Beam","Hologram"],"picked":"Loop+1","floor":18},{"not_picked":["Darkness+1","Barrage"],"picked":"Steam Power","floor":19},{"not_picked":["Conserve Battery","Cold Snap+1"],"picked":"Reboot","floor":21}],"player_experience":445832,"relics_obtained":[{"floor":6,"key":"Tiny Chest"},{"floor":9,"key":"Dream Catcher"},{"floor":14,"key":"Bottled Tornado"}],"event_choices":[{"damage_healed":0,"gold_gain":0,"player_choice":"Got Potions","damage_taken":0,"max_hp_gain":0,"max_hp_loss":0,"event_name":"Lab","floor":3,"gold_loss":0},{"damage_healed":0,"gold_gain":0,"player_choice":"Copied","damage_taken":0,"max_hp_gain":0,"max_hp_loss":0,"event_name":"Duplicator","floor":20,"gold_loss":0,"cards_obtained":["Storm"]}],"is_beta":false,"boss_relics":[{"not_picked":["Runic Dome","Tiny House"],"picked":"Empty Cage"}],"items_purged_floors":[22],"is_endless":false,"potions_floor_spawned":[4,13,14,16],"killed_by":"Slavers","ascension_level":8}}