{"host":"am9dcwhv7hq2nlsk","time":1614052127,"event":{"mods":["ATMod(°¢èªMod)","AchievementEnabler","Act Like it!","Aspiration","BaseMod","BetterRewards","Conspire","Custom Start","Dota2Spire","Marisa£¨ìFÓê¡¡Ä§ÀíÉ³£©","Minty Spire (QoL Compilation)","Reimu£¨²©ÀöÁéÃÎ£©","Remilia£¨ÀÙÃ×ÀòÑÇ£©","Replay The Spire","RumiaBox-Â¶Ã×æ«µÄÉñÃØºÐ×Ó","Shop Mod","Spicy Shops","StSLib","TestMod","The Cursed","The Hierophant","UnlockEverythingMod","[IsaacMod]ÒÔÈö¼âËþ","noobMod","¡¾ÒÅÎï¿¨ÅÆ¡¿REMEMod","óô»ðÖ¸ÄÏ"],"gold_per_floor":[111,122,122,1,20,45,57,86,86,86,104,104,119,179,179,258,258,350,350,360,373,383,383,418,818,888,926,938,971,982,1010,1010,1084,1084,1212,346,346,346,358,387,387,434,489,515,540,540,282,307,307,307,321,321,21,493,519,439],"floor_reached":57,"language":"ZHS","playtime":3061,"items_purged":["Strike_R","Strike_R","Defend_R","Flex","Strike_R","conspire:Purge"],"score":4498,"play_id":"4da4845a-fd77-4552-be34-2c24a1ebc900","local_time":"20210223114847","is_ascension_mode":true,"campfire_choices":[{"data":"Armaments","floor":15.0,"key":"SMITH"},{"data":"Limit Break","floor":23,"key":"SMITH"},{"data":"Entrench","floor":32,"key":"SMITH"},{"data":"ReplayReversal","floor":41,"key":"SMITH"},{"data":"AT_FamilyPortrait","floor":46,"key":"SMITH"},{"floor":49,"key":"RECALL"}],"circlet_count":0,"master_deck":["AscendersBane","AT_FamilyPortrait+1","Burst+1","Sword Boomerang+1","Armaments+1","Power Through+1","AT_ShrugMaster+1","Entrench+1","Limit Break+1","Heavy Blade+1","AT_CaressingTears","Offering","ReplayReversal+1","Thunderclap","Finesse","REME_ACTH","AT_BodySlamDance","Entrench"],"relics":["Burning Blood","AT_ATBox","testmod-TestBox","ice","HushsDoor","testmod-CasingShield","ReplayTheSpireMod:TigerMarble","Vajra","aspiration:Nostalgia","FlyPower:ReiMu","Unceasing Top","Prayer Wheel","Dota2Spire:DrumOfEndurance","Lantern","Brimstone","AT_Kusabimaru","Sling","Oddly Smooth Stone","Onion Ring","Toy Ornithopter","testmod-RandomTest","MealTicket","Dota2Spire:RefresherOrb","Dota2Spire:UrnOfShadows","DeadEye","aspiration:SeaSaltIceCream","aspiration:Nostalgia","hierophant:PropheticMaskRelic","Orichalcum","REME_ChargedStone","BloodDonationBag","PreservedInsect","REME_OnlineShoppingPlatform","MerchantsRug","ReplayTheSpireMod:Ninjato","Dota2Spire:EchoSabre","SalivaCoin","Omamori","Replay:Bottled Eggs","HandDrill","Dota2Spire:PowerTreads","Anchor","AT_ImmortalShieldbow","ReplayFunnel","Chemical X","FossilizedHelix","Whetstone","Dota2Spire:PhaseBoots","Paper Frog","aspiration:FrozenJewel","Chaos","TheBible","aspiration:MysteriousAuxiliaryCore"],"acts_visited":["Exordium","TheCity","TheBeyond","TheEnding"],"potions_floor_usage":[31,36,54,54,56,56,56,56],"damage_taken":[{"damage":0.0,"enemies":"Small Slimes","floor":1.0,"turns":3.0},{"damage":0.0,"enemies":"Jaw Worm","floor":2.0,"turns":2.0},{"damage":0.0,"enemies":"2 Louse","floor":5.0,"turns":2.0},{"damage":0.0,"enemies":"Replay:BlueRogue","floor":6.0,"turns":2.0},{"damage":0.0,"enemies":"Blue Slaver","floor":7.0,"turns":1.0},{"damage":0.0,"enemies":"Gremlin Nob","floor":8.0,"turns":1.0},{"damage":0.0,"enemies":"Looter","floor":11.0,"turns":1.0},{"damage":0.0,"enemies":"Red Slaver","floor":13.0,"turns":1.0},{"damage":0.0,"enemies":"Lagavulin","floor":14.0,"turns":2.0},{"damage":0.0,"enemies":"The Guardian","floor":16.0,"turns":3.0},{"damage":5,"enemies":"Spheric Guardian","floor":18,"turns":2},{"damage":10,"enemies":"Shell Parasite","floor":20,"turns":4},{"damage":10,"enemies":"Shelled Parasite and Fungi","floor":21,"turns":5},{"damage":0,"enemies":"Centurion and Healer","floor":22,"turns":2},{"damage":0,"enemies":"REME_1_Revenger","floor":24,"turns":3},{"damage":0,"enemies":"Sentry and Sphere","floor":27,"turns":3},{"damage":0,"enemies":"Snecko","floor":28,"turns":3},{"damage":0,"enemies":"Gremlin Leader","floor":29,"turns":2},{"damage":0,"enemies":"3 Cultists","floor":30,"turns":3},{"damage":5,"enemies":"conspire:SneckoGhost","floor":31,"turns":2},{"damage":2,"enemies":"Pondfish","floor":33,"turns":3},{"damage":0,"enemies":"3 Shapes","floor":35,"turns":1},{"damage":0,"enemies":"Orb Walker","floor":39,"turns":1},{"damage":0,"enemies":"R_Hoarder","floor":40,"turns":3},{"damage":0,"enemies":"4 Shapes","floor":42,"turns":4},{"damage":0,"enemies":"Giant Head","floor":44,"turns":3},{"damage":0,"enemies":"Transient","floor":45,"turns":5},{"damage":0,"enemies":"R_Hoarder","floor":48,"turns":3},{"damage":0,"enemies":"Awakened One","floor":50,"turns":2},{"damage":15,"enemies":"Time Eater","floor":51,"turns":3},{"damage":0,"enemies":"Shield and Spear","floor":55,"turns":1},{"damage":0,"enemies":"Delirium","floor":56,"turns":6}],"seed_played":"-6705241612361282933","potions_obtained":[{"floor":6.0,"key":"FairyPotion"},{"floor":35,"key":"Dota2Spire:HealingSalve"}],"is_trial":false,"path_per_floor":["M","M","?","$","M","E","M","E","T","?","M","T","M","E","R","B",null,"M","?","M","M","M","R","E","?","T","M","M","E","M","E","R","B",null,"M","$","?","?","M","E","R","M","T","E","M","R","$","E","R","B","B",null,"R","$","E","B",null],"character_chosen":"IRONCLAD","items_purchased":["ReplayTheSpireMod:TigerMarble","Vajra","aspiration:Nostalgia","Dota2Spire:DrumOfEndurance","Lantern","Brimstone","Bomb","Sling","Oddly Smooth Stone","Flex","Adrenaline Potion","Dota2Spire:HealingSalve","Onion Ring","PreservedInsect","ReplayReversal","REME_OnlineShoppingPlatform","MerchantsRug","ReplayTheSpireMod:Ninjato","HandDrill","Dota2Spire:PowerTreads","Anchor","AT_ImmortalShieldbow","Chemical X","FossilizedHelix","Whetstone","Dota2Spire:PhaseBoots","Paper Frog","aspiration:FrozenJewel","Chaos","TheBible","Entrench"],"campfire_rested":0,"item_purchase_floors":[0,0,0,0,0,0,0,0,0,0,0,0,4,36,36,36,36,36,47,47,47,47,53,53,53,54,54,54,54,54,54],"current_hp_per_floor":[27,33,33,2,11,17,23,29,29,54,60,60,66,63,63,69,74,66,66,65,64,70,70,76,76,76,78,80,80,80,80,80,80,80,72,80,65,61,67,73,73,75,75,80,80,80,80,80,80,80,71,78,78,85,85,85],"gold":439,"neow_bonus":"","is_daily":false,"chose_seed":false,"campfire_upgraded":5,"win_rate":0.0,"timestamp":1614052127,"path_taken":["M","M","?","$","M","E","M","E","T","?","M","?","M","E","R","BOSS","M","?","M","M","?","R","E","?","T","?","?","E","M","E","R","BOSS","M","$","?","?","M","E","R","?","T","E","M","R","?","E","R","BOSS","BOSS","R","$","E","BOSS"],"items_purchased_type":["Relic","Relic","Relic","Relic","Relic","Relic","Card","Relic","Relic","Card","Potion","Potion","Relic","Relic","Card","Relic","Relic","Relic","Relic","Relic","Relic","Relic","Relic","Relic","Relic","Relic","Relic","Relic","Card","Relic","Card"],"build_version":"2020-12-22","purchased_purges":6,"victory":true,"max_hp_per_floor":[75,75,75,75,75,75,75,75,75,75,75,75,75,75,75,75,75,75,75,78,78,78,78,78,78,78,78,80,80,80,80,80,80,80,80,80,80,80,80,80,80,80,80,80,80,80,80,80,80,80,80,80,80,85,85,85],"card_choices":[{"not_picked":["Wild Strike","Run Through"],"picked":"Sword Boomerang","floor":1.0},{"not_picked":["Wild Strike","ReplayTheSpireMod:Limb From Limb","Thunderclap"],"picked":"SKIP","floor":1.0},{"not_picked":["Combust","Havoc","Cleave"],"picked":"SKIP","floor":2.0},{"not_picked":["ReplayTheSpireMod:Corrosion Curse","Flex","Cleave"],"picked":"SKIP","floor":2.0},{"not_picked":["Rampage","AT_IchimonjiDouble","Immolate"],"picked":"SKIP","floor":5.0},{"not_picked":["Shrug It Off","Cleave","REME_Scribble"],"picked":"SKIP","floor":5.0},{"not_picked":["True Grit","Warcry","Spot Weakness"],"picked":"SKIP","floor":6.0},{"not_picked":["Thunderclap","Dark Embrace"],"picked":"Armaments","floor":7.0},{"not_picked":["Run Through","Perfected Strike","ReplayTheSpireMod:Strike From Hell"],"picked":"SKIP","floor":7.0},{"not_picked":["Havoc","Abandon","Headbutt"],"picked":"SKIP","floor":8.0},{"not_picked":["Blood for Blood","Rage","Sword Boomerang"],"picked":"SKIP","floor":11.0},{"not_picked":["Dark Embrace","AT_BodySlamDance","Clothesline"],"picked":"SKIP","floor":11.0},{"not_picked":["Iron Wave","Wild Strike","Thunderclap"],"picked":"SKIP","floor":13.0},{"not_picked":["Clothesline","ReplayTheSpireMod:Muscle Training","Anger"],"picked":"SKIP","floor":13.0},{"not_picked":["Rupture","Burning Pact"],"picked":"conspire:Purge","floor":14.0},{"not_picked":["conspire:ExplosiveBarrier","Dropkick"],"picked":"Power Through+1","floor":18},{"not_picked":["Shrug It Off","Spot Weakness","Twin Strike"],"picked":"SKIP","floor":18},{"not_picked":["Flex","Shrug It Off"],"picked":"AT_ShrugMaster+1","floor":20},{"not_picked":["Iron Wave","conspire:Charge"],"picked":"Entrench","floor":20},{"not_picked":["REME_Scribble","Anger"],"picked":"Limit Break","floor":21},{"not_picked":["REME_Cut","Defy Death","Headbutt+1"],"picked":"SKIP","floor":21},{"not_picked":["AT_BodySlamDance","Warcry"],"picked":"Heavy Blade","floor":22},{"not_picked":["Clash","Wild Strike","Armaments"],"picked":"SKIP","floor":22},{"not_picked":["Eclipse","Headbutt","Dropkick"],"picked":"SKIP","floor":24},{"not_picked":["ReplayTheSpireMod:Strike From Hell","Warcry","Run Through"],"picked":"SKIP","floor":27},{"not_picked":["Pommel Strike","ReplayTheSpireMod:Strike From Hell","Carnage"],"picked":"SKIP","floor":27},{"not_picked":["AT_GerminateFire+1","Disarm"],"picked":"AT_CaressingTears","floor":28},{"not_picked":["AT_BodySlamDance+1","Armaments","Body Slam"],"picked":"SKIP","floor":28},{"not_picked":["Intimidate","Sentinel","Reaper"],"picked":"SKIP","floor":29},{"not_picked":["Abandon","REME_Scribble+1","Clash"],"picked":"SKIP","floor":30},{"not_picked":["Fire Breathing","Searing Blow+1","Flex"],"picked":"SKIP","floor":30},{"not_picked":["Replay:Undeath\u0027s Touch","Sword Boomerang","Disarm"],"picked":"SKIP","floor":31},{"not_picked":["Corruption","REME_Fury"],"picked":"Offering","floor":33},{"not_picked":["Perfected Strike+1","Flex","Hemokinesis"],"picked":"SKIP","floor":35},{"not_picked":["Seeing Red+1","Wild Strike+1","Life Link+1"],"picked":"SKIP","floor":35},{"not_picked":["Clothesline+1","ReplayTheSpireMod:Strike From Hell"],"picked":"Thunderclap","floor":39},{"not_picked":["Iron Wave","Entrench","REME_SingleHolding"],"picked":"SKIP","floor":39},{"not_picked":["Infernal Blade","Dropkick","Feel No Pain"],"picked":"SKIP","floor":40},{"not_picked":["Flex","AT_BodySlamDance"],"picked":"REME_ACTH","floor":42},{"not_picked":["Heavy Blade","conspire:Charge","AT_IchimonjiDouble+1"],"picked":"SKIP","floor":42},{"not_picked":["Disarm","AT_BodySlamDance+1","AT_IchimonjiDouble"],"picked":"SKIP","floor":44},{"not_picked":["Bloodletting","ReplayTheSpireMod:LeadingStrike+1"],"picked":"AT_BodySlamDance","floor":45},{"not_picked":["Evolve","Thunderclap","True Grit"],"picked":"SKIP","floor":45},{"not_picked":["AT_IchimonjiDouble","True Grit","AT_CaressingTears"],"picked":"SKIP","floor":48},{"not_picked":["Heavy Blade","Replay:Undeath\u0027s Touch","Sword Boomerang"],"picked":"SKIP","floor":55}],"player_experience":559543,"relics_obtained":[{"floor":8.0,"key":"Toy Ornithopter"},{"floor":12.0,"key":"testmod-RandomTest"},{"floor":14.0,"key":"MealTicket"},{"floor":24,"key":"Dota2Spire:UrnOfShadows"},{"floor":26,"key":"DeadEye"},{"floor":29,"key":"aspiration:SeaSaltIceCream"},{"floor":31,"key":"Orichalcum"},{"floor":40,"key":"SalivaCoin"},{"floor":43,"key":"Omamori"},{"floor":44,"key":"Replay:Bottled Eggs"},{"floor":48,"key":"ReplayFunnel"},{"floor":55,"key":"aspiration:MysteriousAuxiliaryCore"}],"event_choices":[{"damage_healed":0.0,"max_hp_gain":0.0,"max_hp_loss":0.0,"gold_gain":0.0,"event_name":"Scrap Ooze","player_choice":"Fled","floor":3.0,"gold_loss":0.0,"damage_taken":0.0},{"damage_healed":25.0,"max_hp_gain":0.0,"max_hp_loss":0.0,"gold_gain":0.0,"event_name":"Big Fish","player_choice":"Banana","floor":10.0,"gold_loss":0.0,"damage_taken":0.0},{"damage_healed":0,"gold_gain":400,"player_choice":"Sell","damage_taken":0,"max_hp_gain":0,"max_hp_loss":0,"event_name":"¶÷ÂåË¹µÄÅÌ×Ó","floor":25,"relics_lost":["REME_ComplimentaryCards"],"gold_loss":0},{"damage_healed":0,"gold_gain":0,"player_choice":"Bought 0 Potions","damage_taken":0,"max_hp_gain":0,"max_hp_loss":0,"event_name":"The Woman in Blue","floor":38,"gold_loss":0}],"is_beta":false,"boss_relics":[{"not_picked":["testmod-EnergyCheck","testmod-KeyOfTheVoid"],"picked":"Dota2Spire:RefresherOrb"},{"not_picked":[]},{"not_picked":["Busted Crown","conspire:RoyalGoblet"],"picked":"REME_ChargedStone"},{"not_picked":[]}],"items_purged_floors":[0,0,0,36,47,53],"is_endless":false,"potions_floor_spawned":[6,7,8,13,14,18,20,27,28,30,35,40,44,45,48,55],"ascension_level":20}}