{"host":"ju1b3c4x8n2jtjm7","time":1614113615,"event":{"mods":["AchievementEnabler","BaseMod","Colored Map","Colored Powertips","DeckTracker","Highlight Path","Minty Spire (QoL Compilation)","Quick Restart","Rare Cards Sparkle","Relic Stats","StSLib"],"gold_per_floor":[363,382,400,152,152,152,196,209,209,209,209,233,32,56,56,185,185,198,219,219,237,261,261,261,261],"floor_reached":24,"language":"ENG","playtime":1775,"items_purged":["Zap","Pain"],"score":400,"play_id":"d4305470-fe5a-4ab6-a769-d1fbcf8dd273","local_time":"20210223215335","is_ascension_mode":true,"campfire_choices":[{"data":"Sweeping Beam","floor":6.0,"key":"SMITH"},{"floor":11,"key":"REST"},{"data":"Recycle","floor":15,"key":"SMITH"},{"data":"Fission","floor":23,"key":"SMITH"}],"circlet_count":0,"master_deck":["AscendersBane","Strike_B","Strike_B","Strike_B","Strike_B","Defend_B","Defend_B","Defend_B","Defend_B","Dualcast","Sweeping Beam+1","Darkness","Coolheaded","Multi-Cast","Hello World","Coolheaded","Recycle+1","Glacier","Capacitor","Fission+1"],"relics":["FrozenCore","Golden Idol","Torii","WarpedTongs","Thread and Needle"],"acts_visited":["TheCity"],"potions_floor_usage":[16],"damage_taken":[{"damage":0.0,"enemies":"Cultist","floor":1.0,"turns":3.0},{"damage":1.0,"enemies":"Small Slimes","floor":2.0,"turns":3.0},{"damage":0.0,"enemies":"2 Louse","floor":3.0,"turns":2.0},{"damage":29,"enemies":"3 Sentries","floor":7,"turns":6},{"damage":8,"enemies":"Lots of Slimes","floor":8,"turns":2},{"damage":15,"enemies":"Gremlin Gang","floor":12,"turns":4},{"damage":0,"enemies":"Red Slaver","floor":14,"turns":4},{"damage":0,"enemies":"Slime Boss","floor":16,"turns":11},{"damage":1,"enemies":"Shell Parasite","floor":18,"turns":5},{"damage":7,"enemies":"3 Byrds","floor":19,"turns":5},{"damage":3,"enemies":"Snake Plant","floor":21,"turns":9},{"damage":0,"enemies":"Centurion and Healer","floor":22,"turns":8},{"damage":45,"enemies":"Book of Stabbing","floor":24,"turns":7}],"seed_played":"4236598128925586011","potions_obtained":[{"floor":2.0,"key":"FocusPotion"},{"floor":8,"key":"PotionOfCapacity"},{"floor":18,"key":"PowerPotion"}],"is_trial":false,"path_per_floor":["M","M","M","$","?","R","E","M","T","?","R","M","$","M","R","B",null,"M","M","?","M","M","R","E"],"character_chosen":"DEFECT","items_purchased":["Multi-Cast","Hello World","Glacier","Capacitor"],"campfire_rested":1,"item_purchase_floors":[4,4,13,13],"current_hp_per_floor":[50,49,49,49,49,49,20,12,12,12,32,17,17,17,17,17,56,55,48,48,45,45,45,0,0],"gold":261,"neow_bonus":"TWO_FIFTY_GOLD","is_daily":false,"chose_seed":false,"campfire_upgraded":3,"win_rate":0.0,"timestamp":1614113615,"path_taken":["M","?","M","$","?","R","E","M","T","?","R","M","$","M","R","BOSS","M","?","?","M","?","R","E"],"items_purchased_type":["Card","Card","Card","Card"],"build_version":"2020-12-22","purchased_purges":2,"victory":false,"max_hp_per_floor":[75,75,75,75,69,69,69,69,69,69,69,69,69,69,69,69,69,69,69,69,69,69,69,69,69],"relic_stats":{"Torii":28,"counters":[13,69],"Golden Idol":64,"obtain_stats":[{"Torii":7,"Golden Idol":5,"Thread and Needle":20,"Cracked Core":0,"WarpedTongs":10,"FrozenCore":17},{"Torii":4,"Golden Idol":3,"Thread and Needle":10,"Cracked Core":0,"WarpedTongs":5,"FrozenCore":8},{"Torii":14,"Golden Idol":8,"Thread and Needle":45,"Cracked Core":0,"WarpedTongs":16,"FrozenCore":35}],"FrozenCore":[15],"WarpedTongs":[53]},"card_choices":[{"not_picked":["Turbo","Stack"],"picked":"Sweeping Beam","floor":1.0},{"not_picked":["Compile Driver","Skim"],"picked":"Darkness","floor":2.0},{"not_picked":["Conserve Battery","Redo"],"picked":"Coolheaded","floor":3.0},{"not_picked":["Streamline","Thunder Strike","Ball Lightning"],"picked":"SKIP","floor":7},{"not_picked":["Doom and Gloom","Beam Cell"],"picked":"Coolheaded","floor":8},{"not_picked":["Static Discharge","Ball Lightning"],"picked":"Recycle","floor":12},{"not_picked":["Darkness","Streamline","Barrage"],"picked":"SKIP","floor":14},{"not_picked":["Machine Learning","Core Surge"],"picked":"Fission","floor":16},{"not_picked":["Turbo","Go for the Eyes","Redo"],"picked":"SKIP","floor":18},{"not_picked":["Turbo","Go for the Eyes","Redo"],"picked":"SKIP","floor":18},{"not_picked":["Streamline","Leap","Hologram"],"picked":"SKIP","floor":19},{"not_picked":["Fusion","FTL","Rebound"],"picked":"SKIP","floor":21},{"not_picked":["Fusion","FTL","Rebound"],"picked":"SKIP","floor":21},{"not_picked":["Gash","Beam Cell","Hologram"],"picked":"SKIP","floor":22}],"player_experience":499640,"relics_obtained":[{"floor":7,"key":"Torii"},{"floor":20,"key":"Thread and Needle"}],"event_choices":[{"damage_healed":0.0,"max_hp_gain":0.0,"max_hp_loss":6.0,"gold_gain":0.0,"event_name":"Golden Idol","player_choice":"Lose Max HP","floor":5.0,"gold_loss":0.0,"damage_taken":0.0,"relics_obtained":["Golden Idol"]},{"damage_healed":0,"gold_gain":0,"player_choice":"Rummage","damage_taken":0,"relics_obtained":["WarpedTongs"],"max_hp_gain":0,"max_hp_loss":0,"event_name":"Accursed Blacksmith","floor":10,"gold_loss":0,"cards_obtained":["Pain"]},{"damage_healed":0,"gold_gain":0,"player_choice":"Relic","damage_taken":0,"max_hp_gain":0,"max_hp_loss":0,"event_name":"Wheel of Change","floor":20,"gold_loss":0}],"is_beta":false,"boss_relics":[{"not_picked":["Pandora\u0027s Box","Velvet Choker"],"picked":"FrozenCore"}],"items_purged_floors":[4,13],"is_endless":false,"potions_floor_spawned":[2,8,18,19],"killed_by":"Book of Stabbing","ascension_level":12}}