{"host":"2sct7qpnpunnnd84","time":1614071086,"event":{"mods":["BaseMod","Googly Eyes","Minty Spire (QoL Compilation)","Quick Restart","Shop Mod","StSLib","The IronCluck"],"gold_per_floor":[119,119,26,26,26,26,40,40,40,109,109,109,125,148,148,271,271,290,309,18,32,32,32,51,76,101,125,40,139,139,152,152,283,346,370,370,393,204,217,217,230,230,302,326,326,326,326],"floor_reached":46,"language":"ENG","playtime":3620,"items_purged":[],"score":509,"play_id":"ce542dfa-7efd-465c-9e3b-4828d298eb7f","local_time":"20210223010446","is_ascension_mode":false,"campfire_choices":[{"data":"Bash","floor":6.0,"key":"SMITH"},{"data":"Armaments","floor":12.0,"key":"SMITH"},{"data":"Armaments","floor":15.0,"key":"SMITH"},{"data":"Rampage","floor":23.0,"key":"SMITH"},{"data":"Flex","floor":30.0,"key":"SMITH"},{"data":"Feel No Pain","floor":32.0,"key":"SMITH"},{"floor":40.0,"key":"REST"}],"circlet_count":0,"master_deck":["Strike_R","Strike_R","Strike_R","Strike_R","Strike_R","Defend_R","Defend_R","Defend_R","Bash+1","Uppercut","Uppercut","Heavy Blade","Injury","Armaments+1","Armaments+1","Rampage+1","Heavy Blade","Immolate","Clothesline+1","Cleave","Headbutt+1","Heavy Blade","Parasite","Flex+1","Feel No Pain+1","Limit Break","Thunderclap+1","Thunderclap+1","Madness","Madness","Ghostly Armor","Metallicize","Body Slam+1","Wild Strike+1","Doubt","Clumsy","Mayhem"],"relics":["Burning Blood","TungstenRod","Pear","Golden Idol","Spirit Poop","Letter Opener","Eternal Feather","Cursed Key","Ginger","Juzu Bracelet","Regal Pillow","Tiny House","Bronze Scales","White Beast Statue","Strawberry"],"acts_visited":["Exordium","TheCity","TheBeyond"],"potions_floor_usage":[],"damage_taken":[{"damage":1.0,"enemies":"Small Slimes","floor":1.0,"turns":4.0},{"damage":5.0,"enemies":"Cultist","floor":7.0,"turns":4.0},{"damage":10.0,"enemies":"Gremlin Nob","floor":10.0,"turns":4.0},{"damage":0.0,"enemies":"Jaw Worm","floor":13.0,"turns":4.0},{"damage":3.0,"enemies":"3 Louse","floor":14.0,"turns":4.0},{"damage":43.0,"enemies":"The Guardian","floor":16.0,"turns":11.0},{"damage":8.0,"enemies":"Chosen","floor":18.0,"turns":4.0},{"damage":13.0,"enemies":"3 Byrds","floor":19.0,"turns":7.0},{"damage":16.0,"enemies":"Centurion and Healer","floor":21.0,"turns":5.0},{"damage":10.0,"enemies":"3 Cultists","floor":24.0,"turns":4.0},{"damage":11.0,"enemies":"Snecko","floor":25.0,"turns":4.0},{"damage":0.0,"enemies":"Chosen and Byrds","floor":27.0,"turns":4.0},{"damage":8.0,"enemies":"3 Cultists","floor":31.0,"turns":4.0},{"damage":87.0,"enemies":"Automaton","floor":33.0,"turns":12.0},{"damage":15.0,"enemies":"Orb Walker","floor":35.0,"turns":4.0},{"damage":51.0,"enemies":"3 Darklings","floor":37.0,"turns":7.0},{"damage":31.0,"enemies":"Transient","floor":39.0,"turns":5.0},{"damage":55.0,"enemies":"Spire Growth","floor":41.0,"turns":5.0},{"damage":42,"enemies":"3 Darklings","floor":46,"turns":8}],"seed_played":"9174971316861877620","potions_obtained":[{"floor":7.0,"key":"PowerPotion"},{"floor":13.0,"key":"Strength Potion"},{"floor":16.0,"key":"Fruit Juice"},{"floor":24.0,"key":"Dexterity Potion"},{"floor":25.0,"key":"LiquidBronze"},{"floor":27.0,"key":"BlessingOfTheForge"},{"floor":34.0,"key":"ColorlessPotion"},{"floor":39.0,"key":"ColorlessPotion"}],"is_trial":false,"path_per_floor":["M","?","$","?","?","R","M","?","T","?","?","R","M","M","R","B",null,"M","M","$","M","?","R","M","M","T","M","?","?","R","M","R","B",null,"M","?","M","$","M","R","M","?","T","T","?","M"],"character_chosen":"IRONCLAD","items_purchased":["Uppercut","Heavy Blade","Ginger","Metallicize","Bronze Scales"],"campfire_rested":1,"item_purchase_floors":[3,3,20,38,38],"current_hp_per_floor":[80,76,76,76,76,76,77,82,82,78,95,95,95,95,95,63,100,98,91,91,81,81,93,89,84,84,90,90,90,100,98,100,19,105,96,84,39,39,14,78,29,29,29,36,36,0,0],"gold":326,"neow_bonus":"ONE_RARE_RELIC","is_daily":false,"chose_seed":false,"campfire_upgraded":6,"win_rate":0.0,"timestamp":1614071086,"path_taken":["M","?","$","?","?","R","?","?","T","?","?","R","?","M","R","BOSS","M","M","$","M","?","R","M","M","T","M","?","?","R","M","R","BOSS","M","?","M","$","M","R","M","?","T","?","?","M"],"items_purchased_type":["Card","Card","Relic","Card","Relic"],"build_version":"2020-12-22","purchased_purges":0,"victory":false,"max_hp_per_floor":[80,90,90,90,90,90,90,95,95,95,95,95,95,95,95,100,100,100,100,100,100,100,100,100,100,100,100,100,100,100,100,100,100,105,105,105,105,105,105,105,105,105,105,112,112,112,112],"card_choices":[{"not_picked":["Warcry","Wild Strike"],"picked":"Uppercut","floor":1.0},{"not_picked":["Perfected Strike","Searing Blow"],"picked":"Armaments","floor":7.0},{"not_picked":["Disarm","Pummel"],"picked":"Armaments","floor":10.0},{"not_picked":["Fire Breathing","Power Through"],"picked":"Rampage","floor":13.0},{"not_picked":["Double Tap","True Grit"],"picked":"Heavy Blade","floor":14.0},{"not_picked":["Barricade","Offering"],"picked":"Immolate","floor":16.0},{"not_picked":["Body Slam","Heavy Blade"],"picked":"Clothesline+1","floor":18.0},{"not_picked":["Shockwave","Feel No Pain"],"picked":"Cleave","floor":19.0},{"not_picked":["Second Wind+1","Anger"],"picked":"Headbutt+1","floor":21.0},{"not_picked":["Wild Strike","Havoc+1","Clash"],"picked":"SKIP","floor":24.0},{"not_picked":["Clothesline","Sever Soul"],"picked":"Heavy Blade","floor":25.0},{"not_picked":["True Grit","Clothesline"],"picked":"Flex","floor":27.0},{"not_picked":["Havoc+1","Sentinel"],"picked":"Feel No Pain","floor":31.0},{"not_picked":["Double Tap","Reaper"],"picked":"Limit Break","floor":33.0},{"not_picked":["Clash+1","Perfected Strike"],"picked":"Thunderclap+1","floor":34.0},{"not_picked":["Cleave+1","Carnage"],"picked":"Thunderclap+1","floor":35.0},{"not_picked":["Warcry","Double Tap"],"picked":"Ghostly Armor","floor":37.0},{"not_picked":["Cleave+1","Headbutt+1"],"picked":"Body Slam+1","floor":39.0},{"not_picked":["Body Slam","Twin Strike+1"],"picked":"Wild Strike+1","floor":41.0},{"not_picked":["Discovery","Forethought"],"picked":"Mayhem","floor":45.0}],"player_experience":3458891,"relics_obtained":[{"floor":9.0,"key":"Letter Opener"},{"floor":10.0,"key":"Eternal Feather"},{"floor":26.0,"key":"Juzu Bracelet"},{"floor":43.0,"key":"White Beast Statue"},{"floor":44.0,"key":"Strawberry"}],"event_choices":[{"damage_healed":0.0,"max_hp_gain":0.0,"max_hp_loss":0.0,"gold_gain":0.0,"event_name":"Scrap Ooze","player_choice":"Success","floor":2.0,"gold_loss":0.0,"damage_taken":18.0,"relics_obtained":["Pear"]},{"damage_healed":0.0,"max_hp_gain":0.0,"max_hp_loss":0.0,"gold_gain":0.0,"event_name":"Golden Idol","player_choice":"Take Wound","floor":4.0,"gold_loss":0.0,"damage_taken":0.0,"relics_obtained":["Golden Idol"],"cards_obtained":["Injury"]},{"cards_removed":["Writhe"],"damage_healed":0.0,"max_hp_gain":0.0,"max_hp_loss":0.0,"gold_gain":0.0,"event_name":"Bonfire Elementals","player_choice":"Offered Curse","floor":5.0,"gold_loss":0.0,"damage_taken":0.0,"relics_obtained":["Spirit Poop"]},{"damage_healed":0.0,"max_hp_gain":5.0,"max_hp_loss":0.0,"gold_gain":0.0,"event_name":"Big Fish","player_choice":"Donut","floor":8.0,"gold_loss":0.0,"damage_taken":0.0},{"damage_healed":0.0,"max_hp_gain":0.0,"max_hp_loss":0.0,"gold_gain":0.0,"event_name":"Dead Adventurer","player_choice":"Searched \u00271\u0027 times","floor":10.0,"gold_loss":0.0,"damage_taken":0.0},{"damage_healed":17.0,"max_hp_gain":0.0,"max_hp_loss":0.0,"gold_gain":0.0,"event_name":"Wheel of Change","player_choice":"Full Heal","floor":11.0,"gold_loss":0.0,"damage_taken":0.0},{"damage_healed":0.0,"max_hp_gain":0.0,"max_hp_loss":0.0,"gold_gain":0.0,"event_name":"Vampires","player_choice":"Ignored","floor":22.0,"gold_loss":0.0,"damage_taken":0.0},{"damage_healed":0.0,"max_hp_gain":0.0,"max_hp_loss":0.0,"gold_gain":0.0,"event_name":"Addict","player_choice":"Obtained Relic","floor":28.0,"gold_loss":85.0,"damage_taken":0.0,"relics_obtained":["Regal Pillow"]},{"damage_healed":0.0,"max_hp_gain":0.0,"max_hp_loss":0.0,"gold_gain":99.0,"event_name":"Nest","player_choice":"Stole From Cult","floor":29.0,"gold_loss":0.0,"damage_taken":0.0},{"damage_healed":0.0,"max_hp_gain":0.0,"max_hp_loss":0.0,"gold_gain":0.0,"event_name":"Winding Halls","player_choice":"Embrace Madness","floor":36.0,"gold_loss":0.0,"damage_taken":13.0,"cards_obtained":["Madness","Madness"]},{"cards_removed":["Defend_R"],"damage_healed":0.0,"max_hp_gain":0.0,"max_hp_loss":0.0,"gold_gain":0.0,"event_name":"Falling","player_choice":"Removed Skill","floor":42.0,"gold_loss":0.0,"damage_taken":0.0},{"damage_healed":0.0,"max_hp_gain":0.0,"max_hp_loss":0.0,"gold_gain":0.0,"event_name":"SensoryStone","player_choice":"Memory 1","floor":45.0,"gold_loss":0.0,"damage_taken":0.0}],"is_beta":false,"boss_relics":[{"not_picked":["Busted Crown","Pandora\u0027s Box"],"picked":"Cursed Key"},{"not_picked":["Empty Cage","Runic Cube"],"picked":"Tiny House"}],"items_purged_floors":[],"is_endless":false,"potions_floor_spawned":[7,13,16,24,25,27,39],"killed_by":"3 Darklings","ascension_level":0}}