{"host":"6p0attdrtjqaih7v","time":1614057489,"event":{"mods":["2.2 Compatiblity","AchievementEnabler","BaseMod","Better Skull","Better Third Choice","Card Filter","Colored Powertips","Hermit","Highlight Path","Hubris","Key Reminder","Minty Spire (QoL Compilation)","Permanent Neow","Quick Restart","Random Character Button","Relic Filter","Relic Stats","Reliquary","Replay The Spire","Robot Space Explorer","StSLib","The Construct","The Gatherer","The Hayseed","The Runesmith","The Witch"],"gold_per_floor":[115,132,182,202,33,33,83,83,107,145,167,167,167,167,167,256,256,281,281,311,337,370,370,731,794,794,794,379,414,112,134,134,149,149],"floor_reached":33,"language":"ENG","playtime":1348,"items_purged":["construct:Strike_Gold","construct:Strike_Gold"],"score":536,"play_id":"57c5c02f-dedd-4025-83f4-91ee4acef2db","local_time":"20210223001809","is_ascension_mode":true,"campfire_choices":[{"data":"construct:MoltenSmash","floor":6,"key":"SMITH"},{"data":"construct:MoltenSmash+1","floor":8,"key":"SMITH"},{"floor":12,"key":"REST"},{"data":"construct:SuppressiveFire","floor":15,"key":"SMITH"},{"data":"construct:VentSteam","floor":23,"key":"SMITH"},{"floor":27,"key":"REST"},{"floor":32,"key":"REST"}],"circlet_count":0,"master_deck":["AscendersBane","construct:Strike_Gold","construct:Strike_Gold","construct:Strike_Gold","construct:Defend_Gold","construct:Defend_Gold","construct:Defend_Gold","construct:Defend_Gold","construct:Defend_Gold+1","construct:AttackMode","construct:DefenseMode","construct:MoltenSmash+2","construct:SyphonStrike","construct:PointDefense+1","construct:Missile","construct:SuppressiveFire+1","construct:PhosphorStorm","construct:VentSteam+1","construct:SweepLaser","construct:QuickAttack","construct:Tumble","construct:GuardCore","Deep Breath","construct:Enhance","construct:Backup","construct:BatteryCore"],"relics":["construct:ClockworkPhoenix","ReplayTheSpireMod:TigerMarble","Replay:Bandana","Lantern","Bronze Scales","hubris:Potato","Sozu","Gremlin Food","Old Coin","Red Mask","reliquary:WeakTea","reliquary:RoseTintedGlasses","Regal Pillow"],"acts_visited":["Exordium","TheCity"],"potions_floor_usage":[7,10,16,16,18],"damage_taken":[{"damage":4,"enemies":"2 Louse","floor":1,"turns":4},{"damage":3,"enemies":"Cultist","floor":2,"turns":4},{"damage":0,"enemies":"Jaw Worm","floor":4,"turns":3},{"damage":30,"enemies":"3 Sentries","floor":7,"turns":10},{"damage":21,"enemies":"Gremlin Nob","floor":10,"turns":4},{"damage":10,"enemies":"Large Slime","floor":11,"turns":6},{"damage":34,"enemies":"Slime Boss","floor":16,"turns":6},{"damage":12,"enemies":"Chosen","floor":18,"turns":5},{"damage":0,"enemies":"Shell Parasite","floor":20,"turns":2},{"damage":15,"enemies":"Snake Plant","floor":21,"turns":4},{"damage":4,"enemies":"Cultist and Chosen","floor":22,"turns":3},{"damage":24,"enemies":"Replay:Snechameleon","floor":24,"turns":3},{"damage":9,"enemies":"Masked Bandits","floor":25,"turns":2},{"damage":18,"enemies":"Shelled Parasite and Fungi","floor":29,"turns":4},{"damage":9,"enemies":"Snecko","floor":31,"turns":5},{"damage":70,"enemies":"Collector","floor":33,"turns":8}],"seed_played":"-2482087585035266902","potions_obtained":[{"floor":1,"key":"PowerPotion"},{"floor":2,"key":"Dexterity Potion"},{"floor":11,"key":"Adrenaline Potion"},{"floor":16,"key":"AttackPotion"}],"is_trial":false,"path_per_floor":["M","M","?","M","$","R","E","R","T","E","M","R","?","?","R","B",null,"M","?","M","M","M","R","E","?","T","R","$","M","$","M","R","B"],"character_chosen":"THE_CONSTRUCT_MOD","items_purchased":["Replay:Bandana","reliquary:RoseTintedGlasses","construct:GuardCore","Deep Breath","Regal Pillow","construct:Backup"],"campfire_rested":3,"item_purchase_floors":[5,28,28,28,30,30],"current_hp_per_floor":[68,65,65,65,65,65,35,35,35,14,4,28,28,80,80,46,72,60,60,72,57,53,53,29,20,20,43,43,25,25,16,54,0,0],"gold":149,"neow_bonus":"RANDOM_COMMON_RELIC","is_daily":false,"chose_seed":false,"campfire_upgraded":4,"win_rate":0.0,"timestamp":1614057489,"path_taken":["M","M","?","?","$","R","E","R","T","E","M","R","?","?","R","BOSS","M","?","M","M","?","R","E","?","T","R","$","M","$","M","R","BOSS"],"items_purchased_type":["Relic","Relic","Card","Card","Relic","Card"],"build_version":"2020-12-22","purchased_purges":2,"victory":false,"max_hp_per_floor":[80,80,80,80,80,80,80,80,80,80,80,80,80,80,80,80,80,80,80,78,78,78,78,78,78,78,78,78,78,78,78,78,78,78],"relic_stats":{"Sozu":3,"Regal Pillow":15,"counters":[16,73],"Bronze Scales":[121],"obtain_stats":[{"Gremlin Food":19,"Lantern":7,"Regal Pillow":30,"reliquary:WeakTea":26,"construct:ClockworkPhoenix":0,"Old Coin":24,"Sozu":17,"Replay:Bandana":5,"Bronze Scales":9,"reliquary:RoseTintedGlasses":28,"ReplayTheSpireMod:TigerMarble":0,"Red Mask":25,"hubris:Potato":10},{"Gremlin Food":8,"Lantern":4,"Regal Pillow":14,"reliquary:WeakTea":13,"construct:ClockworkPhoenix":0,"Old Coin":12,"Sozu":7,"Replay:Bandana":3,"Bronze Scales":4,"reliquary:RoseTintedGlasses":13,"ReplayTheSpireMod:TigerMarble":0,"Red Mask":13,"hubris:Potato":5},{"Gremlin Food":42,"Lantern":21,"Regal Pillow":60,"reliquary:WeakTea":56,"construct:ClockworkPhoenix":0,"Old Coin":54,"Sozu":37,"Replay:Bandana":11,"Bronze Scales":21,"reliquary:RoseTintedGlasses":56,"ReplayTheSpireMod:TigerMarble":0,"Red Mask":56,"hubris:Potato":25}]},"card_choices":[{"not_picked":["construct:ChargeShot","construct:SuppressiveFire"],"picked":"construct:MoltenSmash","floor":1},{"not_picked":["construct:Synchronize","construct:CreateCores"],"picked":"construct:SyphonStrike","floor":2},{"not_picked":["construct:Rollout","construct:Autoturret"],"picked":"construct:PointDefense","floor":4},{"not_picked":["construct:Dampening","construct:Stasis"],"picked":"construct:Enhance","floor":7},{"not_picked":["construct:Afterburners","construct:OilSpill"],"picked":"construct:Missile","floor":10},{"not_picked":["construct:ModeShift","construct:VentSteam"],"picked":"construct:SuppressiveFire","floor":11},{"not_picked":["construct:GoldenBullet","construct:HammerDown"],"picked":"construct:HastyRepair","floor":16},{"not_picked":["construct:Accumulate","construct:ClusterMines"],"picked":"construct:PhosphorStorm","floor":18},{"not_picked":["construct:PowerUp","construct:ClusterMines"],"picked":"construct:VentSteam","floor":20},{"not_picked":["construct:FocusedBeam","construct:Accumulate","construct:FierceBash"],"picked":"SKIP","floor":21},{"not_picked":["construct:Autoturret","construct:Hazardproof"],"picked":"construct:SweepLaser","floor":22},{"not_picked":["construct:ModeShift","construct:Backfire"],"picked":"construct:QuickAttack","floor":24},{"not_picked":["construct:Isolate","construct:Boost"],"picked":"construct:Tumble","floor":25},{"not_picked":["construct:ModeShift","construct:UnbalancingBlast"],"picked":"construct:Enhance","floor":29},{"not_picked":["construct:FlammableFog","construct:OmegaCannon"],"picked":"construct:BatteryCore","floor":31}],"player_experience":1243098,"relics_obtained":[{"floor":7,"key":"Lantern"},{"floor":9,"key":"Bronze Scales"},{"floor":10,"key":"hubris:Potato"},{"floor":24,"key":"Old Coin"},{"floor":25,"key":"Red Mask"},{"floor":26,"key":"reliquary:WeakTea"}],"event_choices":[{"damage_healed":0,"gold_gain":50,"player_choice":"Pray","damage_taken":0,"max_hp_gain":0,"max_hp_loss":0,"event_name":"Golden Shrine","floor":3,"gold_loss":0},{"cards_removed":["construct:Enhance"],"damage_healed":52,"gold_gain":0,"player_choice":"Offered Uncommon","damage_taken":0,"max_hp_gain":0,"max_hp_loss":0,"event_name":"Bonfire Elementals","floor":14,"gold_loss":0},{"cards_removed":["construct:HastyRepair"],"damage_healed":0,"gold_gain":0,"player_choice":"Gave Card","damage_taken":0,"relics_obtained":["Gremlin Food"],"max_hp_gain":0,"max_hp_loss":0,"event_name":"WeMeetAgain","floor":19,"gold_loss":0},{"damage_healed":0,"gold_gain":0,"player_choice":"Fought Bandits","damage_taken":0,"max_hp_gain":0,"max_hp_loss":0,"event_name":"Masked Bandits","floor":25,"gold_loss":0}],"is_beta":false,"boss_relics":[{"not_picked":["reliquary:RedPaperclip","reliquary:WritOfMandamus"],"picked":"Sozu"}],"items_purged_floors":[28,30],"is_endless":false,"potions_floor_spawned":[1,2,11,16,18,20,29],"killed_by":"Collector","ascension_level":19}}