{"host":"ilo0sg5cl3zcnqwd","time":1614118928,"event":{"mods":["BaseMod","Downfall","Minty Spire (QoL Compilation)","StSLib"],"gold_per_floor":[99,99,99,99,99,130,156,156,188,188,208,218,368,382,392,392,392,392],"floor_reached":16,"language":"ENG","playtime":586,"items_purged":[],"score":133,"play_id":"5face3a9-b0ae-4594-95f2-655fa47396af","local_time":"20210223222208","is_ascension_mode":false,"campfire_choices":[{"data":"Guardian:TwinSlam","floor":1.0,"key":"SMITH"},{"floor":10.0,"key":"REST"}],"circlet_count":0,"master_deck":["Guardian:Strike_Guardian","Guardian:Strike_Guardian","Guardian:Strike_Guardian","Guardian:Defend_Guardian","Guardian:Defend_Guardian","Guardian:Defend_Guardian","Guardian:Defend_Guardian","Guardian:CurlUp","Guardian:TwinSlam+1","Guardian:Gem_Red","Guardian:Gem_Synthetic","Guardian:TemporalStrike","Guardian:Gem_Red","Guardian:Gem_Purple","Guardian:Gem_Red","Guardian:PiercingHide","Guardian:PrismaticBarrier","Guardian:PiercingHide","downfall:Icky","Guardian:HyperBeam_Guardian","Guardian:PrimingBeam"],"relics":["Guardian:ModeShifter","downfall:HeartsMalice","Guardian:PickAxe","Singing Bowl","Dream Catcher","Anchor","Bottled Lightning"],"acts_visited":["Exordium"],"potions_floor_usage":[],"damage_taken":[{"damage":0.0,"enemies":"Small Slimes","floor":2.0,"turns":1.0},{"damage":0.0,"enemies":"Small Slimes","floor":3.0,"turns":1.0},{"damage":0.0,"enemies":"3 Sentries","floor":6.0,"turns":1.0},{"damage":59.0,"enemies":"Lagavulin","floor":9.0,"turns":11.0},{"damage":4.0,"enemies":"2 Louse","floor":11.0,"turns":3.0},{"damage":6.0,"enemies":"Cultist","floor":12.0,"turns":5.0},{"damage":3.0,"enemies":"2 Fungi Beasts","floor":14.0,"turns":5.0},{"damage":5,"enemies":"Blue Slaver","floor":15,"turns":4},{"damage":10,"enemies":"DF_ARCHETYPE_STREAMLINE","floor":16,"turns":4}],"seed_played":"2684294230049609094","potions_obtained":[{"floor":11.0,"key":"FearPotion"},{"floor":14.0,"key":"SteroidPotion"}],"is_trial":false,"path_per_floor":["R","M","?","?","?","E","T","?","E","R","M","M","?","M","M","B"],"character_chosen":"GUARDIAN","items_purchased":[],"campfire_rested":1,"item_purchase_floors":[],"current_hp_per_floor":[80,80,68,68,61,61,61,61,2,28,24,18,18,15,10,0,0],"gold":392,"neow_bonus":"THREE_ENEMY_KILL","is_daily":false,"chose_seed":false,"campfire_upgraded":1,"win_rate":0.0,"timestamp":1614118928,"path_taken":["R","M","?","?","?","E","T","?","E","R","M","?","?","M","M","BOSS"],"items_purchased_type":[],"build_version":"2020-12-22","purchased_purges":0,"victory":false,"max_hp_per_floor":[80,80,80,80,80,80,80,80,80,82,82,82,82,82,82,82,82,82],"card_choices":[{"not_picked":["Guardian:GuardianWhirl","Guardian:DonusPower"],"picked":"Guardian:Gem_Red","floor":2.0},{"not_picked":["Guardian:Gem_Lightblue","Guardian:TemporalShield"],"picked":"Guardian:TemporalStrike","floor":6.0},{"not_picked":["Guardian:StasisField","Guardian:TemporalShield"],"picked":"Guardian:PiercingHide","floor":9.0},{"not_picked":["Guardian:MultiBeam","Guardian:Gem_Fragmented","Guardian:ShieldCharger"],"picked":"Singing Bowl","floor":10.0},{"not_picked":["Guardian:Gem_Red","Guardian:ChargeCore"],"picked":"Guardian:PrismaticBarrier","floor":11.0},{"not_picked":["Guardian:ShieldCharger","Guardian:ArmoredProtocol"],"picked":"Guardian:PiercingHide","floor":12.0},{"not_picked":["Guardian:Harden","Guardian:PiercingHide"],"picked":"Guardian:HyperBeam_Guardian","floor":14.0},{"not_picked":["Guardian:Recover","Guardian:BodySlam"],"picked":"Guardian:PrimingBeam","floor":15}],"player_experience":300636,"relics_obtained":[{"floor":6.0,"key":"Dream Catcher"},{"floor":7.0,"key":"Anchor"},{"floor":9.0,"key":"Bottled Lightning"}],"event_choices":[{"damage_healed":0.0,"max_hp_gain":0.0,"max_hp_loss":0.0,"gold_gain":0.0,"event_name":"Scrap Ooze","player_choice":"Success","floor":5.0,"gold_loss":0.0,"damage_taken":7.0,"relics_obtained":["Singing Bowl"]}],"is_beta":false,"boss_relics":[],"items_purged_floors":[],"is_endless":false,"potions_floor_spawned":[3,11,14],"killed_by":"DF_ARCHETYPE_STREAMLINE","ascension_level":0}}