{"host":"prxrhpgaxnj4om9r","time":1614087667,"event":{"mods":["AchievementEnabler","BaseMod","Colored Map","DeckTracker","Minty Spire (QoL Compilation)"],"gold_per_floor":[109,119,135,151,151,151,165,196,221,248,278,291,291,466,466,571,571,591,324,324,355,355,355],"floor_reached":22,"language":"KOR","playtime":1013,"items_purged":["Doubt"],"score":252,"play_id":"483c3b10-049f-4cd0-beec-06288c78faa3","local_time":"20210223224107","is_ascension_mode":true,"campfire_choices":[{"data":"Flying Knee","floor":6,"key":"SMITH"},{"floor":13,"key":"REST"},{"data":"Finisher","floor":15,"key":"SMITH"}],"circlet_count":0,"master_deck":["Strike_G","Strike_G","Strike_G","Strike_G","Strike_G","Defend_G","Defend_G","Defend_G","Defend_G","Defend_G","Survivor","Neutralize","Venomology+1","Flying Knee+1","Slice","Bane","Burst","Acrobatics","Dagger Spray","Finisher+1","Dagger Throw","Noxious Fumes","Envenom","Terror","Caltrops","Writhe"],"relics":["Ring of the Snake","Strawberry","Toy Ornithopter","Ancient Tea Set","Odd Mushroom","Busted Crown","Blood Vial","Centennial Puzzle","Red Mask"],"acts_visited":["Exordium","TheCity"],"potions_floor_usage":[1,3,4,4,8,8,8,8,10,11,12,16,16,18,18,21,22],"damage_taken":[{"damage":0,"enemies":"2 Louse","floor":1,"turns":2},{"damage":0,"enemies":"Small Slimes","floor":2,"turns":3},{"damage":4,"enemies":"Jaw Worm","floor":3,"turns":2},{"damage":6,"enemies":"2 Fungi Beasts","floor":4,"turns":2},{"damage":0,"enemies":"Large Slime","floor":7,"turns":5},{"damage":4,"enemies":"3 Sentries","floor":8,"turns":4},{"damage":43,"enemies":"Lagavulin","floor":10,"turns":9},{"damage":2,"enemies":"The Mushroom Lair","floor":11,"turns":3},{"damage":0,"enemies":"Looter","floor":12,"turns":1},{"damage":32,"enemies":"Hexaghost","floor":16,"turns":9},{"damage":23,"enemies":"Shell Parasite","floor":18,"turns":4},{"damage":49,"enemies":"Masked Bandits","floor":21,"turns":5},{"damage":22,"enemies":"Spheric Guardian","floor":22,"turns":3}],"seed_played":"-8165503197779796638","potions_obtained":[{"floor":1,"key":"Fire Potion"},{"floor":4,"key":"Poison Potion"},{"floor":10,"key":"Fire Potion"},{"floor":11,"key":"PowerPotion"},{"floor":18,"key":"Ancient Potion"}],"is_trial":false,"path_per_floor":["M","M","M","M","?","R","M","E","T","E","?","M","R","?","R","B",null,"M","$","?","?","M"],"character_chosen":"THE_SILENT","items_purchased":["Blood Vial","Caltrops"],"campfire_rested":1,"item_purchase_floors":[19,19],"current_hp_per_floor":[63,63,59,53,53,53,53,56,56,18,21,26,49,49,49,27,65,52,52,52,10,0,0],"gold":355,"neow_bonus":"ONE_RANDOM_RARE_CARD","is_daily":false,"chose_seed":false,"campfire_upgraded":2,"win_rate":0.0,"timestamp":1614087667,"path_taken":["M","M","M","M","?","R","M","E","T","E","?","M","R","?","R","BOSS","M","$","?","?","M"],"items_purchased_type":["Relic","Card"],"build_version":"2020-12-22","purchased_purges":1,"victory":false,"max_hp_per_floor":[70,70,70,70,70,70,70,77,77,77,77,77,77,77,77,77,77,77,77,77,77,77,77],"card_choices":[{"not_picked":["Crippling Poison","Accuracy"],"picked":"Flying Knee","floor":1},{"not_picked":["Finisher","Expertise"],"picked":"Slice","floor":2},{"not_picked":["Dodge and Roll","Prepared"],"picked":"Bane","floor":3},{"not_picked":["Setup","Choke"],"picked":"Burst","floor":4},{"not_picked":["Prepared","Dodge and Roll"],"picked":"Acrobatics","floor":7},{"not_picked":["Flying Knee","Prepared"],"picked":"Dagger Spray","floor":8},{"not_picked":["Leg Sweep","Tactician"],"picked":"Finisher","floor":10},{"not_picked":["Cloak And Dagger","Prepared"],"picked":"Dagger Throw","floor":11},{"not_picked":["Expertise","Dagger Spray"],"picked":"Noxious Fumes","floor":12},{"not_picked":["Night Terror","Burst"],"picked":"Envenom","floor":16},{"not_picked":[],"picked":"Terror","floor":18}],"player_experience":610385,"relics_obtained":[{"floor":8,"key":"Strawberry"},{"floor":9,"key":"Toy Ornithopter"},{"floor":10,"key":"Ancient Tea Set"},{"floor":11,"key":"Odd Mushroom"},{"floor":21,"key":"Red Mask"}],"event_choices":[{"damage_healed":0,"gold_gain":0,"player_choice":"Grow","damage_taken":0,"max_hp_gain":0,"max_hp_loss":0,"event_name":"Living Wall","floor":5,"gold_loss":0,"cards_upgraded":["Venomology"]},{"damage_healed":0,"gold_gain":0,"player_choice":"Fought Mushrooms","damage_taken":0,"max_hp_gain":0,"max_hp_loss":0,"event_name":"Mushrooms","floor":11,"gold_loss":0},{"damage_healed":0,"gold_gain":175,"player_choice":"AGREE","damage_taken":0,"max_hp_gain":0,"max_hp_loss":0,"event_name":"Liars Game","floor":14,"gold_loss":0,"cards_obtained":["Doubt"]},{"damage_healed":0,"gold_gain":0,"player_choice":"Opened","damage_taken":0,"relics_obtained":["Centennial Puzzle"],"max_hp_gain":0,"max_hp_loss":0,"event_name":"The Mausoleum","floor":20,"gold_loss":0,"cards_obtained":["Writhe"]},{"damage_healed":0,"gold_gain":0,"player_choice":"Fought Bandits","damage_taken":0,"max_hp_gain":0,"max_hp_loss":0,"event_name":"Masked Bandits","floor":21,"gold_loss":0}],"is_beta":false,"boss_relics":[{"not_picked":["Ectoplasm","Sozu"],"picked":"Busted Crown"}],"items_purged_floors":[19],"is_endless":false,"potions_floor_spawned":[1,4,7,10,11,18],"killed_by":"Spheric Guardian","ascension_level":6}}