{"host":"yq9izw6r1wt570l5","time":1614056002,"event":{"mods":["AchievementEnabler","BaseMod","BetterRewards","Colored Powertips","Downfall","Hermit","Infinite Spire","Jorbs\u0027s Wanderer Trilogy","Minty Spire (QoL Compilation)","Replay The Spire","StSLib","The Bladedancer","The Cursed","The Runesmith"],"gold_per_floor":[118,118,118,12,31,58,38,53,53,91,91,111,131,163,163,282,282,303,327,353,353,353,353,367,367],"floor_reached":24,"language":"ENG","playtime":1567,"items_purged":[],"score":208,"play_id":"759bc70f-af83-4796-a7e9-e0357d6731ee","local_time":"20210223015322","is_ascension_mode":false,"campfire_choices":[{"data":"hermit:Determination","floor":11,"key":"SMITH"},{"data":"hermit:Quickdraw","floor":15,"key":"SMITH"},{"data":"hermit:Determination","floor":23,"key":"SMITH"}],"circlet_count":0,"master_deck":["hermit:Strike_Hermit","hermit:Strike_Hermit","hermit:Defend_Hermit+1","hermit:Defend_Hermit+1","hermit:Snapshot+1","hermit:Covet+1","hermit:Malice","hermit:Quickdraw","hermit:Quickdraw+1","hermit:Determination+1","hermit:Gestalt","hermit:GhostlyPresence","hermit:HeroicBravado","hermit:Desperado","hermit:EyeOfTheStorm","stsjorbsmod:Procrastination","ReplayTheSpireMod:Restless Dread","hermit:TakeAim","hermit:Determination+1","hermit:HoleUp+1","Decay"],"relics":["hermit:Momento","infinitespire:BottledMercury","War Paint","Replay:Bandana","Bag of Marbles","Kintsugi","Replay:Wax Seal"],"acts_visited":["Exordium","TheCity"],"potions_floor_usage":[8,14,16,16,20,20,24],"damage_taken":[{"damage":0,"enemies":"Small Slimes","floor":1,"turns":3},{"damage":0,"enemies":"Cultist","floor":5,"turns":3},{"damage":2,"enemies":"Lagavulin","floor":6,"turns":6},{"damage":0,"enemies":"2 Louse","floor":8,"turns":2},{"damage":3,"enemies":"Gremlin Nob","floor":10,"turns":5},{"damage":8,"enemies":"2 Fungi Beasts","floor":12,"turns":2},{"damage":0,"enemies":"Blue Slaver","floor":13,"turns":1},{"damage":0,"enemies":"Large Slime","floor":14,"turns":2},{"damage":50,"enemies":"Hexaghost","floor":16,"turns":10},{"damage":6,"enemies":"Shell Parasite","floor":18,"turns":7},{"damage":3,"enemies":"2 Thieves","floor":19,"turns":5},{"damage":25,"enemies":"Cultist and Chosen","floor":20,"turns":7},{"damage":52,"enemies":"Gremlin Leader","floor":24,"turns":8}],"seed_played":"1518462852807258033","potions_obtained":[{"floor":1,"key":"Regen Potion"},{"floor":5,"key":"Elixir"},{"floor":7,"key":"hermit:Eclipse"},{"floor":8,"key":"AttackPotion"},{"floor":12,"key":"Swift Potion"},{"floor":16,"key":"Regen Potion"},{"floor":19,"key":"DistilledChaos"},{"floor":20,"key":"PowerPotion"}],"is_trial":false,"path_per_floor":["M","?","?","$","M","E","?","M","T","E","R","M","M","M","R","B",null,"M","M","M","T","?","R","E"],"character_chosen":"HERMIT","items_purchased":["hermit:Quickdraw","hermit:Determination"],"campfire_rested":0,"item_purchase_floors":[4,4],"current_hp_per_floor":[75,75,72,72,72,70,70,75,75,72,72,64,64,64,64,14,75,69,66,46,46,46,46,0,0],"gold":367,"neow_bonus":"UPGRADE_CARD","is_daily":false,"chose_seed":false,"campfire_upgraded":3,"win_rate":0.0,"timestamp":1614056002,"path_taken":["M","?","?","$","M","E","?","M","T","E","R","M","M","M","R","BOSS","M","M","M","?","?","R","E"],"items_purchased_type":["Card","Card"],"build_version":"2020-12-22","purchased_purges":0,"victory":false,"max_hp_per_floor":[75,75,75,75,75,75,75,75,75,75,75,75,75,75,75,75,75,75,75,75,75,75,75,75,75],"card_choices":[{"not_picked":["hermit:Desperado","hermit:Glare"],"picked":"hermit:Malice","floor":1},{"not_picked":["hermit:HoleUp","hermit:Dive"],"picked":"hermit:Gestalt","floor":5},{"not_picked":["hermit:Roulette","hermit:TrackingShot"],"picked":"hermit:GhostlyPresence","floor":6},{"not_picked":["hermit:Roulette","hermit:SprayPray"],"picked":"hermit:HeroicBravado","floor":8},{"not_picked":["hermit:WideOpen","hermit:Feint"],"picked":"hermit:Desperado","floor":10},{"not_picked":["hermit:WideOpen","hermit:TakeAim"],"picked":"hermit:EyeOfTheStorm","floor":12},{"not_picked":["hermit:Manifest","hermit:HighCaliber","hermit:ItchyTrigger"],"picked":"SKIP","floor":13},{"not_picked":["hermit:Manifest","hermit:HighCaliber","hermit:ItchyTrigger"],"picked":"SKIP","floor":13},{"not_picked":["hermit:FlashPowder","hermit:BodyArmor","hermit:Roulette"],"picked":"SKIP","floor":14},{"not_picked":["hermit:DeadOrAlive","hermit:FinalCanter"],"picked":"hermit:HighNoon","floor":16},{"not_picked":["hermit:Feint","hermit:Glare+1"],"picked":"hermit:TakeAim","floor":18},{"not_picked":["hermit:Headshot","hermit:LowProfile"],"picked":"hermit:Determination","floor":19},{"not_picked":["hermit:Manifest","hermit:Maintenance"],"picked":"hermit:HoleUp+1","floor":20}],"player_experience":95120,"relics_obtained":[{"floor":6,"key":"War Paint"},{"floor":9,"key":"Replay:Bandana"},{"floor":10,"key":"Bag of Marbles"},{"floor":21,"key":"Replay:Wax Seal"}],"event_choices":[{"damage_healed":0,"gold_gain":0,"player_choice":"Success","damage_taken":3,"relics_obtained":["infinitespire:BottledMercury"],"max_hp_gain":0,"max_hp_loss":0,"event_name":"Scrap Ooze","floor":3,"gold_loss":0},{"damage_healed":0,"gold_gain":0,"player_choice":"Bought 1 Potion","damage_taken":0,"max_hp_gain":0,"max_hp_loss":0,"event_name":"The Woman in Blue","floor":7,"gold_loss":0},{"damage_healed":0,"gold_gain":0,"player_choice":"Smashed Altar","damage_taken":0,"max_hp_gain":0,"max_hp_loss":0,"event_name":"Forgotten Altar","floor":22,"gold_loss":0,"cards_obtained":["Decay"]}],"is_beta":false,"boss_relics":[{"not_picked":["Runesmith:UraniumAnvil","ChewingGum"],"picked":"Kintsugi"}],"items_purged_floors":[],"is_endless":false,"potions_floor_spawned":[1,5,8,12,16,19,20],"killed_by":"Gremlin Leader","ascension_level":0}}