{"host":"lnc26sm36s9d8cik","time":1614085569,"event":{"mods":["Act Like it!","Bartender","BaseMod","Duelist Mod","GifTheSpireLib","Magitek Elite","Mimic Mod","Minty Spire (QoL Compilation)","Prisma Mod","Remilia??????","Ruina","Shade Mod","Spicy Shops","StSLib","The Administrix","The Alterego","The Animator","The Cursed","The Exalted","The Gatherer","The Hierophant","The Necromancer","The Poker Player","The Servant 0.9.4"],"gold_per_floor":[114,114,128,147,147,147,166,192,192,267,267,295,305,320,320,421,421,437,453,565,565,565,593,593,605,638,638,33,33,33,33,33,33,33],"floor_reached":33,"language":"ENG","playtime":2789,"items_purged":["Strike_B"],"score":273,"play_id":"22fd2fac-9274-417d-b157-5bfdd1958560","local_time":"20210223140609","is_ascension_mode":false,"campfire_choices":[{"data":"Lockon","floor":6.0,"key":"SMITH"},{"data":"Loop","floor":11.0,"key":"SMITH"},{"floor":15.0,"key":"REST"},{"data":"ruina:BlindRage","floor":24.0,"key":"SMITH"},{"data":"White Noise","floor":27.0,"key":"SMITH"},{"data":"Creative AI","floor":29.0,"key":"SMITH"},{"data":"Reboot","floor":32,"key":"SMITH"}],"circlet_count":0,"master_deck":["Strike_B","Strike_B","Strike_B","Defend_B","Defend_B","Defend_B","Defend_B+1","Zap+1","Dualcast","Gash","Amplify","Doom and Gloom","Lockon+1","FTL","Leap","Loop+1","Sweeping Beam","Self Repair","Reboot+1","Hologram+1","ruina:BlindRage+1","White Noise+1","Cold Snap+1","Hello World+1","Creative AI+1","Clumsy"],"relics":["Cracked Core","White Beast Statue","CaptainsWheel","WingedGreaves","Bromod:ArcaneGrace","ruina:Prescript","Tintinnabulum","Letter Opener","War Paint","TheAbacus","Bromod:ArcaneAvenger","ruina:FalsePresent"],"acts_visited":["Exordium","Exordium"],"potions_floor_usage":[33,33,33],"damage_taken":[{"damage":0.0,"enemies":"2 Louse","floor":1.0,"turns":4.0},{"damage":0.0,"enemies":"Small Slimes","floor":3.0,"turns":2.0},{"damage":0.0,"enemies":"Cultist","floor":4.0,"turns":3.0},{"damage":0.0,"enemies":"Large Slime","floor":7.0,"turns":3.0},{"damage":21.0,"enemies":"Lagavulin","floor":8.0,"turns":6.0},{"damage":27.0,"enemies":"3 Sentries","floor":12.0,"turns":5.0},{"damage":0.0,"enemies":"Looter","floor":13.0,"turns":2.0},{"damage":14.0,"enemies":"3 Louse","floor":14.0,"turns":3.0},{"damage":32.0,"enemies":"The Guardian","floor":16.0,"turns":8.0},{"damage":10.0,"enemies":"ruina:Nosferatu","floor":18.0,"turns":4.0},{"damage":92.0,"enemies":"ruina:3_Bats","floor":19.0,"turns":8.0},{"damage":20.0,"enemies":"ruina:ServantOfWrath","floor":23.0,"turns":5.0},{"damage":17.0,"enemies":"ruina:QueenOfHate","floor":25.0,"turns":5.0},{"damage":9.0,"enemies":"ruina:Woodsman","floor":26.0,"turns":4.0},{"damage":50,"enemies":"ruina:JesterOfNihil","floor":33,"turns":10}],"seed_played":"298506854972866547","potions_obtained":[{"floor":3.0,"key":"PotionOfCapacity"},{"floor":12.0,"key":"SpeedPotion"},{"floor":13.0,"key":"SkillPotion"},{"floor":16.0,"key":"DistilledChaos"},{"floor":19.0,"key":"Dexterity Potion"},{"floor":23.0,"key":"EssenceOfSteel"},{"floor":25.0,"key":"DuplicationPotion"},{"floor":26.0,"key":"EssenceOfSteel"}],"is_trial":false,"path_per_floor":["M","?","M","M","?","R","M","E","T","?","R","E","M","M","R","B",null,"M","M","?","?","?","E","R","M","MIM","R","$","R","?","?","R","B"],"character_chosen":"DEFECT","items_purchased":["Creative AI","War Paint","TheAbacus"],"campfire_rested":1,"item_purchase_floors":[28,28,28],"current_hp_per_floor":[82,82,82,82,82,82,82,61,61,50,50,23,23,23,47,22,82,80,37,37,37,37,27,28,27,34,35,36,37,38,35,36,0,0],"gold":33,"neow_bonus":"TEN_PERCENT_HP_BONUS","is_daily":false,"chose_seed":false,"campfire_upgraded":6,"win_rate":0.0,"timestamp":1614085569,"path_taken":["M","?","M","M","?","R","M","E","T","?","R","E","M","M","R","BOSS","M","M","?","?","?","E","R","M","MIM","R","$","R","?","?","R","BOSS"],"items_purchased_type":["Card","Relic","Relic"],"build_version":"2020-12-22","purchased_purges":1,"victory":false,"max_hp_per_floor":[82,82,82,82,82,82,82,82,82,82,82,82,82,82,82,82,82,82,82,82,76,76,76,76,76,76,76,76,76,76,71,71,71,71],"card_choices":[{"not_picked":["Redo","Go for the Eyes"],"picked":"Gash","floor":1.0},{"not_picked":["Hologram","Double Energy","Cold Snap"],"picked":"SKIP","floor":3.0},{"not_picked":["Steam","Melter"],"picked":"Leap","floor":4.0},{"not_picked":["Coolheaded","Hologram"],"picked":"Loop","floor":7.0},{"not_picked":["Darkness","Compile Driver","BootSequence"],"picked":"SKIP","floor":8.0},{"not_picked":["Reprogram","Coolheaded"],"picked":"Sweeping Beam","floor":12.0},{"not_picked":["Coolheaded","Conserve Battery"],"picked":"Self Repair","floor":13.0},{"not_picked":["Stack","Steam","Streamline"],"picked":"SKIP","floor":14.0},{"not_picked":["All For One","Seek"],"picked":"Reboot","floor":16.0},{"not_picked":["Aggregate","Force Field+1"],"picked":"Hologram+1","floor":18.0},{"not_picked":["Double Energy","Compile Driver","Melter"],"picked":"SKIP","floor":19.0},{"not_picked":["ruina:HomingInstinct","ruina:CrimsonScar"],"picked":"ruina:BlindRage","floor":21.0},{"not_picked":["Reinforced Body","Doom and Gloom"],"picked":"White Noise","floor":23.0},{"not_picked":["Compile Driver","Beam Cell+1"],"picked":"Cold Snap+1","floor":25.0},{"not_picked":["Force Field","Melter+1"],"picked":"Hello World+1","floor":26.0}],"player_experience":273367,"relics_obtained":[{"floor":8.0,"key":"White Beast Statue"},{"floor":9.0,"key":"CaptainsWheel"},{"floor":12.0,"key":"WingedGreaves"},{"floor":23.0,"key":"Tintinnabulum"},{"floor":26.0,"key":"Letter Opener"}],"event_choices":[{"cards_removed":["Glacier"],"damage_healed":0.0,"max_hp_gain":0.0,"max_hp_loss":0.0,"gold_gain":0.0,"event_name":"Living Wall","player_choice":"Forget","floor":5.0,"gold_loss":0.0,"damage_taken":0.0},{"damage_healed":0.0,"max_hp_gain":0.0,"max_hp_loss":0.0,"gold_gain":75.0,"event_name":"World of Goop","player_choice":"Gather Gold","floor":10.0,"gold_loss":0.0,"damage_taken":11.0}],"is_beta":false,"boss_relics":[{"not_picked":["Runic Pyramid","Runic Dome"],"picked":"Bromod:ArcaneGrace"}],"items_purged_floors":[28],"is_endless":false,"potions_floor_spawned":[3,12,13,14,16,18,19,23,25,26],"killed_by":"ruina:JesterOfNihil","ascension_level":0}}