{"host":"jruzzdd1waq9u00d","time":1614092333,"event":{"mods":["BaseMod","Colored Map","Colored Powertips","DeckTracker","KOR Keyword Fix","Minty Spire (QoL Compilation)","Permanent Neow","Quick Restart","Relic Stats","StSLib","SuperFastMode"],"gold_per_floor":[212,40,59,134,46,46,11,31,31,31,31,65,65,83,83,154,154,172,191,57,57,57,57,57],"floor_reached":23,"language":"KOR","playtime":501,"items_purged":["Strike_B"],"score":374,"play_id":"d48fee31-5044-4912-b531-7b478f6cbb11","local_time":"20210223235853","is_ascension_mode":true,"campfire_choices":[{"data":"Defragment","floor":6,"key":"SMITH"},{"data":"Zap","floor":10,"key":"SMITH"},{"data":"White Noise","floor":13,"key":"SMITH"},{"data":"Defragment","floor":15,"key":"SMITH"}],"circlet_count":0,"master_deck":["AscendersBane","Strike_B","Strike_B","Strike_B","Defend_B+1","Defend_B","Defend_B+1","Defend_B","Zap+1","Dualcast","Tempest","Defragment+1","BootSequence","White Noise+1","Defragment+1","Creative AI","Double Energy","Conserve Battery"],"relics":["Cracked Core","Runic Capacitor","War Paint","WingedGreaves","Busted Crown"],"acts_visited":["Exordium","TheCity"],"potions_floor_usage":[12],"damage_taken":[{"damage":2,"enemies":"Jaw Worm","floor":1,"turns":3},{"damage":4,"enemies":"Small Slimes","floor":3,"turns":4},{"damage":8,"enemies":"2 Louse","floor":8,"turns":3},{"damage":14,"enemies":"3 Sentries","floor":12,"turns":5},{"damage":13,"enemies":"Blue Slaver","floor":14,"turns":3},{"damage":23,"enemies":"Hexaghost","floor":16,"turns":9},{"damage":40,"enemies":"2 Thieves","floor":18,"turns":4},{"damage":13,"enemies":"Spheric Guardian","floor":19,"turns":4},{"damage":28,"enemies":"Book of Stabbing","floor":23,"turns":2}],"seed_played":"7249437471939269724","potions_obtained":[{"floor":8,"key":"AttackPotion"},{"floor":14,"key":"Strength Potion"}],"is_trial":false,"path_per_floor":["M","$","M","?","$","R","?","M","T","R","?","E","R","M","R","B",null,"M","M","$","?","?","E"],"character_chosen":"DEFECT","items_purchased":["Runic Capacitor","Defragment","Conserve Battery"],"campfire_rested":0,"item_purchase_floors":[2,5,20],"current_hp_per_floor":[62,62,58,47,47,47,64,56,56,56,61,47,47,34,34,11,60,20,7,7,7,22,0,0],"gold":57,"neow_bonus":"HUNDRED_GOLD","is_daily":false,"chose_seed":false,"campfire_upgraded":4,"win_rate":0.0,"timestamp":1614092333,"path_taken":["M","$","M","?","$","R","?","M","T","R","?","E","R","M","R","BOSS","M","M","$","?","?","E"],"items_purchased_type":["Relic","Card","Card"],"build_version":"2020-12-22","purchased_purges":1,"victory":false,"max_hp_per_floor":[71,71,71,71,71,71,71,71,71,71,76,76,76,76,76,76,76,76,76,76,76,76,76,76],"relic_stats":{"Busted Crown":4,"counters":[9,37],"War Paint":["Defend_B","Defend_B"],"obtain_stats":[{"Busted Crown":17,"WingedGreaves":12,"Runic Capacitor":2,"War Paint":9,"Cracked Core":0},{"Busted Crown":6,"WingedGreaves":4,"Runic Capacitor":1,"War Paint":3,"Cracked Core":0},{"Busted Crown":27,"WingedGreaves":15,"Runic Capacitor":3,"War Paint":10,"Cracked Core":0}]},"card_choices":[{"not_picked":["Barrage","Rebound","Steam"],"picked":"SKIP","floor":1},{"not_picked":["Doom and Gloom","Rebound","Tempest"],"picked":"SKIP","floor":3},{"not_picked":["Doom and Gloom","Rebound"],"picked":"Tempest","floor":3},{"not_picked":["Fusion","Compile Driver"],"picked":"BootSequence","floor":8},{"not_picked":["Reprogram","Stack"],"picked":"White Noise","floor":12},{"not_picked":["Scrape","Sweeping Beam"],"picked":"Defragment","floor":14},{"not_picked":["Multi-Cast","Seek"],"picked":"Creative AI","floor":16},{"not_picked":["Cold Snap"],"picked":"SKIP","floor":18},{"not_picked":[],"picked":"Double Energy","floor":19}],"player_experience":413693,"relics_obtained":[{"floor":9,"key":"War Paint"},{"floor":12,"key":"WingedGreaves"}],"event_choices":[{"damage_healed":0,"gold_gain":75,"player_choice":"Gather Gold","damage_taken":11,"max_hp_gain":0,"max_hp_loss":0,"event_name":"World of Goop","floor":4,"gold_loss":0},{"damage_healed":17,"gold_gain":0,"player_choice":"Healed","damage_taken":0,"max_hp_gain":0,"max_hp_loss":0,"event_name":"The Cleric","floor":7,"gold_loss":35},{"damage_healed":0,"gold_gain":0,"player_choice":"Donut","damage_taken":0,"max_hp_gain":5,"max_hp_loss":0,"event_name":"Big Fish","floor":11,"gold_loss":0},{"damage_healed":0,"gold_gain":0,"player_choice":"Ignored","damage_taken":0,"max_hp_gain":0,"max_hp_loss":0,"event_name":"The Mausoleum","floor":21,"gold_loss":0},{"damage_healed":15,"gold_gain":0,"player_choice":"Heal","damage_taken":0,"max_hp_gain":0,"max_hp_loss":0,"event_name":"The Library","floor":22,"gold_loss":0}],"is_beta":false,"boss_relics":[{"not_picked":["SacredBark","Empty Cage"],"picked":"Busted Crown"}],"items_purged_floors":[20],"is_endless":false,"potions_floor_spawned":[8,14],"killed_by":"Book of Stabbing","ascension_level":20}}