{"host":"l1pzlbpva2o8t11s","time":1614092865,"event":{"mods":["AchievementEnabler","BaseMod","Block Reminder","Colored Map","Minty Spire (QoL Compilation)","Random Character Button","Relic Stats","StSLib","The Jungle"],"gold_per_floor":[219,170,189,189,114,446,446,457,457,457,457,457,457,457,457,457,457],"floor_reached":16,"language":"ENG","playtime":669,"items_purged":["Strike_R"],"score":106,"play_id":"913db4e7-da1e-44c7-bbbf-5a4ddd06f82a","local_time":"20210223160745","is_ascension_mode":true,"campfire_choices":[{"floor":7,"key":"REST"},{"floor":11,"key":"REST"},{"floor":15,"key":"REST"}],"circlet_count":0,"master_deck":["Strike_R","Strike_R","Strike_R","Strike_R","Defend_R+1","Defend_R","Defend_R","Defend_R","Body Slam+1"],"relics":["Burning Blood","Old Coin","Golden Idol","Smiling Mask"],"acts_visited":["Exordium"],"potions_floor_usage":[6],"damage_taken":[{"damage":8,"enemies":"Jaw Worm","floor":1,"turns":4},{"damage":13,"enemies":"Small Slimes","floor":3,"turns":5},{"damage":54,"enemies":"3 Sentries","floor":6,"turns":17},{"damage":7,"enemies":"2 Louse","floor":8,"turns":3},{"damage":34,"enemies":"Hexaghost","floor":16,"turns":9}],"seed_played":"-1504927999704247237","potions_obtained":[{"floor":3,"key":"Fruit Juice"}],"is_trial":false,"path_per_floor":["M","$","M","?","$","E","R","M","T","?","R","?","?","T","R","B"],"character_chosen":"IRONCLAD","items_purchased":["Body Slam"],"campfire_rested":3,"item_purchase_floors":[2],"current_hp_per_floor":[78,78,71,64,64,21,46,45,45,28,53,58,36,36,63,29,29],"gold":457,"neow_bonus":"HUNDRED_GOLD","is_daily":false,"chose_seed":false,"campfire_upgraded":0,"win_rate":0.0,"timestamp":1614092865,"path_taken":["M","$","M","?","$","E","R","M","T","?","R","?","?","?","R","BOSS"],"items_purchased_type":["Card"],"build_version":"2020-12-22","purchased_purges":1,"victory":false,"max_hp_per_floor":[80,80,80,80,80,85,85,85,85,85,85,90,90,90,90,90,90],"relic_stats":{"counters":[5,38],"Golden Idol":0,"Smiling Mask":0,"obtain_stats":[{"Golden Idol":13,"Smiling Mask":14,"Burning Blood":0,"Old Coin":6},{"Golden Idol":4,"Smiling Mask":4,"Burning Blood":0,"Old Coin":3},{"Golden Idol":29,"Smiling Mask":29,"Burning Blood":0,"Old Coin":26}],"Burning Blood":24},"card_choices":[{"not_picked":["Havoc","Burning Pact","True Grit"],"picked":"SKIP","floor":1},{"not_picked":["Anger","Perfected Strike","Body Slam"],"picked":"SKIP","floor":3},{"not_picked":["Rage","Double Tap","Inflame"],"picked":"SKIP","floor":6},{"not_picked":["Perfected Strike","Clothesline","Sword Boomerang"],"picked":"SKIP","floor":8}],"player_experience":217131,"relics_obtained":[{"floor":6,"key":"Old Coin"},{"floor":14,"key":"Smiling Mask"}],"event_choices":[{"cards_removed":["Bash"],"damage_healed":0,"gold_gain":0,"player_choice":"Card Removal","damage_taken":7,"max_hp_gain":0,"max_hp_loss":0,"event_name":"Golden Wing","floor":4,"gold_loss":0},{"damage_healed":0,"gold_gain":0,"player_choice":"Entered Light","damage_taken":17,"max_hp_gain":0,"max_hp_loss":0,"event_name":"Shining Light","floor":10,"gold_loss":0,"cards_upgraded":["Defend_R","Body Slam"]},{"damage_healed":0,"gold_gain":0,"player_choice":"Donut","damage_taken":0,"max_hp_gain":5,"max_hp_loss":0,"event_name":"Big Fish","floor":12,"gold_loss":0},{"damage_healed":0,"gold_gain":0,"player_choice":"Take Damage","damage_taken":22,"relics_obtained":["Golden Idol"],"max_hp_gain":0,"max_hp_loss":0,"event_name":"Golden Idol","floor":13,"gold_loss":0}],"is_beta":false,"boss_relics":[],"items_purged_floors":[5],"is_endless":false,"potions_floor_spawned":[3],"killed_by":"Hexaghost","ascension_level":2}}