{"host":"d2gh6suihlstufn7","time":1614064461,"event":{"mods":["AchievementEnabler","BaseMod","Colored Map","Colored Powertips","Minty Spire (QoL Compilation)","Permanent Neow","Quick Restart","StSLib","SuperFastMode"],"gold_per_floor":[16,16,16,16,34,34,54,54,54,54,79,105,105,129,129,129,129],"floor_reached":16,"language":"KOR","playtime":296,"items_purged":[],"score":90,"play_id":"91432fdf-cc15-46e8-95f9-dd1a21811e4e","local_time":"20210223161421","is_ascension_mode":false,"campfire_choices":[{"data":"Juggernaut","floor":6,"key":"SMITH"},{"data":"Barricade","floor":8,"key":"SMITH"},{"data":"Evolve","floor":10,"key":"SMITH"},{"floor":15,"key":"REST"}],"circlet_count":0,"master_deck":["Strike_R","Strike_R","Strike_R","Strike_R","Strike_R","Defend_R+1","Defend_R+1","Defend_R","Defend_R","Bash","Juggernaut+1","Perfected Strike","Injury","Regret","Barricade+1","Evolve+1","Pain","Shrug It Off"],"relics":["Burning Blood","Golden Idol","War Paint","Molten Egg 2","Oddly Smooth Stone","WarpedTongs"],"acts_visited":["Exordium"],"potions_floor_usage":[7],"damage_taken":[{"damage":6,"enemies":"Jaw Worm","floor":1,"turns":4},{"damage":4,"enemies":"Cultist","floor":5,"turns":4},{"damage":7,"enemies":"Small Slimes","floor":7,"turns":6},{"damage":46,"enemies":"Exordium Thugs","floor":11,"turns":6},{"damage":30,"enemies":"2 Fungi Beasts","floor":14,"turns":5},{"damage":41,"enemies":"Slime Boss","floor":16,"turns":3}],"seed_played":"8170044917083689510","potions_obtained":[{"floor":5,"key":"Block Potion"},{"floor":11,"key":"Swift Potion"},{"floor":14,"key":"BlessingOfTheForge"}],"is_trial":false,"path_per_floor":["M","?","?","$","M","R","M","R","T","R","M","T","?","M","R","B"],"character_chosen":"IRONCLAD","items_purchased":[],"campfire_rested":1,"item_purchase_floors":[],"current_hp_per_floor":[80,80,80,80,80,80,79,79,79,79,39,39,39,15,39,0,0],"gold":129,"neow_bonus":"THREE_RARE_CARDS","is_daily":false,"chose_seed":false,"campfire_upgraded":3,"win_rate":0.0,"timestamp":1614064461,"path_taken":["M","?","?","$","?","R","M","R","T","R","M","?","?","?","R","BOSS"],"items_purchased_type":[],"build_version":"2020-12-22","purchased_purges":0,"victory":false,"max_hp_per_floor":[80,80,80,80,80,80,80,80,80,80,80,80,80,80,80,80,80],"card_choices":[{"not_picked":["Corruption","Brutality"],"picked":"Juggernaut","floor":0},{"not_picked":["Heavy Blade","Flex"],"picked":"Perfected Strike","floor":1},{"not_picked":["Heavy Blade","Headbutt"],"picked":"Barricade","floor":5},{"not_picked":["Pommel Strike","Headbutt"],"picked":"Evolve","floor":7},{"not_picked":["Seeing Red","Dropkick+1","Clash+1"],"picked":"SKIP","floor":11},{"not_picked":["Warcry","Uppercut+1"],"picked":"Shrug It Off","floor":14}],"player_experience":162206,"relics_obtained":[{"floor":9,"key":"Molten Egg 2"},{"floor":12,"key":"Oddly Smooth Stone"}],"event_choices":[{"damage_healed":0,"gold_gain":0,"player_choice":"Take Wound","damage_taken":0,"relics_obtained":["Golden Idol"],"max_hp_gain":0,"max_hp_loss":0,"event_name":"Golden Idol","floor":2,"gold_loss":0,"cards_obtained":["Injury"]},{"damage_healed":0,"gold_gain":0,"player_choice":"Box","damage_taken":0,"relics_obtained":["War Paint"],"max_hp_gain":0,"max_hp_loss":0,"event_name":"Big Fish","floor":3,"gold_loss":0,"cards_obtained":["Regret"]},{"damage_healed":0,"gold_gain":0,"player_choice":"Rummage","damage_taken":0,"relics_obtained":["WarpedTongs"],"max_hp_gain":0,"max_hp_loss":0,"event_name":"Accursed Blacksmith","floor":13,"gold_loss":0,"cards_obtained":["Pain"]}],"is_beta":false,"boss_relics":[],"items_purged_floors":[],"is_endless":false,"potions_floor_spawned":[5,11,14],"killed_by":"Slime Boss","ascension_level":0}}