{"host":"oehe2dxjvdgux73m","time":1614104472,"event":{"mods":["AchievementEnabler","BaseMod","Colored Map","Colored Powertips","DeckTracker","Keyboard Shortcuts","Minty Spire (QoL Compilation)","Permanent Neow","Quick Restart","StSLib","SuperFastMode"],"gold_per_floor":[13,30,30,48,61,61,61,61,61,133,133,133,147,72,72,72,72],"floor_reached":16,"language":"KOR","playtime":295,"items_purged":[],"score":180,"play_id":"48405436-38a4-4b06-abfb-5d5e595f6038","local_time":"20210224032112","is_ascension_mode":true,"campfire_choices":[{"data":"Concentrate","floor":6.0,"key":"SMITH"},{"floor":12.0,"key":"REST"},{"data":"Predator","floor":15.0,"key":"SMITH"}],"circlet_count":0,"master_deck":["AscendersBane","Strike_G","Strike_G","Strike_G","Defend_G","Defend_G","Defend_G","Survivor","Neutralize","Predator+1","Expertise","Concentrate+1","Escape Plan","Backstab","Quick Slash","Deadly Poison+1","Tactician+1"],"relics":["Ring of the Snake","Toxic Egg 2","Frozen Egg 2","Dream Catcher"],"acts_visited":["Exordium"],"potions_floor_usage":[16,16],"damage_taken":[{"damage":7.0,"enemies":"Jaw Worm","floor":1.0,"turns":4.0},{"damage":0.0,"enemies":"2 Louse","floor":2.0,"turns":2.0},{"damage":0.0,"enemies":"Small Slimes","floor":4.0,"turns":2.0},{"damage":0.0,"enemies":"3 Louse","floor":5.0,"turns":5.0},{"damage":9.0,"enemies":"Large Slime","floor":13.0,"turns":7.0},{"damage":33,"enemies":"Slime Boss","floor":16,"turns":5}],"seed_played":"-4800854157518414804","potions_obtained":[{"floor":4.0,"key":"SneckoOil"},{"floor":5.0,"key":"LiquidBronze"},{"floor":13.0,"key":"Strength Potion"}],"is_trial":false,"path_per_floor":["M","M","?","M","M","R","$","?","T","?","?","R","M","?","R","B"],"character_chosen":"THE_SILENT","items_purchased":[],"campfire_rested":1,"item_purchase_floors":[],"current_hp_per_floor":[52,52,52,52,52,52,52,17,17,17,17,36,27,27,27,0,0],"gold":72,"neow_bonus":"TRANSFORM_TWO_CARDS","is_daily":false,"chose_seed":false,"campfire_upgraded":2,"win_rate":0.0,"timestamp":1614104472,"path_taken":["M","M","?","M","M","R","$","?","T","?","?","R","M","?","R","BOSS"],"items_purchased_type":[],"build_version":"2020-12-22","purchased_purges":0,"victory":false,"max_hp_per_floor":[66,66,66,66,66,66,66,66,66,66,66,66,66,66,66,66,66],"card_choices":[{"not_picked":["PiercingWail","Deadly Poison"],"picked":"Concentrate","floor":1.0},{"not_picked":["Finisher","Outmaneuver"],"picked":"Escape Plan","floor":2.0},{"not_picked":["Concentrate","Footwork"],"picked":"Quick Slash","floor":4.0},{"not_picked":["Quick Slash","Bouncing Flask","Terror"],"picked":"SKIP","floor":5.0},{"not_picked":["Setup+1","Bane"],"picked":"Deadly Poison+1","floor":12.0},{"not_picked":["Bane","Expertise+1"],"picked":"Tactician+1","floor":13.0}],"player_experience":504053,"relics_obtained":[{"floor":9.0,"key":"Frozen Egg 2"}],"event_choices":[{"damage_healed":0.0,"max_hp_gain":0.0,"max_hp_loss":0.0,"gold_gain":0.0,"cards_transformed":["Strike_G"],"event_name":"Living Wall","player_choice":"Change","floor":3.0,"gold_loss":0.0,"damage_taken":0.0,"cards_obtained":["Backstab"]},{"damage_healed":0.0,"max_hp_gain":0.0,"max_hp_loss":0.0,"gold_gain":0.0,"event_name":"Scrap Ooze","player_choice":"Success","floor":8.0,"gold_loss":0.0,"damage_taken":35.0,"relics_obtained":["Toxic Egg 2"]},{"damage_healed":0.0,"max_hp_gain":0.0,"max_hp_loss":0.0,"gold_gain":72.0,"event_name":"Golden Wing","player_choice":"Gained Gold","floor":10.0,"gold_loss":0.0,"damage_taken":0.0},{"damage_healed":0.0,"max_hp_gain":0.0,"max_hp_loss":0.0,"gold_gain":0.0,"event_name":"Dead Adventurer","player_choice":"Searched \u00272\u0027 times","floor":11.0,"gold_loss":0.0,"damage_taken":0.0,"relics_obtained":["Dream Catcher"]},{"cards_removed":["Defend_G"],"damage_healed":0.0,"max_hp_gain":0.0,"max_hp_loss":0.0,"gold_gain":0.0,"event_name":"The Cleric","player_choice":"Card Removal","floor":14.0,"gold_loss":75.0,"damage_taken":0.0}],"is_beta":false,"boss_relics":[],"items_purged_floors":[],"is_endless":false,"potions_floor_spawned":[4,5,13],"killed_by":"Slime Boss","ascension_level":20}}