{"host":"og21o26alpnbwmz8","time":1614040867,"event":{"mods":["2.2 Compatiblity","Act Like it!","Aspiration","BaseMod","Conspire","Downfall","Gensokyo","GungeonMod","Halation","Hubris","Jedi Mod","Mimic Mod","Minty Spire (QoL Compilation)","Pale of the Ancients","Reliquary","Replay The Spire","Shop Mod","Spikes Relics","StSLib","The Alterego","The Animator","The Blue Laboratory","The Bug Knight","The Exalted","The Marked","The Poker Player","Waifu the Spire","Yuri Mod"],"gold_per_floor":[99,109,109,120,140,97,97,97,25,25,25,25,25,25,25,25,25,25,25,25,25,25,25,25,10,10,10,10,31,31,55,79,210,210,10,48,48,78,87,116,458,458,497,397,425,458,475,395,415,437,437,507,19,19,57,65],"floor_reached":57,"language":"ENG","playtime":3000,"items_purged":["Guardian:Strike_Guardian","hubris:Compulsion"],"score":1626,"play_id":"1aed353a-78fa-4865-8662-c87e590ba92e","local_time":"20210222194107","is_ascension_mode":false,"campfire_choices":[{"data":"expansioncontent:QuickStudy","floor":8,"key":"SMITH"},{"data":"Guardian:RollAttack","floor":10,"key":"SMITH"},{"floor":18,"key":"RECALL"},{"data":"Guardian:FloatingOrbs","floor":30,"key":"SMITH"},{"data":"Slimebound:Darklings","floor":44,"key":"SMITH"},{"data":"Guardian:ConstructionForm","floor":54,"key":"SMITH"}],"circlet_count":0,"master_deck":["Guardian:Defend_Guardian","Guardian:Defend_Guardian","Guardian:Defend_Guardian","Guardian:Defend_Guardian","Guardian:CurlUp","Guardian:TwinSlam+1","Die Die Die","Guardian:ShieldSpikes","Guardian:RollAttack+1","expansioncontent:QuickStudy+1","Guardian:ConstructionForm","Guardian:ArmoredProtocol+1","Guardian:GuardianWhirl","Guardian:ConstructionForm+1","Guardian:SpikerProtocol+1","Guardian:FloatingOrbs+1","Guardian:SpikerProtocol+1","Slimebound:Darklings+1","Injury","Parasite","Guardian:EvasiveProtocol+1"],"relics":["Guardian:ModeShifter","jedi:ominousloannote","Replay:Bandana","Sundial","hubris:Icosahedron","Anchor","DemoMod:GlassGuonStoneRelic","Snecko Heart","halation:EternalFortune","hubris:BottledHeart","Gremlin Food","reliquary:IridiumChain","aspiration:RitualStick","RoseTintedShades","halation:Prosthetics","downfall:HeartBlessingRed","downfall:HeartBlessingBlue","downfall:ExtraCursedKey","Old Coin","Iron Hammer","conspire:GlowingRock","downfall:HeartBlessingGreen","Pondfish Scales","aspiration:Lifesprig","halation:LettersToHer","Mummified Hand","Art of War"],"acts_visited":["Exordium","TheCity","TheBeyond","TheEnding"],"potions_floor_usage":[16,50],"damage_taken":[{"damage":0,"enemies":"Cultist","floor":2,"turns":2},{"damage":1,"enemies":"Jaw Worm","floor":4,"turns":2},{"damage":5,"enemies":"Small Slimes","floor":5,"turns":5},{"damage":0,"enemies":"downfall:FleeingMerchant","floor":6,"turns":4},{"damage":0,"enemies":"downfall:FleeingMerchant","floor":9,"turns":4},{"damage":0,"enemies":"downfall:LooterAlt","floor":11,"turns":4},{"damage":0,"enemies":"Lagavulin","floor":13,"turns":6},{"damage":0,"enemies":"Exordium Wildlife","floor":14,"turns":5},{"damage":1,"enemies":"Large Slime","floor":15,"turns":6},{"damage":52,"enemies":"WA_ARCHETYPE_RETAIN","floor":16,"turns":8},{"damage":0,"enemies":"Chosen","floor":19,"turns":5},{"damage":0,"enemies":"Book of Stabbing","floor":23,"turns":5},{"damage":0,"enemies":"downfall:FleeingMerchant","floor":25,"turns":4},{"damage":0,"enemies":"Spheric Guardian","floor":27,"turns":4},{"damage":0,"enemies":"3 Cultists","floor":28,"turns":4},{"damage":0,"enemies":"Gremlin Leader","floor":29,"turns":5},{"damage":0,"enemies":"Cultist and Chosen","floor":31,"turns":5},{"damage":0,"enemies":"Snecko","floor":32,"turns":4},{"damage":0,"enemies":"SI_MIRROR_ARCHETYPE","floor":33,"turns":6},{"damage":0,"enemies":"Orb Walker","floor":36,"turns":4},{"damage":0,"enemies":"3 Shapes","floor":38,"turns":2},{"damage":0,"enemies":"downfall:FleeingMerchant","floor":39,"turns":4},{"damage":0,"enemies":"Jaw Worm Horde","floor":40,"turns":3},{"damage":0,"enemies":"Transient","floor":41,"turns":6},{"damage":0,"enemies":"Reptomancer","floor":43,"turns":6},{"damage":0,"enemies":"Transient","floor":45,"turns":5},{"damage":0,"enemies":"Sphere and 2 Shapes","floor":46,"turns":3},{"damage":0,"enemies":"Writhing Mass","floor":47,"turns":6},{"damage":0,"enemies":"downfall:FleeingMerchant","floor":48,"turns":4},{"damage":0,"enemies":"Spire Growth","floor":49,"turns":5},{"damage":0,"enemies":"IC_BLOCK_ARCHETYPE","floor":50,"turns":8},{"damage":0,"enemies":"downfall:CharBossMerchant","floor":52,"turns":7},{"damage":0,"enemies":"downfall:NeowBoss","floor":55,"turns":4},{"damage":0,"enemies":"downfall:NeowBossFinal","floor":56,"turns":5}],"seed_played":"-6522156427898539344","potions_obtained":[{"floor":11,"key":"Energy Potion"},{"floor":13,"key":"blueLaboratory:HorrorPotion"},{"floor":14,"key":"blueLaboratory:AbyssPotion"},{"floor":15,"key":"AttackPotion"},{"floor":16,"key":"Energy Potion"},{"floor":31,"key":"LifebloodPotion"}],"is_trial":false,"path_per_floor":["R","M","?","M","M","$","T","R","$","R","M","?","E","M","M","B",null,"R","M","?","?","T","E","T","$","?","M","M","E","R","M","M","B",null,"R","M","?","M","$","M","MIM","?","E","R","M","M","M","$","M","B",null,"E","$","R","B","B",null],"character_chosen":"GUARDIAN","items_purchased":["jedi:ominousloannote","Replay:Bandana","expansioncontent:QuickStudy","Guardian:ArmoredProtocol+1","Pondfish Scales","aspiration:Lifesprig","Mummified Hand","Art of War"],"campfire_rested":0,"item_purchase_floors":[6,6,6,9,48,48,53,53],"current_hp_per_floor":[80,80,80,79,74,74,74,74,74,74,74,74,80,80,79,27,80,80,80,83,1,1,1,1,1,1,1,1,1,1,1,1,1,1,1,1,1,1,1,1,1,1,1,1,1,1,1,1,1,1,1,1,1,1,1,1],"gold":65,"neow_bonus":"UPGRADE_CARD","is_daily":false,"chose_seed":false,"campfire_upgraded":5,"win_rate":0.0,"timestamp":1614040867,"path_taken":["R","M","?","?","M","?","T","R","$","R","M","?","E","M","M","BOSS","R","M","?","?","?","E","T","$","?","M","M","E","R","M","M","BOSS","R","M","?","M","$","M","MIM","?","E","R","M","M","M","$","M","BOSS","E","$","R","BOSS","BOSS"],"items_purchased_type":["Relic","Relic","Card","Card","Relic","Relic","Relic","Relic"],"build_version":"2020-12-22","purchased_purges":2,"victory":true,"max_hp_per_floor":[80,80,80,80,80,80,80,80,80,80,80,80,80,80,80,80,80,80,80,83,1,1,1,1,1,1,1,1,1,1,1,1,1,1,1,1,1,1,1,1,1,1,1,1,1,1,1,1,1,1,1,1,1,1,1,1],"card_choices":[{"not_picked":["Guardian:DecasProtection","Guardian:BronzeArmor"],"picked":"Guardian:Gem_Cyan","floor":2},{"not_picked":["Guardian:Recover","Guardian:ChargeCore"],"picked":"Guardian:ShieldSpikes","floor":4},{"not_picked":["Guardian:TemporalShield","Guardian:ShieldCharger"],"picked":"Guardian:Gem_Fragmented","floor":5},{"not_picked":["Guardian:WalkerClaw","Guardian:TemporalStrike"],"picked":"Guardian:RollAttack","floor":6},{"not_picked":["Guardian:Gem_Lightblue","Guardian:Incinerate"],"picked":"Guardian:ConstructionForm","floor":9},{"not_picked":["Guardian:Emergency","Guardian:Recover"],"picked":"Guardian:Gem_Lightblue","floor":11},{"not_picked":["Guardian:TimeSifter","Guardian:GemFire","Guardian:Gem_Green"],"picked":"SKIP","floor":13},{"not_picked":["Guardian:BodySlam","Guardian:PiercingHide","Guardian:Harden"],"picked":"SKIP","floor":14},{"not_picked":["Guardian:ChargeUp","Guardian:TemporalStrike"],"picked":"Guardian:GuardianWhirl","floor":15},{"not_picked":["Guardian:GemFire","Guardian:FierceBash"],"picked":"Guardian:ConstructionForm","floor":16},{"not_picked":["Guardian:Reroute","Guardian:TemporalStrike","Guardian:WalkerClaw"],"picked":"SKIP","floor":19},{"not_picked":["Guardian:WalkerClaw","Guardian:Emergency"],"picked":"Guardian:SpikerProtocol+1","floor":23},{"not_picked":["Guardian:RollAttack+1","Guardian:TimeBomb+1","Guardian:FuturePlans"],"picked":"SKIP","floor":25},{"not_picked":["Guardian:Gem_Cyan","Guardian:Reroute","Guardian:Planning+1"],"picked":"SKIP","floor":27},{"not_picked":["Guardian:TemporalShield","Guardian:Gem_Fragmented","Guardian:Planning"],"picked":"SKIP","floor":28},{"not_picked":["Guardian:Gem_Blue","Guardian:ShieldCharger"],"picked":"Guardian:FloatingOrbs","floor":29},{"not_picked":["Guardian:Gem_Yellow","Guardian:Planning+1","Guardian:Recover"],"picked":"SKIP","floor":31},{"not_picked":["Guardian:ChargeUp+1","Guardian:RefractedBeam+1"],"picked":"Guardian:SpikerProtocol+1","floor":32},{"not_picked":["Guardian:ShieldSpikes","Guardian:WalkerClaw+1","Guardian:BronzeOrb"],"picked":"SKIP","floor":36},{"not_picked":["Guardian:Suspension+1","Guardian:Repulse+1","Guardian:PolyBeam"],"picked":"SKIP","floor":38},{"not_picked":["Guardian:CrystalBeam+1","Guardian:Reroute","Guardian:Gem_Crimson"],"picked":"SKIP","floor":39},{"not_picked":["Guardian:Recover","Guardian:SphericShield","Guardian:SpikerProtocol+1"],"picked":"SKIP","floor":40},{"not_picked":["Guardian:Harden+1","Guardian:StasisField","Guardian:Gem_Fragmented"],"picked":"SKIP","floor":43},{"not_picked":["Guardian:TemporalStrike","Guardian:Gem_Green","Guardian:Gem_Red"],"picked":"SKIP","floor":45},{"not_picked":["Guardian:BronzeArmor","Guardian:ChargeCore+1","Guardian:CrystalBeam"],"picked":"SKIP","floor":46},{"not_picked":["Guardian:FuturePlans+1","Guardian:PiercingHide","Guardian:ArmoredProtocol+1"],"picked":"SKIP","floor":47},{"not_picked":["Guardian:Recover","Guardian:Gem_Lightblue"],"picked":"Guardian:EvasiveProtocol+1","floor":48},{"not_picked":["Guardian:PrimingBeam","Guardian:CrystalBeam","Guardian:Gem_Crimson"],"picked":"SKIP","floor":49},{"not_picked":["Guardian:PrimingBeam","Guardian:PolyBeam","Guardian:SpikerProtocol"],"picked":"SKIP","floor":52}],"player_experience":435028,"relics_obtained":[{"floor":7,"key":"Sundial"},{"floor":13,"key":"Anchor"},{"floor":23,"key":"Gremlin Food"},{"floor":24,"key":"reliquary:IridiumChain"},{"floor":29,"key":"RoseTintedShades"},{"floor":41,"key":"Old Coin"},{"floor":43,"key":"conspire:GlowingRock"},{"floor":52,"key":"halation:LettersToHer"}],"event_choices":[],"is_beta":false,"boss_relics":[{"not_picked":["halation:PinkAlligatorPlush","aspiration:RitualDagger"],"picked":"Snecko Heart"},{"not_picked":["SacredBark","halation:SmartPhone"],"picked":"halation:Prosthetics"}],"items_purged_floors":[6,53],"is_endless":false,"potions_floor_spawned":[11,13,14,15,16,27,28,29,31,36,38,40,45],"ascension_level":0}}