{"host":"gk9qdtkqd8dwfeg2","time":1614091916,"event":{"mods":["Act Like it!","Aspiration","BaseMod","Colored Powertips","Gensokyo","Minty Spire (QoL Compilation)","Quick Restart","Reimu£®≤©¿ˆ¡È√Œ£©","Remilia£®¿Ÿ√◊¿Ú—«£©","Replay The Spire","Shop Mod","StSLib","TestMod","The Servant 0.9.4","Waifu the Spire","Youmu£®ªÍ∆«—˝√Œ£©","°æ“≈ŒÔø®≈∆°øREMEMod"],"gold_per_floor":[144,144,72,117,162,452,542,542,542,472,472,472,517,607,607,907,907,952,952,327,66,466,556,556,646,646,646,246,536,536,626,626,926,1076,1121,444,444,489,489,579,669,714,739,829,829,874,68,113,113,113],"floor_reached":51,"language":"ZHS","playtime":1796,"items_purged":["Envy_TH","Writhe"],"score":1325,"play_id":"8d637136-f897-4ccc-9a53-3c7f35745214","local_time":"20210223225156","daily_mods":["Draft","Flight","Midas"],"is_ascension_mode":false,"campfire_choices":[{"floor":8.0,"key":"REST"},{"floor":15.0,"key":"REST"},{"data":"1","floor":24,"key":"LIFT"},{"data":"2","floor":30,"key":"LIFT"},{"data":"3","floor":32,"key":"LIFT"},{"floor":49,"key":"REST"}],"circlet_count":0,"master_deck":["DeusExMachina","Flame Barrier","Feel No Pain","Defy Death","Bloodletting","REME_FearOfPain","Body Slam+1","Shrug It Off","ReplayReversal","Fire Breathing+1","Second Wind","ReplayTheSpireMod:Scrap Shanks","Evolve","Immolate","Armaments+1","Battle Trance","Seeing Red","Berserk+1","REME_SingleHolding","Shockwave","Power Through","Dual Wield","Abandon+1","Reaper+1","ReplayReversal","Feel No Pain+1","A Thousand Cuts+1","REME_SpectralBlade","Entrench","Dark Embrace+1","Corruption+1","Pommel Strike"],"relics":["Burning Blood","testmod-TestBox","REME_ComplimentaryCards","testmod-TimeTraveler","testmod-TurbochargingSystem","Replay:PocketPolymizer","Akabeko","King of Hearts","Ring of Peace","ReplayTheSpireMod:Ring of Collecting","Runic Cube","ReplayTheSpireMod:CursedCoin","MerchantsRug","Girya","aspiration:HummingbirdHeart","Orrery","ReplayTheSpireMod:Lightbulb","testmod-OneHitWonder","Ring of Misfortune","Frozen Egg 2","Gensokyo:MosesMiracle","Happy Flower","Bronze Scales","Anchor","REME_IWantAll","testmod-Alchemist","Tiny House","Unceasing Top","Bag of Marbles","HandDrill","Replay:Baseball","Pear","Ring of Fury","aspiration:Lifesprig","Vajra","TheAbacus","Medical Kit","TentaclePot:ReiMu","ClockworkSouvenir","Sling","ScarletDevilRocket"],"acts_visited":["Exordium","Gensokyo:Gensokyo","Gensokyo:Gensokyoer"],"potions_floor_usage":[33,50,50],"damage_taken":[{"damage":1.0,"enemies":"Gensokyo:Gryphon","floor":1.0,"turns":3.0},{"damage":0.0,"enemies":"Gensokyo:3_Fairies","floor":4.0,"turns":3.0},{"damage":4.0,"enemies":"Gensokyo:2_Kodama","floor":5.0,"turns":2.0},{"damage":15.0,"enemies":"Gensokyo:Aya","floor":6.0,"turns":6.0},{"damage":0.0,"enemies":"Gensokyo:Cirno","floor":7.0,"turns":4.0},{"damage":0.0,"enemies":"Gensokyo:Kitsune","floor":13.0,"turns":2.0},{"damage":0.0,"enemies":"Gensokyo:Mamizou","floor":14.0,"turns":5.0},{"damage":0.0,"enemies":"Gensokyo:Reimu","floor":16.0,"turns":6.0},{"damage":0,"enemies":"Gensokyo:CosmicMonolith","floor":18,"turns":2},{"damage":11,"enemies":"Gensokyo:Reisen","floor":23,"turns":6},{"damage":32,"enemies":"Gensokyo:Tenshi","floor":25,"turns":4},{"damage":4,"enemies":"Gensokyo:Koishi","floor":29,"turns":4},{"damage":9,"enemies":"Gensokyo:Reisen","floor":31,"turns":4},{"damage":0,"enemies":"Gensokyo:Kaguya","floor":33,"turns":6},{"damage":0,"enemies":"Gensokyo:3_Bats","floor":35,"turns":2},{"damage":10,"enemies":"Gensokyo:AncientGuardian","floor":38,"turns":6},{"damage":0,"enemies":"Gensokyo:Doremy","floor":40,"turns":6},{"damage":0,"enemies":"Gensokyo:Marisa","floor":41,"turns":4},{"damage":6,"enemies":"Gensokyo:3_Boulders","floor":42,"turns":4},{"damage":0,"enemies":"Gensokyo:Kasen","floor":44,"turns":4},{"damage":0,"enemies":"Gensokyo:AtlasGolem","floor":46,"turns":4},{"damage":0,"enemies":"Gensokyo:Rafflesia","floor":48,"turns":5},{"damage":0,"enemies":"Gensokyo:Scarlet_Devils","floor":50,"turns":7}],"seed_played":"-7386017133472573341","potions_obtained":[{"floor":1.0,"key":"DuplicationPotion"},{"floor":4.0,"key":"LifebloodPotion"},{"floor":6.0,"key":"Cursed Concoction"},{"floor":14.0,"key":"CultistPotion"},{"floor":34,"key":"AttackPotion"},{"floor":35,"key":"ZuzhouPotion:ReiMu"},{"floor":38,"key":"Swift Potion"},{"floor":40,"key":"PowerPotion"}],"is_trial":false,"path_per_floor":["M","?","COS","M","M","E","E","R","T","?","?","?","M","E","R","B",null,"M","?","$","COS","?","E","R","E","T","?","$","E","R","E","R","B",null,"M","$","?","M","?","E","E","M","T","E","?","M","COS","M","R","B",null],"character_chosen":"IRONCLAD","items_purchased":["ReplayTheSpireMod:CursedCoin","MerchantsRug","Girya","aspiration:HummingbirdHeart","Happy Flower","Bronze Scales","Unceasing Top","Bag of Marbles","HandDrill","Feel No Pain+1"],"campfire_rested":3,"item_purchase_floors":[20,20,20,20,28,28,36,36,36,36],"current_hp_per_floor":[80,80,80,80,80,71,77,80,80,80,80,80,80,80,80,80,80,80,80,80,80,80,75,75,49,49,49,49,51,51,48,48,54,85,85,85,85,81,81,85,95,95,95,95,95,95,95,95,95,95],"gold":113,"neow_bonus":"","is_daily":true,"chose_seed":false,"campfire_upgraded":0,"win_rate":0.0,"timestamp":1614091916,"path_taken":["M","?","COS","?","M","E","E","R","T","?","?","?","M","E","R","BOSS","M","?","$","COS","?","E","R","E","T","?","$","E","R","E","R","BOSS","M","$","?","?","?","E","E","M","T","E","?","?","COS","M","R","BOSS"],"items_purchased_type":["Relic","Relic","Relic","Relic","Relic","Relic","Relic","Relic","Relic","Card"],"build_version":"2020-12-22","purchased_purges":2,"victory":true,"max_hp_per_floor":[80,80,80,80,80,80,80,80,80,80,80,80,80,80,80,80,80,80,80,80,80,80,80,80,80,80,80,80,80,80,80,80,80,85,85,85,85,85,85,85,95,95,95,95,95,95,95,95,95,95],"card_choices":[{"not_picked":["Wild Strike","Run Through"],"picked":"Flame Barrier","floor":0.0},{"not_picked":["Intimidate","Armaments"],"picked":"Feel No Pain","floor":0.0},{"not_picked":["Warcry","Wild Strike"],"picked":"Heavy Blade","floor":0.0},{"not_picked":["ReplayTheSpireMod:Limb From Limb","Run Through"],"picked":"Defy Death","floor":0.0},{"not_picked":["Massacre","Clothesline"],"picked":"Sword Boomerang","floor":0.0},{"not_picked":["Seeing Red","Headbutt"],"picked":"Bloodletting","floor":0.0},{"not_picked":["Pommel Strike","Reckless Charge"],"picked":"REME_FearOfPain","floor":0.0},{"not_picked":["ReplayTheSpireMod:Stacked","Thunderclap"],"picked":"Body Slam","floor":0.0},{"not_picked":["Flex","Headbutt"],"picked":"Shrug It Off","floor":0.0},{"not_picked":["Reckless Charge","Sentinel"],"picked":"Thunderclap","floor":0.0},{"not_picked":["Bloodletting","Run Through"],"picked":"ReplayReversal","floor":0.0},{"not_picked":["Blood for Blood","True Grit"],"picked":"Fire Breathing","floor":0.0},{"not_picked":["Cleave","Clash"],"picked":"Flex","floor":0.0},{"not_picked":["Run Through","Body Slam"],"picked":"Blood for Blood","floor":0.0},{"not_picked":["Havoc","Heavy Blade"],"picked":"Combust","floor":0.0},{"not_picked":["Twin Strike","Defy Death"],"picked":"Second Wind","floor":1.0},{"not_picked":["Pommel Strike","Sentinel"],"picked":"Evolve","floor":4.0},{"not_picked":["Clash","Heavy Blade","Twin Strike"],"picked":"SKIP","floor":5.0},{"not_picked":["Body Slam","Headbutt"],"picked":"Immolate","floor":6.0},{"not_picked":["Flex","Body Slam"],"picked":"Armaments","floor":7.0},{"not_picked":["Life Link","Body Slam"],"picked":"Battle Trance","floor":13.0},{"not_picked":["Combust","Headbutt","Body Slam"],"picked":"SKIP","floor":14.0},{"not_picked":["Brutality","REME_Fury"],"picked":"Berserk","floor":16.0},{"not_picked":["Clash+1","Heavy Blade"],"picked":"REME_SingleHolding","floor":18},{"not_picked":["Intimidate","Infernal Blade"],"picked":"Shockwave","floor":21},{"not_picked":["Pommel Strike+1","Entrench+1"],"picked":"ReplayTheSpireMod:Muscle Training","floor":21},{"not_picked":["Anger","Pommel Strike"],"picked":"REME_FearOfPain","floor":21},{"not_picked":["Havoc","Flame Barrier+1","Flex"],"picked":"SKIP","floor":23},{"not_picked":["Run Through+1","Eclipse"],"picked":"Power Through","floor":25},{"not_picked":["Heavy Blade","Armaments","Sword Boomerang+1"],"picked":"SKIP","floor":29},{"not_picked":["Twin Strike","Seeing Red"],"picked":"Abandon+1","floor":31},{"not_picked":["Demonic Infusion","Replay:Many Hands"],"picked":"Reaper","floor":33},{"not_picked":["Run Through","Headbutt"],"picked":"ReplayReversal","floor":34},{"not_picked":["Life Link+1","Spot Weakness","Massacre+1"],"picked":"SKIP","floor":35},{"not_picked":["Heavy Blade","Wild Strike"],"picked":"Entrench","floor":38},{"not_picked":["Inflame+1","Infernal Blade"],"picked":"Dark Embrace+1","floor":40},{"not_picked":["Headbutt+1","Clash","Inflame+1"],"picked":"SKIP","floor":41},{"not_picked":["Clothesline","Armaments","Perfected Strike"],"picked":"SKIP","floor":42},{"not_picked":["Sever Soul","Combust+1"],"picked":"Corruption+1","floor":44},{"not_picked":["Life Link+1","Warcry","Headbutt+1"],"picked":"SKIP","floor":46},{"not_picked":["Perfected Strike","Replay:Undeath\u0027s Touch","Disarm"],"picked":"SKIP","floor":48}],"player_experience":832368,"relics_obtained":[{"floor":6.0,"key":"Replay:PocketPolymizer"},{"floor":7.0,"key":"Akabeko"},{"floor":9.0,"key":"King of Hearts"},{"floor":12.0,"key":"Ring of Peace"},{"floor":12.0,"key":"ReplayTheSpireMod:Ring of Collecting"},{"floor":14.0,"key":"Counterbalance"},{"floor":23,"key":"ReplayTheSpireMod:Lightbulb"},{"floor":25,"key":"testmod-OneHitWonder"},{"floor":26,"key":"Ring of Misfortune"},{"floor":26,"key":"Frozen Egg 2"},{"floor":29,"key":"Anchor"},{"floor":31,"key":"testmod-Alchemist"},{"floor":33,"key":"Gensokyo:MosesMiracle"},{"floor":40,"key":"Replay:Baseball"},{"floor":41,"key":"Pear"},{"floor":43,"key":"Ring of Fury"},{"floor":43,"key":"aspiration:Lifesprig"},{"floor":44,"key":"Vajra"}],"event_choices":[],"is_beta":false,"boss_relics":[{"not_picked":["Astrolabe","Replay:Drink Me"],"picked":"Runic Cube"},{"not_picked":["ReplayTheSpireMod:DimensionalGlitch","testmod-DeterminationOfClimber"],"picked":"Tiny House"}],"items_purged_floors":[20,28],"is_endless":false,"potions_floor_spawned":[1,4,6,14,25,35,38,40,48],"ascension_level":0}}