{"host":"ve9aztkoyqeblvav","time":1614084555,"event":{"mods":["Act Like it!","Aspiration","BaseMod","Colored Map","Colored Powertips","Highlight Path","Marked Mod","Minty Spire (QoL Compilation)","Pale of the Ancients","Quick Restart","Reorder Act Four","StSLib","The Hierophant","Waifu the Spire"],"gold_per_floor":[111,111,111,111,186,186,197,197,245,245,277,290,306,322,322,401,401,421,421,136,51,51,51,51,51,51],"floor_reached":25,"language":"ZHS","playtime":543,"items_purged":["Strike_B"],"score":494,"play_id":"eadc8163-8a04-4033-bfda-27604519bc19","local_time":"20210223204915","is_ascension_mode":true,"campfire_choices":[{"data":"Redo","floor":6,"key":"SMITH"},{"data":"Dualcast","floor":8,"key":"SMITH"},{"floor":10,"key":"REST"},{"data":"Ball Lightning","floor":15,"key":"SMITH"},{"data":"Genetic Algorithm","floor":23,"key":"SMITH"}],"circlet_count":0,"master_deck":["AscendersBane","Strike_B","Defend_B+1","Defend_B","Defend_B","Defend_B+1","Zap+1","Dualcast+1","Rainbow+1","Redo+1","Turbo","Ball Lightning+1","Cold Snap","White Noise","Buffer","Genetic Algorithm+1","Rip and Tear","Static Discharge","White Noise"],"relics":["Cracked Core","Mercury Hourglass","War Paint","Juzu Bracelet","Inserter","Art of War","Pear"],"acts_visited":["Exordium","TheCity"],"potions_floor_usage":[16,16,25],"damage_taken":[{"damage":5,"enemies":"Jaw Worm","floor":1,"turns":5},{"damage":0,"enemies":"Small Slimes","floor":7,"turns":3},{"damage":18,"enemies":"Lagavulin","floor":11,"turns":4},{"damage":0,"enemies":"2 Louse","floor":12,"turns":1},{"damage":9,"enemies":"Exordium Wildlife","floor":13,"turns":3},{"damage":0,"enemies":"3 Louse","floor":14,"turns":1},{"damage":0,"enemies":"Slime Boss","floor":16,"turns":5},{"damage":20,"enemies":"Shell Parasite","floor":18,"turns":5},{"damage":34,"enemies":"Slavers","floor":25,"turns":2}],"seed_played":"5051782947377844597","potions_obtained":[{"floor":11,"key":"DistilledChaos"},{"floor":12,"key":"Fire Potion"},{"floor":18,"key":"GamblersBrew"}],"is_trial":false,"path_per_floor":["M","?","T","?","?","R","M","R","T","R","E","M","M","M","R","B",null,"M","?","$","?","?","R","?","E"],"character_chosen":"DEFECT","items_purchased":["White Noise","Art of War"],"campfire_rested":1,"item_purchase_floors":[20,20],"current_hp_per_floor":[59,59,59,40,29,29,29,29,29,48,30,30,21,21,21,21,53,33,33,33,43,43,43,43,9,9],"gold":51,"neow_bonus":"THREE_RARE_CARDS","is_daily":false,"chose_seed":false,"campfire_upgraded":4,"win_rate":0.0,"timestamp":1614084555,"path_taken":["M","?","?","?","?","R","?","R","T","R","E","M","M","M","R","BOSS","M","?","$","?","?","R","?","E"],"items_purchased_type":["Card","Relic"],"build_version":"2020-12-22","purchased_purges":1,"victory":false,"max_hp_per_floor":[64,64,64,64,64,64,64,64,64,64,64,64,64,64,64,64,64,64,64,64,74,74,74,74,74,74],"card_choices":[{"not_picked":["Reboot","Biased Cognition"],"picked":"Rainbow","floor":0},{"not_picked":["Doom and Gloom","Go for the Eyes"],"picked":"Redo","floor":1},{"not_picked":["Beam Cell","Fusion","Melter"],"picked":"SKIP","floor":7},{"not_picked":["Chill","Conserve Battery"],"picked":"Turbo","floor":11},{"not_picked":["Hologram","Leap"],"picked":"Ball Lightning","floor":12},{"not_picked":["Fusion","Sweeping Beam"],"picked":"Cold Snap","floor":13},{"not_picked":["Gash","Heatsinks"],"picked":"White Noise","floor":14},{"not_picked":["All For One","Amplify"],"picked":"Buffer","floor":16},{"not_picked":["Streamline+1","Hello World"],"picked":"Genetic Algorithm","floor":18}],"player_experience":1682919,"relics_obtained":[{"floor":3,"key":"Mercury Hourglass"},{"floor":9,"key":"War Paint"},{"floor":11,"key":"Juzu Bracelet"}],"event_choices":[{"damage_healed":0,"gold_gain":0,"player_choice":"Ignored","damage_taken":0,"max_hp_gain":0,"max_hp_loss":0,"event_name":"Liars Game","floor":2,"gold_loss":0},{"damage_healed":0,"gold_gain":0,"player_choice":"Entered Light","damage_taken":19,"max_hp_gain":0,"max_hp_loss":0,"event_name":"Shining Light","floor":4,"gold_loss":0,"cards_upgraded":["Rainbow","Defend_B"]},{"damage_healed":0,"gold_gain":75,"player_choice":"Gather Gold","damage_taken":11,"max_hp_gain":0,"max_hp_loss":0,"event_name":"World of Goop","floor":5,"gold_loss":0},{"damage_healed":0,"gold_gain":0,"cards_transformed":["Strike_B","Strike_B"],"player_choice":"Became Test Subject","damage_taken":0,"max_hp_gain":0,"max_hp_loss":0,"event_name":"Drug Dealer","floor":19,"gold_loss":0,"cards_obtained":["Rip and Tear","Static Discharge"]},{"damage_healed":0,"gold_gain":0,"player_choice":"Obtained Relic","damage_taken":0,"relics_obtained":["Pear"],"max_hp_gain":0,"max_hp_loss":0,"event_name":"Addict","floor":21,"gold_loss":85},{"damage_healed":0,"gold_gain":0,"player_choice":"Ignored","damage_taken":0,"max_hp_gain":0,"max_hp_loss":0,"event_name":"The Mausoleum","floor":22,"gold_loss":0},{"damage_healed":0,"gold_gain":0,"player_choice":"Ignored","damage_taken":0,"max_hp_gain":0,"max_hp_loss":0,"event_name":"Vampires","floor":24,"gold_loss":0}],"is_beta":false,"boss_relics":[{"not_picked":["Velvet Choker","aspiration:WatcherSkillbook"],"picked":"Inserter"}],"items_purged_floors":[20],"is_endless":false,"potions_floor_spawned":[11,12,18],"killed_by":"Slavers","ascension_level":20}}