{"host":"a57oumegxze0vmhs","time":1614115640,"event":{"mods":["AchievementEnabler","BaseMod","Colored Powertips","Minty Spire (QoL Compilation)","Relic Stats"],"gold_per_floor":[116,116,129,147,117,146,146,161,161,161,236,268,268,296,296,296,296],"floor_reached":16,"language":"ENG","playtime":651,"items_purged":[],"score":195,"play_id":"2e6360b6-e500-47dc-ab4e-460a26bc5046","local_time":"20210223232720","is_ascension_mode":true,"campfire_choices":[{"floor":7.0,"key":"REST"},{"floor":10.0,"key":"REST"},{"floor":15.0,"key":"REST"}],"circlet_count":0,"master_deck":["AscendersBane","Strike_G","Strike_G","Strike_G","Strike_G","Defend_G","Defend_G","Defend_G","Defend_G","Defend_G","Survivor","Neutralize","PiercingWail","Deadly Poison","Poisoned Stab","Dagger Throw","Flying Knee","Dash","Footwork"],"relics":["SlaversCollar","CaptainsWheel","Blue Candle","InkBottle","Question Card"],"acts_visited":[],"potions_floor_usage":[],"damage_taken":[{"damage":4.0,"enemies":"Jaw Worm","floor":1.0,"turns":5.0},{"damage":6.0,"enemies":"Cultist","floor":3.0,"turns":5.0},{"damage":0.0,"enemies":"2 Louse","floor":4.0,"turns":3.0},{"damage":0.0,"enemies":"Looter","floor":5.0,"turns":4.0},{"damage":33.0,"enemies":"3 Sentries","floor":6.0,"turns":14.0},{"damage":7.0,"enemies":"2 Fungi Beasts","floor":8.0,"turns":4.0},{"damage":17.0,"enemies":"Lagavulin","floor":12.0,"turns":7.0},{"damage":10.0,"enemies":"3 Sentries","floor":14.0,"turns":8.0},{"damage":0,"enemies":"The Guardian","floor":16,"turns":1}],"seed_played":"-1800697317231863583","potions_obtained":[{"floor":1.0,"key":"Energy Potion"},{"floor":6.0,"key":"Energy Potion"}],"is_trial":false,"path_per_floor":["M","?","M","M","M","E","R","M","T","R","?","E","?","E","R","B"],"character_chosen":"THE_SILENT","items_purchased":[],"campfire_rested":3,"item_purchase_floors":[],"current_hp_per_floor":[59,59,53,53,53,20,41,34,34,55,44,27,27,17,38,38,38],"gold":296,"neow_bonus":"BOSS_RELIC","is_daily":false,"chose_seed":false,"campfire_upgraded":0,"win_rate":0.0,"timestamp":1614115640,"path_taken":["M","?","M","M","?","E","R","M","T","R","?","E","?","E","R","BOSS"],"items_purchased_type":[],"build_version":"2020-12-22","purchased_purges":0,"victory":false,"max_hp_per_floor":[70,70,70,70,70,70,70,70,70,70,70,70,70,70,70,70,70],"relic_stats":{"counters":[4,20],"Blue Candle":[0],"Question Card":0,"obtain_stats":[{"SlaversCollar":0,"CaptainsWheel":6,"Blue Candle":9,"Question Card":14,"InkBottle":12},{"SlaversCollar":0,"CaptainsWheel":0,"Blue Candle":1,"Question Card":3,"InkBottle":2},{"SlaversCollar":0,"CaptainsWheel":0,"Blue Candle":4,"Question Card":19,"InkBottle":11}],"InkBottle":[2]},"card_choices":[{"not_picked":["Tactician","Dodge and Roll"],"picked":"PiercingWail","floor":1.0},{"not_picked":["Choke","Deflect"],"picked":"Deadly Poison","floor":3.0},{"not_picked":["Tactician","Slice","Outmaneuver"],"picked":"SKIP","floor":4.0},{"not_picked":["Outmaneuver","Endless Agony"],"picked":"Poisoned Stab","floor":5.0},{"not_picked":["Flying Knee","Accuracy"],"picked":"Dagger Throw","floor":6.0},{"not_picked":["Distraction","PiercingWail"],"picked":"Flying Knee","floor":8.0},{"not_picked":["Backstab","Bane"],"picked":"Dash","floor":12.0},{"not_picked":["Backflip","Acrobatics"],"picked":"Footwork","floor":14.0}],"player_experience":463409,"relics_obtained":[{"floor":6.0,"key":"CaptainsWheel"},{"floor":9.0,"key":"Blue Candle"},{"floor":12.0,"key":"InkBottle"},{"floor":14.0,"key":"Question Card"}],"event_choices":[{"cards_removed":["Strike_G"],"damage_healed":0.0,"max_hp_gain":0.0,"max_hp_loss":0.0,"gold_gain":0.0,"event_name":"Bonfire Elementals","player_choice":"Offered Basic","floor":2.0,"gold_loss":0.0,"damage_taken":0.0},{"damage_healed":0.0,"max_hp_gain":0.0,"max_hp_loss":0.0,"gold_gain":75.0,"event_name":"World of Goop","player_choice":"Gather Gold","floor":11.0,"gold_loss":0.0,"damage_taken":11.0},{"damage_healed":0.0,"max_hp_gain":0.0,"max_hp_loss":0.0,"gold_gain":0.0,"event_name":"Shining Light","player_choice":"Ignored","floor":13.0,"gold_loss":0.0,"damage_taken":0.0}],"is_beta":false,"boss_relics":[],"items_purged_floors":[],"is_endless":false,"potions_floor_spawned":[1,6,14],"killed_by":"The Guardian","ascension_level":13}}