{"host":"yqazfdli2lwbgxvm","time":1614065726,"event":{"mods":["Act Like it!","Arknights","BaseMod","Minty Spire (QoL Compilation)","MostiFishMod","Relic Stats","Reliquary","RumiaBox-露米娅的神秘盒子","StSLib","[IsaacMod]以撒尖塔","篝火指南"],"gold_per_floor":[118,193,243,243,258,292,292,320,320,320,338,356,376,-1357,-1357,-1259,-1259,16,16,47,118,138,170,182,182,182,207,207,225,225,258,258,361,361,379,601,613,632,644,671,691,291,291,323,33,61,61,73,73,73,73,73,1,29,29],"floor_reached":56,"language":"ZHS","playtime":2600,"items_purged":["ats:Defend"],"score":1613,"play_id":"04fafd45-4692-47c4-b975-4509470eab7f","local_time":"20210223153526","is_ascension_mode":true,"campfire_choices":[{"floor":7,"key":"REST"},{"floor":10,"key":"REST"},{"data":"ats:Soul Absorption","floor":15,"key":"SMITH"},{"data":"ats:Burning Ground","floor":28,"key":"SMITH"},{"data":"1","floor":32,"key":"LIFT"},{"floor":49,"key":"RECALL"},{"data":"2","floor":52,"key":"LIFT"}],"circlet_count":0,"master_deck":["ats:Strike C","ats:Strike G","ats:Strike S","ats:Strike V","ats:Armor Crushing Shot+1","ats:Defend","ats:Defend","ats:Defend","ats:Emotion Absorption+1","ats:Soul Absorption+1","ats:Shadow Raid","ats:Beaten Up","ats:Volcano","ats:Automatic Cover","ats:Shadow Raid","ats:Burning Ground+1","ats:Sunburst","ats:Shadow Assault","ats:Flame Of Heaven","ats:Curse Doll","ats:Mental Burst","ats:Guardian Obelisk+1","ats:Rat Pack","ats:Calcification","ats:Guardian Obelisk","ats:Wolf Pack","ats:Ignite","ats:Very Hot Blade","ats:Closed Bolt Burst Fire","ats:Composite Medical Shells","ats:Counter Healing Mode","ats:Absolute Focus+1","ats:Burning Ground","Sadistic Nature","ats:Ignite+1","ats:Part Time Job+1"],"relics":["ats:Sanity","HushsDoor","DaveBox","HaiYi:Twilight","Leech","SynthV:TestCard","DeathBook","Bag of Preparation","ats:Originium","BookOfRevelations","HornCleat","reliquary:QuartzCube","reliquary:JackalopeAntler","SynthV:MejaisSoulstealer","GuanYuAspect","Red Mask","MagicDraw3","StoneCalendar","Girya","RhineSuit","ats:Emergency Defibrillator","D6","Art of War","ats:Berate","reliquary:Sod","reliquary:RoseTintedGlasses","ats:Military Tradition"],"acts_visited":["Exordium","TheCity","TheBeyond","TheEnding"],"potions_floor_usage":[3,8,16,33,33,50,55,55],"damage_taken":[{"damage":3,"enemies":"2 Louse","floor":1,"turns":3},{"damage":30,"enemies":"Hiden Room Battle","floor":3,"turns":6},{"damage":1,"enemies":"Jaw Worm","floor":5,"turns":2},{"damage":0,"enemies":"Gremlin Nob","floor":6,"turns":3},{"damage":26,"enemies":"Lagavulin","floor":8,"turns":6},{"damage":0,"enemies":"Cultist","floor":11,"turns":2},{"damage":0,"enemies":"Gremlin Gang","floor":12,"turns":3},{"damage":2,"enemies":"Looter","floor":13,"turns":3},{"damage":21,"enemies":"The Guardian","floor":16,"turns":8},{"damage":0,"enemies":"2 Thieves","floor":18,"turns":3},{"damage":0,"enemies":"Masked Bandits","floor":20,"turns":3},{"damage":0,"enemies":"Spheric Guardian","floor":22,"turns":3},{"damage":0,"enemies":"Gremlin Leader","floor":23,"turns":4},{"damage":0,"enemies":"Snake Plant","floor":24,"turns":3},{"damage":1,"enemies":"Book of Stabbing","floor":27,"turns":3},{"damage":0,"enemies":"Shelled Parasite and Fungi","floor":29,"turns":4},{"damage":0,"enemies":"Gremlin Leader","floor":31,"turns":3},{"damage":15,"enemies":"Collector","floor":33,"turns":4},{"damage":8,"enemies":"3 Shapes","floor":35,"turns":4},{"damage":3,"enemies":"3 Darklings","floor":37,"turns":4},{"damage":0,"enemies":"Spire Growth","floor":38,"turns":4},{"damage":0,"enemies":"Sphere and 2 Shapes","floor":39,"turns":4},{"damage":0,"enemies":"Giant Head","floor":40,"turns":4},{"damage":0,"enemies":"Maw","floor":41,"turns":4},{"damage":0,"enemies":"Reptomancer","floor":44,"turns":3},{"damage":0,"enemies":"Giant Head","floor":46,"turns":5},{"damage":0,"enemies":"4 Shapes","floor":48,"turns":3},{"damage":39,"enemies":"Awakened One","floor":50,"turns":7},{"damage":0,"enemies":"Shield and Spear","floor":54,"turns":2},{"damage":83,"enemies":"The Heart","floor":55,"turns":8}],"seed_played":"1580422499897385275","potions_obtained":[{"floor":1,"key":"DistilledChaos"},{"floor":3,"key":"EssenceOfSteel"},{"floor":8,"key":"ats:Burn Big Potion"},{"floor":11,"key":"Explosive Potion"},{"floor":20,"key":"ats:Burn Small Potion"},{"floor":22,"key":"SneckoOil"},{"floor":40,"key":"Energy Potion"},{"floor":44,"key":"SpeedPotion"},{"floor":48,"key":"Regen Potion"}],"is_trial":false,"path_per_floor":["M","?","?","?","M","E","R","E","T","R","M","M","M","$","R","B",null,"M","$","?","?","M","E","M","?","T","E","R","M","?","E","R","B",null,"M","?","M","M","M","E","M","R","T","E","$","E","?","M","R","B",null,"R","$","E","B",null],"character_chosen":"DOCTOR_CLASS","items_purchased":["reliquary:JackalopeAntler","ats:Sunburst","SynthV:MejaisSoulstealer","ats:Counter Healing Mode","D6","ats:Burning Ground","reliquary:Sod","LiquidBronze"],"campfire_rested":2,"item_purchase_floors":[14,14,14,42,42,45,45,53],"current_hp_per_floor":[78,67,27,11,12,14,37,16,16,39,41,44,44,44,44,29,40,40,40,40,25,29,40,40,40,40,40,40,40,40,40,40,37,40,35,35,40,40,40,40,40,40,40,40,40,40,40,40,40,40,40,40,40,40,16],"gold":29,"neow_bonus":"TEN_PERCENT_HP_BONUS","is_daily":false,"chose_seed":false,"campfire_upgraded":2,"win_rate":0.0,"timestamp":1614065726,"path_taken":["M","?","?","?","M","E","R","E","T","R","M","M","M","$","R","BOSS","M","$","?","?","M","E","M","?","T","E","R","M","?","E","R","BOSS","M","?","M","M","M","E","M","R","T","E","$","E","?","M","R","BOSS","R","$","E","BOSS"],"items_purchased_type":["Relic","Card","Relic","Card","Relic","Card","Relic","Potion"],"build_version":"2020-12-22","purchased_purges":1,"victory":true,"max_hp_per_floor":[79,79,79,79,79,79,79,79,79,79,79,79,79,79,79,79,40,40,40,40,40,40,40,40,40,40,40,40,40,40,40,40,40,40,40,40,40,40,40,40,40,40,40,40,40,40,40,40,40,40,40,40,40,40,40],"relic_stats":{"counters":[30,114],"StoneCalendar":[52],"Bag of Preparation":[56],"Art of War":[3],"obtain_stats":[{"DaveBox":0,"StoneCalendar":27,"RhineSuit":34,"Bag of Preparation":3,"reliquary:QuartzCube":9,"MagicDraw3":23,"Leech":0,"DeathBook":3,"HornCleat":8,"GuanYuAspect":17,"ats:Berate":44,"ats:Emergency Defibrillator":40,"reliquary:RoseTintedGlasses":46,"Red Mask":20,"ats:Sanity":0,"KeepersGift":0,"Girya":31,"SynthV:MejaisSoulstealer":14,"BookOfRevelations":6,"reliquary:JackalopeAntler":14,"reliquary:Sod":45,"D6":42,"SynthV:TestCard":1,"HaiYi:Twilight":0,"ats:Originium":6,"Art of War":43,"HushsDoor":0,"ats:Military Tradition":54},{"DaveBox":0,"StoneCalendar":15,"RhineSuit":18,"Bag of Preparation":2,"reliquary:QuartzCube":5,"MagicDraw3":13,"Leech":0,"DeathBook":2,"HornCleat":5,"GuanYuAspect":9,"ats:Berate":25,"ats:Emergency Defibrillator":23,"reliquary:RoseTintedGlasses":26,"Red Mask":11,"ats:Sanity":0,"KeepersGift":0,"Girya":17,"SynthV:MejaisSoulstealer":8,"BookOfRevelations":4,"reliquary:JackalopeAntler":8,"reliquary:Sod":25,"D6":24,"SynthV:TestCard":1,"HaiYi:Twilight":0,"ats:Originium":4,"Art of War":24,"HushsDoor":0,"ats:Military Tradition":29},{"DaveBox":0,"StoneCalendar":54,"RhineSuit":65,"Bag of Preparation":9,"reliquary:QuartzCube":20,"MagicDraw3":48,"Leech":0,"DeathBook":9,"HornCleat":20,"GuanYuAspect":35,"ats:Berate":89,"ats:Emergency Defibrillator":83,"reliquary:RoseTintedGlasses":94,"Red Mask":41,"ats:Sanity":0,"KeepersGift":0,"Girya":61,"SynthV:MejaisSoulstealer":28,"BookOfRevelations":14,"reliquary:JackalopeAntler":28,"reliquary:Sod":89,"D6":86,"SynthV:TestCard":3,"HaiYi:Twilight":0,"ats:Originium":14,"Art of War":86,"HushsDoor":0,"ats:Military Tradition":106}]},"card_choices":[{"not_picked":["ats:Very Hot Blade","ats:Shadow Raid"],"picked":"ats:Soul Absorption","floor":1},{"not_picked":["ats:Revitalization","ats:Explosion Area Strengthen","ats:Powerful Strike","ats:LN2 Cannon"],"picked":"ats:Shadow Raid","floor":3},{"not_picked":["ats:Assault Order","ats:Curse Doll","ats:Flexible Camouflage","ats:Song Of Battle"],"picked":"ats:Beaten Up","floor":5},{"not_picked":["ats:LN2 Cannon","ats:Shell Defense","ats:Literary Storm","ats:Ignite"],"picked":"ats:Volcano","floor":6},{"not_picked":["ats:Leaping Hammer","ats:Consecutive Shot Auto","ats:Very Hot Blade","ats:Powerful Strike"],"picked":"ats:Automatic Cover","floor":8},{"not_picked":["ats:Explosion Area Strengthen","ats:Powerful Strike","ats:Healing Strengthening","ats:Very Hot Blade"],"picked":"ats:Shadow Raid","floor":11},{"not_picked":["ats:Guard Mode","ats:Cat Scratch","ats:Composite Medical Shells","ats:Leaping Hammer","ats:Healing Strengthening"],"picked":"SKIP","floor":12},{"not_picked":["ats:Nebulous Foxfire","ats:Curse Doll","ats:Ignite","ats:Sashimi Platter"],"picked":"ats:Burning Ground","floor":13},{"not_picked":["ats:Rat Pack","ats:True Silver Slash","ats:Durian","ats:Soul Rend"],"picked":"ats:Shadow Assault","floor":16},{"not_picked":["ats:Revitalization","ats:Guard Mode","ats:Shell Defense+1","ats:Absolute Focus"],"picked":"ats:Flame Of Heaven","floor":18},{"not_picked":["ats:Guard Mode","ats:Cat Scratch+1","ats:Hammer On+1","ats:Collapsing Strike"],"picked":"ats:Curse Doll","floor":22},{"not_picked":["ats:Flexible Camouflage","ats:Very Hot Blade","ats:Apocalypse","ats:Ignite+1"],"picked":"ats:Mental Burst","floor":23},{"not_picked":["ats:Closed Bolt Burst Fire","ats:Apocalypse","ats:Consecutive Shot Auto","ats:Ignite+1"],"picked":"ats:Guardian Obelisk+1","floor":24},{"not_picked":["ats:Guard Mode","ats:Apocalypse","ats:Mental Burst+1","ats:Poison Spread"],"picked":"ats:Calcification","floor":27},{"not_picked":["ats:Magnetic Hammer","ats:Support Order","ats:Powerful Strike","ats:Blood Oath","ats:Consecutive Shot Auto"],"picked":"SKIP","floor":29},{"not_picked":["ats:Disruption Kick","ats:Closed Bolt Burst Fire","ats:Part Time Job","ats:Collapsing Strike"],"picked":"ats:Guardian Obelisk","floor":31},{"not_picked":["ats:Calcification","ats:Soul Rend","ats:Dogmatic Field","ats:Fractured Body"],"picked":"ats:Wolf Pack","floor":33},{"not_picked":["ats:Leaping Hammer","ats:Beaten Up+1","ats:Support Order","ats:Hammer On"],"picked":"ats:Ignite","floor":35},{"not_picked":["ats:Explosion Area Strengthen","ats:Cat Scratch+1","ats:Neurotoxin","ats:Support Order+1","ats:Phantom"],"picked":"SKIP","floor":37},{"not_picked":["ats:Magnetic Hammer","ats:Revitalization+1","ats:Assault Order","ats:Directed Diagnosis"],"picked":"ats:Very Hot Blade","floor":38},{"not_picked":["ats:Charging Defense","ats:Revitalization+1","ats:Hook Shot","ats:Overload+1"],"picked":"ats:Closed Bolt Burst Fire","floor":39},{"not_picked":["ats:Revitalization","ats:Disruption Kick","ats:Directed Diagnosis","ats:Encircling Forest"],"picked":"ats:Composite Medical Shells","floor":40},{"not_picked":["ats:Leaping Hammer","ats:Assault Order+1","ats:Guard Mode","ats:Shell Defense+1","ats:Consecutive Shot Auto"],"picked":"SKIP","floor":41},{"not_picked":["ats:Consecutive Shot Auto","ats:Rat Pack","ats:Poison Spread","ats:Very Hot Blade"],"picked":"ats:Absolute Focus+1","floor":44},{"not_picked":["ats:Revitalization+1","ats:Thorns","ats:Serious Mode+1","ats:Magnetic Hammer+1","ats:Demon Strength+1"],"picked":"SKIP","floor":46},{"not_picked":["Flash of Steel","EpicFetus","Dramatic Entrance","Magnetism"],"picked":"Sadistic Nature","floor":47},{"not_picked":["ats:Poison Spread","ats:Shell Defense","ats:Magnetic Hammer","ats:Support Order+1"],"picked":"ats:Ignite+1","floor":48},{"not_picked":["ats:Poison Spread+1","ats:Composite Medical Shells","ats:Defend Order+1","ats:Charging Defense+1"],"picked":"ats:Part Time Job+1","floor":54}],"player_experience":267580,"relics_obtained":[{"floor":1,"key":"SynthV:TestCard"},{"floor":3,"key":"DeathBook"},{"floor":3,"key":"Bag of Preparation"},{"floor":6,"key":"ats:Originium"},{"floor":6,"key":"BookOfRevelations"},{"floor":8,"key":"ats:Originium"},{"floor":8,"key":"HornCleat"},{"floor":9,"key":"reliquary:QuartzCube"},{"floor":20,"key":"Red Mask"},{"floor":23,"key":"ats:Originium"},{"floor":23,"key":"MagicDraw3"},{"floor":27,"key":"ats:Originium"},{"floor":27,"key":"StoneCalendar"},{"floor":31,"key":"Girya"},{"floor":40,"key":"ats:Emergency Defibrillator"},{"floor":43,"key":"Art of War"},{"floor":44,"key":"ats:Berate"},{"floor":46,"key":"reliquary:RoseTintedGlasses"},{"floor":54,"key":"ats:Military Tradition"}],"event_choices":[{"damage_healed":0,"gold_gain":75,"player_choice":"Gather Gold","damage_taken":11,"max_hp_gain":0,"max_hp_loss":0,"event_name":"World of Goop","floor":2,"gold_loss":0},{"damage_healed":0,"gold_gain":0,"player_choice":"Fight","damage_taken":0,"max_hp_gain":0,"max_hp_loss":0,"event_name":"HidenRoomEvent","floor":3,"gold_loss":0},{"damage_healed":0,"gold_gain":0,"player_choice":"Entered Light","damage_taken":16,"max_hp_gain":0,"max_hp_loss":0,"event_name":"Shining Light","floor":4,"gold_loss":0,"cards_upgraded":["ats:Emotion Absorption","ats:Armor Crushing Shot"]},{"damage_healed":0,"gold_gain":0,"player_choice":"Fought Bandits","damage_taken":0,"max_hp_gain":0,"max_hp_loss":0,"event_name":"Masked Bandits","floor":20,"gold_loss":0},{"damage_healed":0,"gold_gain":0,"player_choice":"Read","damage_taken":0,"max_hp_gain":0,"max_hp_loss":0,"event_name":"The Library","floor":25,"gold_loss":0,"cards_obtained":["ats:Rat Pack"]},{"damage_healed":0,"gold_gain":0,"player_choice":"0 cards matched","damage_taken":0,"max_hp_gain":0,"max_hp_loss":0,"event_name":"Match and Keep!","floor":30,"gold_loss":0,"cards_obtained":[]},{"damage_healed":0,"gold_gain":222,"player_choice":"Wore Mask","damage_taken":0,"max_hp_gain":0,"max_hp_loss":0,"event_name":"Tomb of Lord Red Mask","floor":36,"gold_loss":0},{"damage_healed":0,"gold_gain":0,"player_choice":"Memory 1","damage_taken":0,"max_hp_gain":0,"max_hp_loss":0,"event_name":"SensoryStone","floor":47,"gold_loss":0}],"is_beta":false,"boss_relics":[{"not_picked":["reliquary:KinkedSpring","ats:Tactical Delivery"],"picked":"GuanYuAspect"},{"not_picked":[]},{"not_picked":["RhineFirstAidKit","Sozu"],"picked":"RhineSuit"},{"not_picked":[]}],"items_purged_floors":[42],"is_endless":false,"potions_floor_spawned":[1,3,8,11,20,22,24,31,40,44,48],"ascension_level":1}}