{"host":"zdahj580pq9zy75i","time":1614043539,"event":{"mods":["AchievementEnabler","BaseMod","Colored Map","Minty Spire (QoL Compilation)","Relic Stats","StSLib"],"gold_per_floor":[109,109,53,69,69,69,99,99,99,99,128,203,222,248,248,248,248],"floor_reached":16,"language":"ENG","playtime":391,"items_purged":[],"score":282,"play_id":"3ae6cad1-f67d-40bc-b171-53f3fa168903","local_time":"20210222202539","is_ascension_mode":true,"campfire_choices":[{"data":"Feel No Pain","floor":6,"key":"SMITH"},{"data":"Feel No Pain","floor":8,"key":"SMITH"},{"data":"Bash","floor":10,"key":"SMITH"},{"data":"Uppercut","floor":15,"key":"SMITH"}],"circlet_count":0,"master_deck":["AscendersBane","Strike_R","Strike_R","Strike_R","Strike_R","Defend_R","Defend_R","Defend_R","Defend_R","Bash+1","Shrug It Off","Feel No Pain+1","Feel No Pain+1","Uppercut+1","Carnage","Metallicize","Clothesline"],"relics":["Burning Blood","NeowsBlessing","The Courier","Ancient Tea Set","Prayer Wheel","Red Skull"],"acts_visited":["Exordium"],"potions_floor_usage":[11,16],"damage_taken":[{"damage":0,"enemies":"Jaw Worm","floor":1,"turns":1},{"damage":0,"enemies":"Small Slimes","floor":4,"turns":1},{"damage":0,"enemies":"Lagavulin","floor":7,"turns":2},{"damage":9,"enemies":"3 Sentries","floor":11,"turns":10},{"damage":4,"enemies":"2 Louse","floor":13,"turns":3},{"damage":21,"enemies":"Gremlin Nob","floor":14,"turns":4},{"damage":50,"enemies":"Hexaghost","floor":16,"turns":11}],"seed_played":"6313344818181019148","potions_obtained":[{"floor":7,"key":"SkillPotion"},{"floor":14,"key":"SkillPotion"}],"is_trial":false,"path_per_floor":["M","?","$","M","?","R","E","R","T","R","E","?","M","E","R","B"],"character_chosen":"IRONCLAD","items_purchased":["AttackPotion"],"campfire_rested":0,"item_purchase_floors":[3],"current_hp_per_floor":[74,74,74,75,70,70,75,75,75,75,72,61,63,48,48,0,0],"gold":248,"neow_bonus":"THREE_ENEMY_KILL","is_daily":false,"chose_seed":false,"campfire_upgraded":4,"win_rate":0.0,"timestamp":1614043539,"path_taken":["M","?","$","M","?","R","E","R","T","R","E","?","M","E","R","BOSS"],"items_purchased_type":["Potion"],"build_version":"2020-12-22","purchased_purges":0,"victory":false,"max_hp_per_floor":[75,75,75,75,75,75,75,75,75,75,75,75,75,75,75,75,75],"relic_stats":{"counters":[7,32],"Prayer Wheel":1,"obtain_stats":[{"NeowsBlessing":0,"Prayer Wheel":11,"The Courier":5,"Ancient Tea Set":7,"Burning Blood":0,"Red Skull":14},{"NeowsBlessing":0,"Prayer Wheel":4,"The Courier":2,"Ancient Tea Set":3,"Burning Blood":0,"Red Skull":6},{"NeowsBlessing":0,"Prayer Wheel":14,"The Courier":2,"Ancient Tea Set":4,"Burning Blood":0,"Red Skull":21}],"Burning Blood":30},"card_choices":[{"not_picked":["Clash","Perfected Strike","Iron Wave"],"picked":"SKIP","floor":1},{"not_picked":["Pommel Strike","Inflame"],"picked":"Feel No Pain","floor":4},{"not_picked":["Double Tap","Rampage"],"picked":"Feel No Pain","floor":7},{"not_picked":["Twin Strike","Double Tap"],"picked":"Uppercut","floor":11},{"not_picked":["Havoc","Armaments"],"picked":"Carnage","floor":13},{"not_picked":["Intimidate","Clash"],"picked":"Metallicize","floor":13},{"not_picked":["Heavy Blade","Wild Strike"],"picked":"Clothesline","floor":14}],"player_experience":794946,"relics_obtained":[{"floor":7,"key":"Ancient Tea Set"},{"floor":11,"key":"Prayer Wheel"},{"floor":14,"key":"Red Skull"}],"event_choices":[{"damage_healed":0,"gold_gain":0,"cards_transformed":["Strike_R"],"player_choice":"Change","damage_taken":0,"max_hp_gain":0,"max_hp_loss":0,"event_name":"Living Wall","floor":2,"gold_loss":0,"cards_obtained":["Shrug It Off"]},{"damage_healed":0,"gold_gain":0,"player_choice":"Success","damage_taken":5,"relics_obtained":["The Courier"],"max_hp_gain":0,"max_hp_loss":0,"event_name":"Scrap Ooze","floor":5,"gold_loss":0},{"damage_healed":0,"gold_gain":75,"player_choice":"Gather Gold","damage_taken":11,"max_hp_gain":0,"max_hp_loss":0,"event_name":"World of Goop","floor":12,"gold_loss":0}],"is_beta":false,"boss_relics":[],"items_purged_floors":[],"is_endless":false,"potions_floor_spawned":[7,14],"killed_by":"Hexaghost","ascension_level":20}}