{"host":"981nlwu0905dw1bz","time":1614081529,"event":{"mods":["AchievementEnabler","BaseMod","DeckTracker","Minty Spire (QoL Compilation)","Rare Cards Sparkle","SuperFastMode"],"gold_per_floor":[113,126,126,139,155,155,189,266,266,283,283,283,283,300,300,300,300],"floor_reached":16,"language":"KOR","playtime":256,"items_purged":[],"score":143,"play_id":"260dbaf4-9aac-4448-aab3-9b00e738de98","local_time":"20210223205849","is_ascension_mode":true,"campfire_choices":[{"data":"Wild Strike","floor":6.0,"key":"SMITH"},{"floor":11.0,"key":"REST"},{"data":"Bash","floor":13,"key":"SMITH"},{"floor":15,"key":"REST"}],"circlet_count":0,"master_deck":["Strike_R","Strike_R","Strike_R","Strike_R","Strike_R","Defend_R","Defend_R","Defend_R","Defend_R","Bash+1","Wild Strike+1","Inflame","Power Through+1"],"relics":["Burning Blood","Boot","Lantern"],"acts_visited":["Exordium"],"potions_floor_usage":[],"damage_taken":[{"damage":12.0,"enemies":"Jaw Worm","floor":1.0,"turns":2.0},{"damage":8.0,"enemies":"2 Louse","floor":2.0,"turns":3.0},{"damage":1.0,"enemies":"Cultist","floor":4.0,"turns":4.0},{"damage":6.0,"enemies":"Looter","floor":5.0,"turns":4.0},{"damage":40.0,"enemies":"Lagavulin","floor":7.0,"turns":6.0},{"damage":9.0,"enemies":"2 Fungi Beasts","floor":10.0,"turns":2.0},{"damage":18,"enemies":"Large Slime","floor":14,"turns":5},{"damage":75,"enemies":"The Guardian","floor":16,"turns":12}],"seed_played":"-5273142702564363496","potions_obtained":[{"floor":1.0,"key":"Fire Potion"},{"floor":5.0,"key":"LiquidBronze"},{"floor":10.0,"key":"LiquidBronze"}],"is_trial":false,"path_per_floor":["M","M","?","M","M","R","E","?","T","M","R","?","R","M","R","B"],"character_chosen":"IRONCLAD","items_purchased":[],"campfire_rested":2,"item_purchase_floors":[],"current_hp_per_floor":[66,64,64,69,69,69,35,35,35,32,56,56,56,44,68,0,0],"gold":300,"neow_bonus":"THREE_CARDS","is_daily":false,"chose_seed":false,"campfire_upgraded":2,"win_rate":0.0,"timestamp":1614081529,"path_taken":["M","M","?","M","M","R","E","?","T","M","R","?","R","M","R","BOSS"],"items_purchased_type":[],"build_version":"2020-12-22","purchased_purges":0,"victory":false,"max_hp_per_floor":[80,80,80,80,80,80,80,80,80,80,80,80,80,80,80,80,80],"card_choices":[{"not_picked":["Rage","Warcry"],"picked":"Wild Strike","floor":0.0},{"not_picked":["Disarm","Armaments"],"picked":"Inflame","floor":1.0},{"not_picked":["Wild Strike","Iron Wave"],"picked":"Power Through","floor":2.0},{"not_picked":["Warcry","Twin Strike","Clothesline"],"picked":"SKIP","floor":4.0},{"not_picked":["Warcry","Sword Boomerang","Armaments"],"picked":"SKIP","floor":5.0},{"not_picked":["Shrug It Off","Armaments","Clash"],"picked":"SKIP","floor":7.0},{"not_picked":["Havoc","Bludgeon","Disarm"],"picked":"SKIP","floor":10.0},{"not_picked":["Sword Boomerang","Anger","Intimidate"],"picked":"SKIP","floor":14}],"player_experience":568673,"relics_obtained":[{"floor":7.0,"key":"Boot"},{"floor":9.0,"key":"Lantern"}],"event_choices":[{"damage_healed":0.0,"max_hp_gain":0.0,"max_hp_loss":0.0,"gold_gain":0.0,"event_name":"The Cleric","player_choice":"Leave","floor":3.0,"gold_loss":0.0,"damage_taken":0.0},{"damage_healed":0.0,"max_hp_gain":0.0,"max_hp_loss":0.0,"gold_gain":77.0,"event_name":"Golden Wing","player_choice":"Gained Gold","floor":8.0,"gold_loss":0.0,"damage_taken":0.0},{"damage_healed":0,"gold_gain":0,"player_choice":"Grow","damage_taken":0,"max_hp_gain":0,"max_hp_loss":0,"event_name":"Living Wall","floor":12,"gold_loss":0,"cards_upgraded":["Power Through"]}],"is_beta":false,"boss_relics":[],"items_purged_floors":[],"is_endless":false,"potions_floor_spawned":[1,5,10],"killed_by":"The Guardian","ascension_level":8}}