{"host":"jfbo3eu2ui08ej1u","time":1614123291,"event":{"mods":["2.2 Compatiblity","AchievementEnabler","Act Like it!","Aspiration","BaseMod","Better Altar","Better Match","Better Note","Better Sensory Stone","Better Skull","Better Third Choice","Block Reminder","Colored Map","Colored Powertips","Conspire","DeckTracker","Displayed Cursed Tome","Energized Spire","Fox Events","GifTheSpireLib","Hermit","Hubris","Infinite Spire","Marked Mod","Minty Spire (QoL Compilation)","Monster B Gone","Pale of the Ancients","Poor People Problems","Quick Restart","Relic Filter","Reliquary","Reorder Act Four","Replay The Spire","Shop Mod","Spicy Shops","Spire Arcade","StSLib","Stuff the Spire","The Blue Laboratory","The Disciple","The Forsaken","The Hierophant","The Marked","Uncapped","Unceasing Turn Reminder","Wandering Minibosses"],"gold_per_floor":[119,8,22,38,52,78,78,78,78,78,91,122,46,61,61,138,138,157,82,82,82],"floor_reached":20,"language":"ENG","playtime":792,"items_purged":[],"score":418,"play_id":"3a218d42-f434-421a-8122-d2e9ec7189ca","local_time":"20210223183451","is_ascension_mode":true,"campfire_choices":[{"data":"Study","floor":8,"key":"SMITH"},{"data":"PathToVictory","floor":10,"key":"SMITH"},{"floor":15,"key":"REST"}],"circlet_count":0,"master_deck":["AscendersBane","Strike_P","Strike_P","Defend_P","Defend_P","Defend_P","Defend_P","Eruption","Vigilance","Weave","MarkedMod:PinPointDefense","PathToVictory+1","Study+1","DeceiveReality","Replay:DivineShield","MarkedMod:PinPointDefense","InnerPeace","ThirdEye","ClearTheMind","MarkedMod:Acupuncture","PathToVictory","Scrawl","Protect+1"],"relics":["PureWater","Mercury Hourglass","Shuriken","infinitespire:Bottled Soul","energizedSpire:SpiderWeb"],"acts_visited":["Exordium","TheCity"],"potions_floor_usage":[6],"damage_taken":[{"damage":0.0,"enemies":"Cultist","floor":1.0,"turns":3.0},{"damage":0.0,"enemies":"2 Louse","floor":3.0,"turns":2.0},{"damage":2.0,"enemies":"Jaw Worm","floor":4.0,"turns":3.0},{"damage":8.0,"enemies":"Lots of Slimes","floor":5.0,"turns":5.0},{"damage":13,"enemies":"Lagavulin","floor":6,"turns":6},{"damage":4,"enemies":"Red Slaver","floor":11,"turns":5},{"damage":0,"enemies":"Replay:BlueRogue","floor":12,"turns":7},{"damage":34,"enemies":"Exordium Thugs","floor":14,"turns":7},{"damage":11,"enemies":"The Guardian","floor":16,"turns":8},{"damage":37,"enemies":"Chosen","floor":18,"turns":7},{"damage":33,"enemies":"3 Byrds","floor":20,"turns":2}],"seed_played":"-7816494415858074074","potions_obtained":[{"floor":3.0,"key":"blueLaboratory:AlphaPotion"},{"floor":11,"key":"SteroidPotion"},{"floor":14,"key":"blueLaboratory:LouseDecoction"}],"is_trial":false,"path_per_floor":["M","$","M","M","M","E","?","R","T","R","M","E","$","M","R","B",null,"M","?","M"],"character_chosen":"WATCHER","items_purchased":["MarkedMod:PinPointDefense","PathToVictory","MarkedMod:Acupuncture"],"campfire_rested":1,"item_purchase_floors":[2,2,13],"current_hp_per_floor":[67,67,67,65,57,44,44,44,44,44,40,40,40,6,28,17,60,23,23,0,0],"gold":82,"neow_bonus":"TEN_PERCENT_HP_BONUS","is_daily":false,"chose_seed":false,"campfire_upgraded":2,"win_rate":0.0,"timestamp":1614123291,"path_taken":["M","?","M","M","M","E","?","R","T","R","?","E","$","M","R","BOSS","M","?","M"],"items_purchased_type":["Card","Card","Card"],"build_version":"2020-12-22","purchased_purges":0,"victory":false,"max_hp_per_floor":[74,74,74,74,74,74,74,74,74,74,74,74,74,74,74,74,74,74,74,74,74],"card_choices":[{"not_picked":["MarkedMod:Acupuncture","JustLucky"],"picked":"Weave","floor":1.0},{"not_picked":["WreathOfFlame","SashWhip"],"picked":"Study","floor":3.0},{"not_picked":["CarveReality","FlurryOfBlows"],"picked":"DeceiveReality","floor":4.0},{"not_picked":["Fasting2","WheelKick"],"picked":"Replay:DivineShield","floor":5.0},{"not_picked":["FlyingSleeves","BowlingBash"],"picked":"MarkedMod:PinPointDefense","floor":6},{"not_picked":["SandsOfTime","MarkedMod:Acupuncture"],"picked":"ThirdEye","floor":11},{"not_picked":["Fasting2","CutThroughFate"],"picked":"ClearTheMind","floor":12},{"not_picked":["EmptyFist","EmptyBody"],"picked":"PathToVictory","floor":14},{"not_picked":["Ragnarok","Omniscience"],"picked":"Scrawl","floor":16},{"not_picked":["FollowUp+1","MarkedMod:FirstStrike"],"picked":"Protect+1","floor":18}],"player_experience":1367970,"relics_obtained":[{"floor":6,"key":"Mercury Hourglass"},{"floor":9,"key":"Shuriken"},{"floor":12,"key":"infinitespire:Bottled Soul"}],"event_choices":[{"damage_healed":0,"gold_gain":0,"cards_transformed":["Strike_P"],"player_choice":"Transformed","damage_taken":0,"max_hp_gain":0,"max_hp_loss":0,"event_name":"Transmorgrifier","floor":7,"gold_loss":0,"cards_obtained":["InnerPeace"]},{"cards_removed":["Strike_P"],"damage_healed":0,"gold_gain":0,"player_choice":"Gave Gold","damage_taken":0,"max_hp_gain":0,"max_hp_loss":0,"event_name":"Beggar","floor":19,"gold_loss":75}],"is_beta":false,"boss_relics":[{"not_picked":["reliquary:WritOfMandamus","aspiration:RunicSpoon"],"picked":"energizedSpire:SpiderWeb"}],"items_purged_floors":[],"is_endless":false,"potions_floor_spawned":[3,11,14],"killed_by":"3 Byrds","ascension_level":20}}