{"host":"7wi4qgm5yw4j7oz0","time":1614082974,"event":{"mods":["AchievementEnabler","BaseMod","Block Reminder","Colored Map","Colored Powertips","Highlight Path","Minty Spire (QoL Compilation)","Permanent Neow","Random Character Button","StSLib","SuperFastMode","everything is the same but u backflip on backflip"],"gold_per_floor":[113,132,151,151,163,163,173,202,202,217,217,231,243,261,261,338,338,358,27,27,46,60,60,89,89,89,89,107,121,121,121],"floor_reached":30,"language":"KOR","playtime":1272,"items_purged":["Strike_R"],"score":464,"play_id":"dd352ab2-053e-4f34-93b7-2c3544596377","local_time":"20210223212254","is_ascension_mode":true,"campfire_choices":[{"data":"Armaments","floor":6.0,"key":"SMITH"},{"floor":11.0,"key":"REST"},{"floor":15.0,"key":"REST"},{"data":"Apotheosis","floor":23.0,"key":"SMITH"},{"data":"Demon Form","floor":25.0,"key":"SMITH"},{"data":"Second Wind","floor":27.0,"key":"SMITH"}],"circlet_count":0,"master_deck":["AscendersBane","Strike_R","Strike_R","Strike_R","Defend_R","Defend_R","Defend_R","Defend_R","Bash+1","Pommel Strike","Second Wind+1","Armaments+1","Inflame","Dropkick","Cleave","Carnage","Corruption","Iron Wave","Demon Form+1","Evolve","Feel No Pain","Apotheosis+1","Heavy Blade+1","Regret","Wild Strike"],"relics":["Burning Blood","Anchor","Oddly Smooth Stone","MealTicket","Cursed Key","Paper Frog","Question Card"],"acts_visited":["Exordium","TheCity"],"potions_floor_usage":[],"damage_taken":[{"damage":6.0,"enemies":"2 Louse","floor":1.0,"turns":4.0},{"damage":1.0,"enemies":"Cultist","floor":2.0,"turns":3.0},{"damage":7.0,"enemies":"Small Slimes","floor":3.0,"turns":4.0},{"damage":9.0,"enemies":"Red Slaver","floor":5.0,"turns":4.0},{"damage":10.0,"enemies":"2 Fungi Beasts","floor":7.0,"turns":4.0},{"damage":64.0,"enemies":"3 Sentries","floor":8.0,"turns":9.0},{"damage":15.0,"enemies":"Gremlin Gang","floor":10.0,"turns":4.0},{"damage":14.0,"enemies":"Large Slime","floor":12.0,"turns":6.0},{"damage":0.0,"enemies":"3 Louse","floor":13.0,"turns":3.0},{"damage":0.0,"enemies":"2 Fungi Beasts","floor":14.0,"turns":3.0},{"damage":48.0,"enemies":"Hexaghost","floor":16.0,"turns":13.0},{"damage":23.0,"enemies":"2 Thieves","floor":18.0,"turns":4.0},{"damage":3.0,"enemies":"Shell Parasite","floor":21.0,"turns":4.0},{"damage":9.0,"enemies":"3 Cultists","floor":22.0,"turns":4.0},{"damage":31.0,"enemies":"Book of Stabbing","floor":24.0,"turns":6.0},{"damage":34.0,"enemies":"Centurion and Healer","floor":28.0,"turns":6.0},{"damage":8.0,"enemies":"Chosen and Byrds","floor":29.0,"turns":6.0},{"damage":36,"enemies":"Gremlin Leader","floor":30,"turns":2}],"seed_played":"6796650385936699167","potions_obtained":[{"floor":1.0,"key":"BloodPotion"},{"floor":2.0,"key":"SteroidPotion"},{"floor":8.0,"key":"Ancient Potion"},{"floor":13.0,"key":"SkillPotion"},{"floor":14.0,"key":"Fire Potion"},{"floor":21.0,"key":"EntropicBrew"},{"floor":22.0,"key":"PowerPotion"},{"floor":29.0,"key":"BloodPotion"}],"is_trial":false,"path_per_floor":["M","M","M","?","M","R","M","E","T","M","R","M","M","M","R","B",null,"M","$","?","M","M","R","E","R","T","R","M","M","E"],"character_chosen":"IRONCLAD","items_purchased":["Feel No Pain","Apotheosis"],"campfire_rested":2,"item_purchase_floors":[19,19],"current_hp_per_floor":[68,73,72,72,69,69,65,22,22,13,35,27,33,39,61,19,61,44,59,59,62,59,59,49,49,49,49,21,34,0,0],"gold":121,"neow_bonus":"UPGRADE_CARD","is_daily":false,"chose_seed":false,"campfire_upgraded":4,"win_rate":0.0,"timestamp":1614082974,"path_taken":["M","M","M","?","?","R","M","E","T","M","R","?","M","M","R","BOSS","M","$","?","M","?","R","E","R","T","R","M","M","E"],"items_purchased_type":["Card","Card"],"build_version":"2020-12-22","purchased_purges":1,"victory":false,"max_hp_per_floor":[75,75,75,75,75,75,75,75,75,75,75,75,75,75,75,75,75,75,75,75,75,75,75,75,75,75,75,75,75,75,75],"card_choices":[{"not_picked":["Rage","Warcry"],"picked":"Pommel Strike","floor":1.0},{"not_picked":["Warcry","Body Slam"],"picked":"Second Wind","floor":2.0},{"not_picked":["Pommel Strike","Pummel"],"picked":"Armaments","floor":3.0},{"not_picked":["Shockwave","Cleave"],"picked":"Inflame","floor":5.0},{"not_picked":["Sever Soul","Seeing Red"],"picked":"Dropkick","floor":7.0},{"not_picked":["Fire Breathing","Twin Strike"],"picked":"Cleave","floor":8.0},{"not_picked":["Sever Soul","Seeing Red","Searing Blow"],"picked":"SKIP","floor":10.0},{"not_picked":["Infernal Blade","Disarm"],"picked":"Carnage","floor":12.0},{"not_picked":["Combust","Warcry"],"picked":"Corruption","floor":13.0},{"not_picked":["Clash","Perfected Strike"],"picked":"Iron Wave","floor":14.0},{"not_picked":["Exhume","Corruption"],"picked":"Demon Form","floor":16.0},{"not_picked":["Armaments","Cleave"],"picked":"Evolve","floor":18.0},{"not_picked":["Armaments","Sword Boomerang+1","Spot Weakness+1"],"picked":"SKIP","floor":21.0},{"not_picked":["Ghostly Armor","Wild Strike"],"picked":"Heavy Blade+1","floor":22.0},{"not_picked":["Cleave","Hemokinesis","Sword Boomerang"],"picked":"SKIP","floor":24.0},{"not_picked":["Twin Strike","Perfected Strike","Exhume","Armaments"],"picked":"SKIP","floor":28.0},{"not_picked":["Fire Breathing","Warcry","Carnage"],"picked":"Wild Strike","floor":29.0}],"player_experience":354927,"relics_obtained":[{"floor":8.0,"key":"Oddly Smooth Stone"},{"floor":9.0,"key":"MealTicket"},{"floor":24.0,"key":"Paper Frog"},{"floor":26.0,"key":"Question Card"}],"event_choices":[{"damage_healed":0.0,"max_hp_gain":0.0,"max_hp_loss":0.0,"gold_gain":0.0,"event_name":"WeMeetAgain","player_choice":"Gave Potion","floor":4.0,"gold_loss":0.0,"damage_taken":0.0,"relics_obtained":["Anchor"]},{"cards_removed":["Strike_R"],"damage_healed":0.0,"max_hp_gain":0.0,"max_hp_loss":0.0,"gold_gain":0.0,"event_name":"Bonfire Elementals","player_choice":"Offered Basic","floor":20.0,"gold_loss":0.0,"damage_taken":0.0}],"is_beta":false,"boss_relics":[{"not_picked":["Runic Dome","Fusion Hammer"],"picked":"Cursed Key"}],"items_purged_floors":[19],"is_endless":false,"potions_floor_spawned":[1,2,8,13,14,21,22,29],"killed_by":"Gremlin Leader","ascension_level":16}}