{"host":"8is2j71l4wmybkoi","time":1614067774,"event":{"mods":["AchievementEnabler","BaseMod","Colored Map","DeckTracker","Minty Spire (QoL Compilation)","Rare Cards Sparkle","Relic Stats","StSLib","SuperFastMode"],"gold_per_floor":[369,384,399,399,410,410,429,429,452,452,466,500,515,531,531,603,603,614,614,663,681,344,370,393,405,444,456,468,92,92,106,106,106,106],"floor_reached":33,"language":"KOR","playtime":1057,"items_purged":["Decay","Strike_G"],"score":474,"play_id":"f647751b-3a43-4cf8-8178-f81515be98a8","local_time":"20210223170934","is_ascension_mode":true,"campfire_choices":[{"floor":6,"key":"REST"},{"data":"Noxious Fumes","floor":8,"key":"SMITH"},{"data":"Blade Dance","floor":10,"key":"SMITH"},{"data":"Neutralize","floor":15,"key":"SMITH"},{"floor":28,"key":"REST"},{"data":"Well Laid Plans","floor":30,"key":"SMITH"},{"data":"Accuracy","floor":32,"key":"SMITH"}],"circlet_count":0,"master_deck":["AscendersBane","Strike_G","Strike_G","Strike_G","Strike_G","Defend_G","Defend_G","Defend_G","Defend_G","Defend_G","Survivor","Neutralize+1","Blade Dance+1","Calculated Gamble","Noxious Fumes+1","Corpse Explosion","Deadly Poison","Well Laid Plans+1","Blur","Blur","Adrenaline","Accuracy+1","Bane+1","Burst+1","Adrenaline","PiercingWail","Accuracy","Finisher","Escape Plan"],"relics":["Ring of the Snake","Nunchaku","Smiling Mask","Sozu","PreservedInsect","MawBank","Bag of Marbles","ClockworkSouvenir"],"acts_visited":["Exordium","TheCity"],"potions_floor_usage":[7,12,13,14,16,16,16,21,27],"damage_taken":[{"damage":10,"enemies":"Cultist","floor":1,"turns":6},{"damage":5,"enemies":"Jaw Worm","floor":2,"turns":4},{"damage":0,"enemies":"Small Slimes","floor":3,"turns":3},{"damage":3,"enemies":"Looter","floor":5,"turns":4},{"damage":3,"enemies":"Red Slaver","floor":7,"turns":4},{"damage":6,"enemies":"2 Fungi Beasts","floor":11,"turns":2},{"damage":10,"enemies":"3 Sentries","floor":12,"turns":2},{"damage":5,"enemies":"Blue Slaver","floor":13,"turns":3},{"damage":3,"enemies":"Exordium Wildlife","floor":14,"turns":3},{"damage":7,"enemies":"The Guardian","floor":16,"turns":9},{"damage":1,"enemies":"3 Byrds","floor":18,"turns":3},{"damage":2,"enemies":"Chosen","floor":21,"turns":4},{"damage":37,"enemies":"Book of Stabbing","floor":23,"turns":5},{"damage":6,"enemies":"3 Cultists","floor":24,"turns":3},{"damage":0,"enemies":"Shelled Parasite and Fungi","floor":27,"turns":2},{"damage":7,"enemies":"Sentry and Sphere","floor":31,"turns":4},{"damage":54,"enemies":"Automaton","floor":33,"turns":6}],"seed_played":"5358466642338287668","potions_obtained":[{"floor":3,"key":"Swift Potion"},{"floor":5,"key":"Dexterity Potion"},{"floor":7,"key":"AttackPotion"},{"floor":12,"key":"EntropicBrew"},{"floor":13,"key":"LiquidMemories"},{"floor":14,"key":"DistilledChaos"},{"floor":16,"key":"AttackPotion"}],"is_trial":false,"path_per_floor":["M","M","M","?","M","R","M","R","T","R","M","E","M","M","R","B",null,"M","?","T","M","$","E","M","?","T","M","R","$","R","M","R","B"],"character_chosen":"THE_SILENT","items_purchased":["PreservedInsect","Burst","ClockworkSouvenir","Accuracy","Finisher","Escape Plan"],"campfire_rested":2,"item_purchase_floors":[22,22,29,29,29,29],"current_hp_per_floor":[34,29,29,29,26,45,42,42,42,42,36,26,21,18,18,11,52,51,64,64,62,62,25,19,19,19,19,38,38,38,31,31,0,0],"gold":106,"neow_bonus":"TWO_FIFTY_GOLD","is_daily":false,"chose_seed":false,"campfire_upgraded":5,"win_rate":0.0,"timestamp":1614067774,"path_taken":["M","?","M","?","M","R","M","R","T","R","M","E","M","M","R","BOSS","M","?","?","M","$","E","M","?","T","M","R","$","R","M","R","BOSS"],"items_purchased_type":["Relic","Card","Relic","Card","Card","Card"],"build_version":"2020-12-22","purchased_purges":2,"victory":false,"max_hp_per_floor":[66,66,66,66,66,66,66,66,66,66,66,66,66,66,66,66,66,66,66,66,66,66,66,66,66,66,66,66,66,66,66,66,66,66],"relic_stats":{"Sozu":3,"Nunchaku":[9],"counters":[17,67],"PreservedInsect":43,"Smiling Mask":75,"MawBank":72,"obtain_stats":[{"Sozu":17,"Nunchaku":9,"PreservedInsect":22,"Bag of Marbles":26,"Smiling Mask":12,"MawBank":23,"Ring of the Snake":0,"ClockworkSouvenir":29},{"Sozu":10,"Nunchaku":5,"PreservedInsect":12,"Bag of Marbles":14,"Smiling Mask":7,"MawBank":13,"Ring of the Snake":0,"ClockworkSouvenir":15},{"Sozu":40,"Nunchaku":21,"PreservedInsect":47,"Bag of Marbles":55,"Smiling Mask":25,"MawBank":52,"Ring of the Snake":0,"ClockworkSouvenir":57}],"Ring of the Snake":[34]},"card_choices":[{"not_picked":["Underhanded Strike","Riddle With Holes"],"picked":"Blade Dance","floor":1},{"not_picked":["Terror","Quick Slash"],"picked":"Calculated Gamble","floor":2},{"not_picked":["Dodge and Roll","Prepared"],"picked":"Noxious Fumes","floor":3},{"not_picked":["Cloak And Dagger","Caltrops"],"picked":"Corpse Explosion","floor":5},{"not_picked":["Flying Knee","Setup"],"picked":"Deadly Poison","floor":7},{"not_picked":["Flying Knee","PiercingWail"],"picked":"Well Laid Plans","floor":11},{"not_picked":["Heel Hook","Sucker Punch","Slice"],"picked":"SKIP","floor":12},{"not_picked":["Dagger Throw","Deflect"],"picked":"Blur","floor":13},{"not_picked":["Footwork","Endless Agony"],"picked":"Blur","floor":14},{"not_picked":["Wraith Form v2","Corpse Explosion"],"picked":"Adrenaline","floor":16},{"not_picked":["Outmaneuver","Flechettes"],"picked":"Accuracy","floor":18},{"not_picked":["Dodge and Roll","Masterful Stab"],"picked":"Bane+1","floor":21},{"not_picked":["Underhanded Strike","Dodge and Roll"],"picked":"Adrenaline","floor":23},{"not_picked":["Concentrate","Underhanded Strike"],"picked":"PiercingWail","floor":24},{"not_picked":["Dagger Throw","PiercingWail","Underhanded Strike"],"picked":"SKIP","floor":31}],"player_experience":1307467,"relics_obtained":[{"floor":9,"key":"Nunchaku"},{"floor":12,"key":"Smiling Mask"},{"floor":23,"key":"MawBank"},{"floor":26,"key":"Bag of Marbles"}],"event_choices":[{"damage_healed":0,"gold_gain":0,"player_choice":"Cursed","damage_taken":0,"max_hp_gain":0,"max_hp_loss":0,"event_name":"Wheel of Change","floor":4,"gold_loss":0,"cards_obtained":["Decay"]},{"damage_healed":13,"gold_gain":0,"player_choice":"Heal","damage_taken":0,"max_hp_gain":0,"max_hp_loss":0,"event_name":"The Library","floor":19,"gold_loss":0},{"damage_healed":0,"gold_gain":0,"player_choice":"Upgraded","damage_taken":0,"max_hp_gain":0,"max_hp_loss":0,"event_name":"Upgrade Shrine","floor":25,"gold_loss":0,"cards_upgraded":["Burst"]}],"is_beta":false,"boss_relics":[{"not_picked":["Ring of the Serpent","Ectoplasm"],"picked":"Sozu"}],"items_purged_floors":[22,29],"is_endless":false,"potions_floor_spawned":[3,5,7,12,13,14,16,18,24,31],"killed_by":"Automaton","ascension_level":15}}