{"host":"xnjcin1g6gswdgtt","time":1614041032,"event":{"mods":["2.2 Compatiblity","Act Like it!","Arknights","Aspiration","Astrologer","BaseMod","Beaked The Cultist","Better Altar","Better Match","Better Note","Better Sensory Stone","Better Skull","Better Third Choice","Better Vampires","BetterRewards","Bossed Relics","Card Forge","CatGirl Mod","ChefMod","Colored Map","Colored Powertips","Conspire","Dota2Spire","Downfall","Duelist Mod","Elementarium","Energized Spire","Friendly Minions","Gold Saver","Gremlin Mod","GungeonMod","Hero for Fun","Highlight Path","Hubris","Jedi Mod","JesterMod","Marisa????????","Marked Mod","Menagerie","Minty Spire (QoL Compilation)","Pale of the Ancients","QueenMod","Quick Restart","Rare Cards Sparkle","Relic Stats","Reliquary","Replay The Spire","Robot Space Explorer","Ruina","Shade Mod","Shapeshifter Mod","Shop Mod","Small Relic Pack","Smile Girya","Spicy Shops","StSLib","The Alterego","The Animator","The Blue Laboratory","The Clintock","The Construct","The Cursed","The Death Knight","The Disciple","The Dragon Tamer","The Forsaken","The Hierophant","The Marked","The Mystic","The Necromancer","The Poker Player","The Runesmith","The Saiyan","The Servant 0.9.4","The Showman","The Wild Card","TheBandit","TheSwordswoman","TheVacant","Trackpad","Yuri Mod","??????REMEMod"],"gold_per_floor":[411,411,430,148,168,168,201,201,201,220,239,239,239,239,251,263,263,365,365,380,395,395,395,395,428,428,439,439,439,464,480,491,691,691,786,786,802,575,575,590,610,610,669,669,695,417,432,432,452,472,472,502,551,601,601,360,360,401,401,85,85,85],"floor_reached":63,"language":"ENG","playtime":14229,"items_purged":[],"score":1532,"play_id":"60ba0022-b784-4b62-a589-4abda2511db1","local_time":"20210222184352","is_ascension_mode":false,"campfire_choices":[{"floor":6,"key":"RECALL"},{"floor":8,"key":"REST"},{"floor":12,"key":"REST"},{"floor":17,"key":"REST"},{"floor":26,"key":"REST"},{"floor":29,"key":"REST"},{"floor":42,"key":"REST"},{"floor":44,"key":"REST"},{"floor":48,"key":"REST"},{"floor":51,"key":"DIG"},{"floor":57,"key":"REST"},{"floor":59,"key":"REST"}],"circlet_count":0,"master_deck":["Saiyan:EnergyBlast+1","Saiyan:KaioKen+1","Saiyan:RuthlessBlow+1","Saiyan:Flurry+1","Saiyan:DragonRadar+1","Saiyan:SuperSaiyanForm+1","Saiyan:SuperSaiyanForm+1","Saiyan:Scouter+1","Saiyan:RemoveWeights+1","Saiyan:ExpandingShockwave+1","Saiyan:Quickening+1","Saiyan:MindBoom+1","Saiyan:ExpandingShockwave+1","Saiyan:FingerParry+1","Saiyan:FingerParry+1","Saiyan:Furor+1","Saiyan:Scouter+1","Saiyan:DrainingStrike+1","Saiyan:TheBomb+1","relicPack:StarPlatinum+1","DemoMod:Deposit+1","Saiyan:Kienzan+1","Saiyan:MajinSeal+1","Saiyan:Expend+1","Saiyan:ConcussiveBlow+1","Saiyan:Teleport+1","Saiyan:TurtleShell+1","Saiyan:Makankosappo+1","Saiyan:SoulSpice+1","Saiyan:CCCapsule+1","Saiyan:CCCapsule+1","Saiyan:CCCapsule+1"],"relics":["SaiyanSoul","SaiyanHeart","Hammer of Thor","Seething Fire","Anvil of the Gods","REME_ComplimentaryCards","GremlinMask","DollysMirror","reliquary:HotPoker","jedi:kaleidoscope","Happy Flower","hubris:OldNail","Question Card","Bottled Flame","Dota2Spire:Vanguard","DemoMod:GreenGuonStone","Sundial","trackpad:WondrousWand","MerchantsRug","Replay:Bottled Steam","paleoftheancients:Timepiece","paleoftheancients:KeyRelic","hubris:Towel","Durian","jesterMod:MirrorMask","paleoftheancients:SoulOfTheShrineMaiden","reliquary:TridentHead"],"acts_visited":["Exordium","TheCity","TheBeyond","paleoftheancients:PaleOfTheAncients"],"potions_floor_usage":[7,16,25,25,40,52,52,52],"damage_taken":[{"damage":0,"enemies":"Jaw Worm","floor":1,"turns":3},{"damage":0,"enemies":"Cultist","floor":3,"turns":3},{"damage":4,"enemies":"conspire:RoseBush","floor":5,"turns":3},{"damage":45,"enemies":"Gremlin Nob","floor":7,"turns":7},{"damage":0,"enemies":"2 Fungi Beasts","floor":10,"turns":3},{"damage":9,"enemies":"Looter","floor":11,"turns":2},{"damage":0,"enemies":"Large Slime","floor":15,"turns":4},{"damage":0,"enemies":"3 Louse","floor":16,"turns":2},{"damage":3,"enemies":"The Guardian","floor":18,"turns":9},{"damage":0,"enemies":"Chosen","floor":20,"turns":5},{"damage":0,"enemies":"3 Byrds","floor":21,"turns":4},{"damage":32,"enemies":"theDuelist:KaibaA2","floor":25,"turns":4},{"damage":0,"enemies":"Centurion and Healer","floor":27,"turns":5},{"damage":0,"enemies":"Replay:Snechameleon","floor":30,"turns":7},{"damage":0,"enemies":"conspire:HollyBat","floor":31,"turns":7},{"damage":0,"enemies":"Shelled Parasite and Fungi","floor":32,"turns":6},{"damage":0,"enemies":"Champ","floor":35,"turns":11},{"damage":0,"enemies":"Orb Walker","floor":37,"turns":2},{"damage":29,"enemies":"3 Darklings","floor":40,"turns":3},{"damage":5,"enemies":"Jaw Worm Horde","floor":41,"turns":5},{"damage":13,"enemies":"Giant Head","floor":43,"turns":9},{"damage":10,"enemies":"Sphere and 2 Shapes","floor":47,"turns":5},{"damage":14,"enemies":"3 Darklings","floor":49,"turns":2},{"damage":2,"enemies":"Transient","floor":50,"turns":5},{"damage":72,"enemies":"Awakened One","floor":52,"turns":10},{"damage":109,"enemies":"Awakened One","floor":53,"turns":12},{"damage":101,"enemies":"Awakened One","floor":54,"turns":13},{"damage":8,"enemies":"Awakened One","floor":58,"turns":12},{"damage":305,"enemies":"paleoftheancients:N","floor":62,"turns":7}],"seed_played":"4821340018759855094","potions_obtained":[{"floor":3,"key":"Dexterity Potion"},{"floor":10,"key":"Weak Potion"},{"floor":11,"key":"DemoMod:LeadSkinPotion"},{"floor":16,"key":"SpeedPotion"},{"floor":20,"key":"LiquidMemories"},{"floor":23,"key":"blueLaboratory:HeartbeatPotion"},{"floor":23,"key":"blueLaboratory:LouseDecoction"},{"floor":23,"key":"Death Potion"},{"floor":30,"key":"blueLaboratory:NullPotion"},{"floor":31,"key":"SteroidPotion"},{"floor":37,"key":"DeathKnight:BottledBloodEchoes"},{"floor":40,"key":"EssenceOfSteel"}],"is_trial":false,"path_per_floor":["M","?","M","$","M","R","E","R","T","M","M","R","PTL","PTL","M","M","R","B",null,"M","M","?","?","?","E","R","M","T","R","E","M","M","?","R_BF","B",null,"M","$","?","M","M","R","E","R","T","$","M","R","M","M","R_BF","B","M","M","?","$","R","M","R","$","?","B",null],"character_chosen":"SAIYAJIN","items_purchased":["Saiyan:SuperSaiyanForm","Saiyan:DoubleMasenko","DollysMirror","reliquary:FerryPass","Saiyan:Kienzan","BargainBundle","Saiyan:Teleport","Saiyan:TurtleShell","Saiyan:ThirstForFight","trackpad:WondrousWand","MerchantsRug","Energy Potion","Durian","jesterMod:MirrorMask","Saiyan:CCCapsule+1","reliquary:TridentHead"],"campfire_rested":10,"item_purchase_floors":[4,4,4,38,38,46,46,46,46,46,46,46,56,56,60,60],"current_hp_per_floor":[68,68,71,71,69,69,26,48,48,51,43,66,66,66,69,71,84,84,87,91,93,93,93,93,65,94,99,99,102,105,108,110,110,110,112,112,113,113,113,88,87,121,111,124,124,124,117,127,115,122,122,155,102,96,96,101,150,161,168,168,168,128],"gold":85,"neow_bonus":"TEN_PERCENT_HP_BONUS","is_daily":false,"chose_seed":false,"campfire_upgraded":0,"win_rate":0.0,"timestamp":1614041032,"path_taken":["M","?","M","$","M","R","E","R","T","M","M","R","PTL","PTL","?","?","R","BOSS","M","M","?","?","?","E","R","M","T","R","E","?","?","?","R_BF","BOSS","M","$","?","M","?","R","E","R","T","$","M","R","M","M","R_BF","BOSS","M","M","?","$","R","M","R","$","?","BOSS"],"items_purchased_type":["Card","Card","Relic","Relic","Card","Relic","Card","Card","Card","Relic","Relic","Potion","Relic","Relic","Card","Relic"],"build_version":"2020-12-22","purchased_purges":0,"victory":true,"max_hp_per_floor":[68,68,71,71,73,73,75,75,75,78,79,79,79,79,82,84,84,87,87,91,93,93,93,93,97,97,102,102,102,105,108,110,110,110,112,112,113,113,113,117,121,121,124,124,124,124,127,127,129,132,132,155,156,160,160,165,165,168,168,168,168,172],"relic_stats":{"Happy Flower":[44],"counters":[29,170],"Sundial":[8],"Question Card":27,"obtain_stats":[{"DemoMod:GreenGuonStone":43,"relicPack:StarArrow":36,"GremlinMask":2,"Hammer of Thor":0,"DemoMod:GlassGuonStoneRelic":5,"Dota2Spire:Vanguard":30,"trackpad:WondrousWand":46,"paleoftheancients:SoulOfTheShrineMaiden":58,"jesterMod:MirrorMask":56,"reliquary:FerryPass":38,"reliquary:TridentHead":60,"reliquary:HotPoker":7,"DollysMirror":4,"Sundial":43,"REME_LowDesire":19,"Replay:Bottled Steam":51,"MerchantsRug":46,"BargainBundle":46,"paleoftheancients:KeyRelic":52,"Happy Flower":19,"SaiyanHeart":0,"Seething Fire":0,"hubris:Towel":55,"Question Card":25,"paleoftheancients:Timepiece":52,"Bottled Flame":28,"jedi:kaleidoscope":9,"Anvil of the Gods":0,"SaiyanSoul":0,"Durian":56,"hubris:OldNail":19,"REME_ComplimentaryCards":0},{"DemoMod:GreenGuonStone":21,"relicPack:StarArrow":17,"GremlinMask":1,"Hammer of Thor":0,"DemoMod:GlassGuonStoneRelic":3,"Dota2Spire:Vanguard":14,"trackpad:WondrousWand":21,"paleoftheancients:SoulOfTheShrineMaiden":28,"jesterMod:MirrorMask":27,"reliquary:FerryPass":18,"reliquary:TridentHead":28,"reliquary:HotPoker":4,"DollysMirror":2,"Sundial":21,"REME_LowDesire":9,"Replay:Bottled Steam":24,"MerchantsRug":21,"BargainBundle":21,"paleoftheancients:KeyRelic":25,"Happy Flower":9,"SaiyanHeart":0,"Seething Fire":0,"hubris:Towel":27,"Question Card":12,"paleoftheancients:Timepiece":25,"Bottled Flame":13,"jedi:kaleidoscope":4,"Anvil of the Gods":0,"SaiyanSoul":0,"Durian":27,"hubris:OldNail":9,"REME_ComplimentaryCards":0},{"DemoMod:GreenGuonStone":104,"relicPack:StarArrow":85,"GremlinMask":3,"Hammer of Thor":0,"DemoMod:GlassGuonStoneRelic":9,"Dota2Spire:Vanguard":61,"trackpad:WondrousWand":104,"paleoftheancients:SoulOfTheShrineMaiden":163,"jesterMod:MirrorMask":151,"reliquary:FerryPass":87,"reliquary:TridentHead":163,"reliquary:HotPoker":16,"DollysMirror":6,"Sundial":104,"REME_LowDesire":36,"Replay:Bottled Steam":116,"MerchantsRug":104,"BargainBundle":104,"paleoftheancients:KeyRelic":126,"Happy Flower":36,"SaiyanHeart":0,"Seething Fire":0,"hubris:Towel":151,"Question Card":49,"paleoftheancients:Timepiece":126,"Bottled Flame":54,"jedi:kaleidoscope":16,"Anvil of the Gods":0,"SaiyanSoul":0,"Durian":151,"hubris:OldNail":36,"REME_ComplimentaryCards":0}]},"card_choices":[{"not_picked":["Saiyan:DragonFist","Saiyan:PowerUp"],"picked":"Saiyan:Flurry","floor":1},{"not_picked":["Saiyan:BigBangAttack","Saiyan:ThirstForFight"],"picked":"Saiyan:DragonRadar","floor":3},{"not_picked":["Saiyan:Medicine","Saiyan:Honing"],"picked":"Saiyan:Scouter","floor":5},{"not_picked":["Saiyan:MeteorDash","Saiyan:KiExplosion"],"picked":"Saiyan:RemoveWeights","floor":7},{"not_picked":["Saiyan:BackAttack","Saiyan:MeteorDash","Saiyan:AugmentedBlast"],"picked":"SKIP","floor":10},{"not_picked":["Saiyan:Pacing","Saiyan:DragonFist","Saiyan:BigBangAttack"],"picked":"SKIP","floor":11},{"not_picked":["Saiyan:FinalFlash","Saiyan:PowerUp"],"picked":"Saiyan:ExpandingShockwave","floor":15},{"not_picked":["Saiyan:PowerUp","Saiyan:Rekindle"],"picked":"Saiyan:Quickening","floor":16},{"not_picked":["Saiyan:HyperTimeChamber","Saiyan:Rekindle"],"picked":"Saiyan:MindBoom","floor":18},{"not_picked":["Saiyan:DragonRadar","Saiyan:KameHameHa","REME_PuzzleBox"],"picked":"Saiyan:ExpandingShockwave","floor":20},{"not_picked":["Saiyan:KiExplosion","Saiyan:ReverberatingForce+1","REME_ShortnessOfBreath"],"picked":"Saiyan:FingerParry","floor":21},{"not_picked":["Saiyan:WarmUp","Saiyan:PlotArmor+1","Poisoned Strike"],"picked":"Saiyan:FingerParry+1","floor":25},{"not_picked":["Saiyan:SoulSpice","Saiyan:DoubleMasenko","Saiyan:SaiyanHubris+1","REME_FirmDetermination"],"picked":"Saiyan:SpiritSword","floor":27},{"not_picked":["Saiyan:MeteorDash","Saiyan:RemoveWeights","Saiyan:BigBangAttack+1","Saiyan:Twize","Transmutation"],"picked":"SKIP","floor":30},{"not_picked":["Saiyan:SolarFlare","Saiyan:FingerParry","Saiyan:SaiyanHubris","Master of Strategy"],"picked":"Saiyan:Furor","floor":31},{"not_picked":["Saiyan:ExpandingShockwave","Saiyan:SaiyanHubris","Saiyan:Taunt","Crow Ritual"],"picked":"Saiyan:Scouter","floor":32},{"not_picked":["Saiyan:SolarFlare","Saiyan:TransfigurationBeam","Saiyan:Rekindle","Thinking Ahead"],"picked":"Saiyan:TheBomb","floor":35},{"not_picked":["Saiyan:Flurry+1","Saiyan:BackAttack","Saiyan:PowerStance","Saiyan:Scouter+1"],"picked":"DemoMod:Deposit","floor":37},{"not_picked":["Saiyan:Overexert+1","Saiyan:DoubleMasenko+1","Saiyan:Taunt","jedi:LeechingStrike"],"picked":"Saiyan:MajinSeal","floor":40},{"not_picked":["Saiyan:ExpandingShockwave+1","Saiyan:DragonFist","Saiyan:KiExplosion","Panacea"],"picked":"Saiyan:Expend+1","floor":41},{"not_picked":["Saiyan:FingerParry+1","Saiyan:Flurry+1","Saiyan:KiExplosion+1","Apotheosis"],"picked":"Saiyan:ConcussiveBlow+1","floor":43},{"not_picked":["Saiyan:PowerPole+1","Saiyan:BigBangAttack+1","Saiyan:ThirstForFight"],"picked":"Saiyan:Makankosappo","floor":47},{"not_picked":["Saiyan:ExpandingShockwave","Saiyan:ExtremeSpeed+1","Saiyan:KiExplosion"],"picked":"Saiyan:SoulSpice","floor":49},{"not_picked":["Saiyan:KiExplosion","Saiyan:LastResort+1","Saiyan:WarmUp+1"],"picked":"Saiyan:CCCapsule","floor":50},{"not_picked":["Saiyan:Flurry+1","Saiyan:DragonFist","Saiyan:Taunt","Saiyan:Twize"],"picked":"SKIP","floor":53},{"not_picked":["Saiyan:WarmUp","Saiyan:ReverberatingForce","Saiyan:LastResort","Saiyan:ExpandingShockwave+1"],"picked":"SKIP","floor":54},{"not_picked":["Saiyan:Planning+1","Saiyan:SuperSaiyanForm","Saiyan:Scouter+1"],"picked":"Saiyan:CCCapsule+1","floor":58}],"player_experience":206917,"relics_obtained":[{"floor":7,"key":"reliquary:HotPoker"},{"floor":9,"key":"jedi:kaleidoscope"},{"floor":19,"key":"Happy Flower"},{"floor":19,"key":"hubris:OldNail"},{"floor":25,"key":"Question Card"},{"floor":28,"key":"Bottled Flame"},{"floor":30,"key":"Dota2Spire:Vanguard"},{"floor":43,"key":"DemoMod:GreenGuonStone"},{"floor":43,"key":"Sundial"},{"floor":51,"key":"Replay:Bottled Steam"},{"floor":58,"key":"paleoftheancients:SoulOfTheShrineMaiden"}],"event_choices":[{"damage_healed":0,"gold_gain":0,"player_choice":"Trade","damage_taken":0,"relics_obtained":["GremlinMask"],"max_hp_gain":0,"max_hp_loss":0,"event_name":"FaceTrader","floor":2,"gold_loss":0},{"damage_healed":0,"gold_gain":0,"player_choice":"Ignored","damage_taken":0,"max_hp_gain":0,"max_hp_loss":0,"event_name":"Accursed Blacksmith","floor":22,"gold_loss":0},{"damage_healed":0,"gold_gain":0,"player_choice":"Got Potions","damage_taken":0,"max_hp_gain":0,"max_hp_loss":0,"event_name":"Lab","floor":23,"gold_loss":0},{"damage_healed":0,"gold_gain":0,"player_choice":"Bought 0 Potions","damage_taken":0,"max_hp_gain":0,"max_hp_loss":0,"event_name":"The Woman in Blue","floor":24,"gold_loss":0},{"damage_healed":0,"gold_gain":250,"player_choice":"Bet on Owner","damage_taken":0,"max_hp_gain":0,"max_hp_loss":0,"event_name":"The Joust","floor":33,"gold_loss":50},{"damage_healed":0,"gold_gain":0,"player_choice":"Ignored","damage_taken":0,"max_hp_gain":0,"max_hp_loss":0,"event_name":"WeMeetAgain","floor":39,"gold_loss":0}],"is_beta":false,"boss_relics":[{"not_picked":["aspiration:MobileForge","hubris:BlackHole"],"picked":"REME_LowDesire"},{"not_picked":["energizedSpire:DeadBattery","conspire:SlowCooker"],"picked":"relicPack:StarArrow"}],"items_purged_floors":[],"is_endless":false,"potions_floor_spawned":[3,10,11,16,20,30,31,32,37,40],"ascension_level":0}}