{"host":"yqztwemefsbhfep8","time":1614056670,"event":{"mods":["BaseMod","Downfall","Minty Spire (QoL Compilation)","StSLib"],"gold_per_floor":[99,117,175,175,55,66,90,265,279,79,26,26,46,46,61,157,157,157,172,187,198,198,198,198,198,209,221,221,306,336,336,356,356,356,356],"floor_reached":33,"language":"ENG","playtime":1813,"items_purged":[],"score":282,"play_id":"43bfac7f-2074-4a00-a254-731f538975ba","local_time":"20210222210430","is_ascension_mode":false,"campfire_choices":[{"floor":1,"key":"RECALL"},{"floor":10,"key":"REST"},{"data":"hexamod:SuperheatedStrike","floor":12,"key":"SMITH"},{"data":"hexamod:ApocalypseNow","floor":18,"key":"SMITH"},{"data":"RitualDagger","floor":25,"key":"SMITH"},{"floor":28,"key":"REST"}],"circlet_count":0,"master_deck":["hexamod:Strike","hexamod:Strike","hexamod:Strike","hexamod:Strike","hexamod:Defend","hexamod:Defend","hexamod:Defend","hexamod:Defend","hexamod:Sear","hexamod:Float+1","hexamod:Hexaguard","hexamod:FirstSeal","hexamod:FourthSeal","hexamod:GhostLash","hexamod:SuperheatedStrike+1","hexamod:FlamesFromBeyond","hexamod:Hexaguard","hexamod:FirstSeal","hexamod:SpectersWail","hexamod:ApocalypseNow+1","RitualDagger+1","hexamod:FastForward+1","hexamod:SpectersWail","hexamod:SixthSeal"],"relics":["hexamod:SpiritBrand","Juzu Bracelet","downfall:HeartBlessingBlue","downfall:HeartBlessingRed","Empty Cage","Mummified Hand","Centennial Puzzle"],"acts_visited":["Exordium","TheCity"],"potions_floor_usage":[11,16,16,21,27,30,30,32,33,33],"damage_taken":[{"damage":0,"enemies":"Small Slimes","floor":2,"turns":3},{"damage":35,"enemies":"Lagavulin Event","floor":3,"turns":7},{"damage":0,"enemies":"downfall:FleeingMerchant","floor":5,"turns":4},{"damage":5,"enemies":"Jaw Worm","floor":6,"turns":4},{"damage":3,"enemies":"2 Louse","floor":9,"turns":4},{"damage":5,"enemies":"downfall:FleeingMerchant","floor":11,"turns":4},{"damage":4,"enemies":"Exordium Wildlife","floor":13,"turns":3},{"damage":13,"enemies":"3 Louse","floor":15,"turns":3},{"damage":50,"enemies":"WA_ARCHETYPE_RETAIN","floor":16,"turns":8},{"damage":29,"enemies":"Spheric Guardian","floor":19,"turns":6},{"damage":15,"enemies":"Shell Parasite","floor":20,"turns":5},{"damage":20,"enemies":"Chosen and Byrds","floor":21,"turns":6},{"damage":19,"enemies":"Cultist and Chosen","floor":26,"turns":6},{"damage":38,"enemies":"Shelled Parasite and Fungi","floor":27,"turns":5},{"damage":23,"enemies":"Book of Stabbing","floor":30,"turns":5},{"damage":20,"enemies":"Snecko","floor":32,"turns":6},{"damage":72,"enemies":"SI_MIRROR_ARCHETYPE","floor":33,"turns":8}],"seed_played":"-769597602481231242","potions_obtained":[{"floor":2,"key":"Strength Potion"},{"floor":3,"key":"champ:CounterPotion"},{"floor":6,"key":"Slimebound:ThreeZeroPotion"},{"floor":6,"key":"Weak Potion"},{"floor":9,"key":"FairyPotion"},{"floor":11,"key":"champ:CounterPotion"},{"floor":13,"key":"Energy Potion"},{"floor":15,"key":"DistilledChaos"},{"floor":16,"key":"FearPotion"},{"floor":19,"key":"Slimebound:ThreeZeroPotion"},{"floor":26,"key":"Weak Potion"},{"floor":26,"key":"Fire Potion"},{"floor":27,"key":"ColorlessPotion"},{"floor":30,"key":"CultistPotion"},{"floor":30,"key":"bronze:BurnAndBuffPotion"},{"floor":32,"key":"LiquidBronze"},{"floor":32,"key":"SkillPotion"}],"is_trial":false,"path_per_floor":["R","M","?","?","$","M","T","?","M","R","$","R","M","?","M","B",null,"R","M","M","M","?","?","T","R","M","M","R","?","E","?","M","B"],"character_chosen":"THE_SPIRIT","items_purchased":["hexamod:SuperheatedStrike","hexamod:FlamesFromBeyond","hexamod:FirstSeal"],"campfire_rested":2,"item_purchase_floors":[5,5,11],"current_hp_per_floor":[70,70,35,28,35,37,37,37,41,75,77,77,80,85,85,35,85,85,70,69,63,57,85,85,85,80,56,81,67,51,51,45,0,0,0],"gold":356,"neow_bonus":"UPGRADE_CARD","is_daily":false,"chose_seed":false,"campfire_upgraded":3,"win_rate":0.0,"timestamp":1614056670,"path_taken":["R","M","?","?","?","M","T","?","M","R","$","R","M","?","M","BOSS","R","M","M","M","?","?","T","R","M","M","R","?","E","?","M","BOSS"],"items_purchased_type":["Card","Card","Card"],"build_version":"2020-12-22","purchased_purges":0,"victory":false,"max_hp_per_floor":[70,70,70,70,70,70,70,70,70,80,80,80,80,85,85,85,85,85,85,85,85,85,85,85,85,85,85,85,85,85,85,85,85,85,85],"card_choices":[{"not_picked":["hexamod:PhantomFireball","hexamod:NightmareGuise"],"picked":"hexamod:Hexaguard","floor":2},{"not_picked":["hexamod:SwordOfDarkness","hexamod:UnlimitedPower"],"picked":"hexamod:GhostLash","floor":5},{"not_picked":["hexamod:PhantomCloak","hexamod:GhostLash"],"picked":"hexamod:Hexaguard","floor":6},{"not_picked":["hexamod:SwordOfDarkness","hexamod:BacktrackSmack","hexamod:InspiringFlames"],"picked":"SKIP","floor":9},{"not_picked":["hexamod:TurnItUp","hexamod:AdvancingGuard","hexamod:ThermalTransfer"],"picked":"SKIP","floor":11},{"not_picked":["hexamod:FourthSeal","hexamod:HeatMetal"],"picked":"hexamod:FastForward","floor":13},{"not_picked":["hexamod:SuperheatedStrike","hexamod:SoulSteal"],"picked":"hexamod:SpectersWail","floor":15},{"not_picked":["hexamod:Toasty","hexamod:SearingWound"],"picked":"hexamod:ApocalypseNow","floor":16},{"not_picked":["hexamod:EmpoweredFlame","hexamod:GhostShield","hexamod:FirstSeal"],"picked":"SKIP","floor":19},{"not_picked":["hexamod:StepThrough","hexamod:BacktrackSmack","hexamod:FirstSeal"],"picked":"SKIP","floor":20},{"not_picked":["hexamod:SuperheatedStrike","hexamod:Firestarter","hexamod:InspiringFlames"],"picked":"SKIP","floor":21},{"not_picked":["hexamod:Haunt","hexamod:NightmareStrike"],"picked":"hexamod:FastForward+1","floor":26},{"not_picked":["hexamod:EmpoweredFlame","hexamod:Incineration","hexamod:GhostLash"],"picked":"SKIP","floor":27},{"not_picked":["hexamod:GhostShield","hexamod:FirstSeal"],"picked":"hexamod:SpectersWail","floor":30},{"not_picked":["hexamod:GhostflameBarrier","hexamod:GhostLash"],"picked":"hexamod:SixthSeal","floor":32}],"player_experience":344662,"relics_obtained":[{"floor":3,"key":"Juzu Bracelet"},{"floor":24,"key":"Mummified Hand"},{"floor":30,"key":"Centennial Puzzle"}],"event_choices":[{"damage_healed":0,"gold_gain":0,"player_choice":"Donut","damage_taken":0,"max_hp_gain":5,"max_hp_loss":0,"event_name":"Big Fish","floor":14,"gold_loss":0},{"damage_healed":28,"gold_gain":0,"player_choice":"Heal","damage_taken":0,"max_hp_gain":0,"max_hp_loss":0,"event_name":"The Library","floor":23,"gold_loss":0}],"is_beta":false,"boss_relics":[{"not_picked":["Sozu","SacredBark"],"picked":"Empty Cage"}],"items_purged_floors":[],"is_endless":false,"potions_floor_spawned":[2,3,6,13,15,19,20,26,30,32],"killed_by":"SI_MIRROR_ARCHETYPE","ascension_level":0}}