{"host":"bx54wbx1b8s5cm4v","time":1614046983,"event":{"mods":["BaseMod","GifTheSpireLib","Hubris","Minty Spire (QoL Compilation)","StSLib"],"gold_per_floor":[112,122,197,3,23,50,50,50,50,66,66,96,149,165,165,262,262,274,274,50,61,80,80,98,98,98],"floor_reached":25,"language":"ENG","playtime":821,"items_purged":["Regret"],"score":203,"play_id":"4ff249a1-c38c-435d-a117-21e43d4d7f79","local_time":"20210222232303","is_ascension_mode":false,"campfire_choices":[{"data":"BattleHymn","floor":11,"key":"SMITH"},{"floor":15,"key":"REST"},{"floor":23,"key":"REST"}],"circlet_count":0,"master_deck":["Strike_P","Strike_P","Strike_P","Strike_P","Defend_P","Defend_P","Defend_P","Defend_P","Eruption+1","Vigilance","Consecrate","ClearTheMind+1","BattleHymn+1","SashWhip","ThirdEye+1","CrushJoints","BowlingBash","Weave","TalkToTheHand","Ragnarok","WindmillStrike","EmptyFist","SandsOfTime","Meditate","Vengeance"],"relics":["PureWater","Turnip","Strange Spoon","Matryoshka","Blue Candle","Omamori","Pantograph","Odd Mushroom","Gremlin Horn","Dream Catcher","Fusion Hammer","hubris:Towel","War Paint"],"acts_visited":["Exordium","TheCity"],"potions_floor_usage":[6,25],"damage_taken":[{"damage":0,"enemies":"Small Slimes","floor":1,"turns":3},{"damage":0,"enemies":"Jaw Worm","floor":2,"turns":2},{"damage":0,"enemies":"2 Louse","floor":5,"turns":3},{"damage":22,"enemies":"Gremlin Nob","floor":6,"turns":4},{"damage":1,"enemies":"Looter","floor":10,"turns":4},{"damage":29,"enemies":"The Mushroom Lair","floor":12,"turns":3},{"damage":1,"enemies":"Red Slaver","floor":14,"turns":3},{"damage":21,"enemies":"Hexaghost","floor":16,"turns":7},{"damage":6,"enemies":"Spheric Guardian","floor":18,"turns":3},{"damage":5,"enemies":"3 Byrds","floor":21,"turns":4},{"damage":15,"enemies":"Snake Plant","floor":22,"turns":4},{"damage":0,"enemies":"Sentry and Sphere","floor":24,"turns":2},{"damage":62,"enemies":"Gremlin Leader","floor":25,"turns":2}],"seed_played":"6948045549922727044","potions_obtained":[{"floor":2,"key":"AttackPotion"},{"floor":5,"key":"Regen Potion"}],"is_trial":false,"path_per_floor":["M","M","?","$","M","E","?","?","T","M","R","?","T","M","R","B",null,"M","?","$","M","M","R","M","E"],"character_chosen":"WATCHER","items_purchased":["BattleHymn","Strange Spoon","War Paint"],"campfire_rested":2,"item_purchase_floors":[4,4,20],"current_hp_per_floor":[65,65,54,54,54,44,44,44,44,43,43,14,14,13,32,36,65,59,59,59,54,39,58,58,0,0],"gold":98,"neow_bonus":"ONE_RARE_RELIC","is_daily":false,"chose_seed":false,"campfire_upgraded":1,"win_rate":0.0,"timestamp":1614046983,"path_taken":["M","M","?","?","M","E","?","?","T","M","R","?","?","?","R","BOSS","M","?","$","M","M","R","M","E"],"items_purchased_type":["Card","Relic","Relic"],"build_version":"2020-12-22","purchased_purges":1,"victory":false,"max_hp_per_floor":[65,65,65,65,65,65,65,65,65,65,65,65,65,65,65,65,65,65,65,65,65,65,65,65,65,65],"card_choices":[{"not_picked":["EmptyMind","Evaluate"],"picked":"Consecrate","floor":1},{"not_picked":["EmptyFist","EmptyBody"],"picked":"ClearTheMind","floor":2},{"not_picked":["Crescendo","Evaluate"],"picked":"SashWhip","floor":5},{"not_picked":["WaveOfTheHand","Pray"],"picked":"ThirdEye","floor":6},{"not_picked":["Prostrate","CutThroughFate"],"picked":"CrushJoints","floor":10},{"not_picked":["WaveOfTheHand","ThirdEye"],"picked":"BowlingBash","floor":12},{"not_picked":["Pray","CrushJoints"],"picked":"Weave","floor":14},{"not_picked":["BowlingBash","JustLucky"],"picked":"TalkToTheHand","floor":15},{"not_picked":["Establishment","Scrawl"],"picked":"Ragnarok","floor":16},{"not_picked":["Halt","CarveReality"],"picked":"WindmillStrike","floor":18},{"not_picked":["CrushJoints","PathToVictory"],"picked":"EmptyFist","floor":21},{"not_picked":["Worship+1","WaveOfTheHand+1"],"picked":"SandsOfTime","floor":22},{"not_picked":["BowlingBash","ClearTheMind"],"picked":"Meditate","floor":23},{"not_picked":["Protect+1","JustLucky"],"picked":"Vengeance","floor":24}],"player_experience":62391,"relics_obtained":[{"floor":6,"key":"Matryoshka"},{"floor":9,"key":"Omamori"},{"floor":9,"key":"Pantograph"},{"floor":12,"key":"Odd Mushroom"},{"floor":13,"key":"Gremlin Horn"},{"floor":13,"key":"Dream Catcher"}],"event_choices":[{"damage_healed":0,"gold_gain":75,"player_choice":"Gather Gold","damage_taken":11,"max_hp_gain":0,"max_hp_loss":0,"event_name":"World of Goop","floor":3,"gold_loss":0},{"damage_healed":0,"gold_gain":0,"player_choice":"Grow","damage_taken":0,"max_hp_gain":0,"max_hp_loss":0,"event_name":"Living Wall","floor":7,"gold_loss":0,"cards_upgraded":["Eruption"]},{"damage_healed":0,"gold_gain":0,"player_choice":"Box","damage_taken":0,"relics_obtained":["Blue Candle"],"max_hp_gain":0,"max_hp_loss":0,"event_name":"Big Fish","floor":8,"gold_loss":0,"cards_obtained":["Regret"]},{"damage_healed":0,"gold_gain":0,"player_choice":"Fought Mushrooms","damage_taken":0,"max_hp_gain":0,"max_hp_loss":0,"event_name":"Mushrooms","floor":12,"gold_loss":0}],"is_beta":false,"boss_relics":[{"not_picked":["Ectoplasm","Tiny House"],"picked":"Fusion Hammer"}],"items_purged_floors":[20],"is_endless":false,"potions_floor_spawned":[2,5],"killed_by":"Gremlin Leader","ascension_level":0}}