{"host":"8yg5xi2a6w9qkgsw","time":1614120504,"event":{"mods":["AchievementEnabler","BaseMod","Block Reminder","Colored Powertips","Minty Spire (QoL Compilation)","MonsterHotkey","Random Character Button","Relic Stats"],"gold_per_floor":[119,133,151,151,171,171,196,215,215,215,250,263,279,307,307,386,386,403,422,440,440,452,484,503,503,503,503,537,557,603,305,305,377,377,394,426,181,181,191,191,221,131,158,172,197,197,214,240,240,240,240,240,26,56,56],"floor_reached":56,"language":"ENG","playtime":9486,"items_purged":["Strike_G+1","Strike_G+1"],"score":2351,"play_id":"4c99ee7c-0957-4c33-9642-ce787faf4786","local_time":"20210223234824","is_ascension_mode":true,"campfire_choices":[{"data":"Accuracy","floor":6.0,"key":"SMITH"},{"data":"Terror","floor":10.0,"key":"SMITH"},{"data":"Footwork","floor":15.0,"key":"SMITH"},{"data":"Wraith Form v2","floor":25.0,"key":"SMITH"},{"floor":27.0,"key":"REST"},{"data":"Wraith Form v2","floor":32.0,"key":"SMITH"},{"floor":40.0,"key":"RECALL"},{"data":"Accuracy","floor":46.0,"key":"SMITH"},{"data":"Accuracy","floor":49.0,"key":"SMITH"},{"data":"After Image","floor":52.0,"key":"SMITH"}],"circlet_count":0,"master_deck":["AscendersBane","Strike_G+1","Strike_G+1","Defend_G+1","Defend_G+1","Defend_G+1","Defend_G+1","Defend_G+1","Survivor","Neutralize+1","Blade Dance+1","Accuracy+1","PiercingWail","Backstab+1","Terror+1","Infinite Blades","Wraith Form v2+1","Footwork+1","Infinite Blades","After Image+1","Outmaneuver+1","Underhanded Strike+1","Wraith Form v2+1","Outmaneuver+1","Dash+1","Noxious Fumes","Corpse Explosion+1","Cloak And Dagger+1","Bouncing Flask","Accuracy+1","Leg Sweep","Accuracy+1","After Image","Leg Sweep","Blur"],"relics":["Ring of the Snake","Mango","TungstenRod","Pantograph","Pear","Bag of Preparation","Snecko Eye","Akabeko","Mummified Hand","Snake Skull","Gambling Chip","Toolbox","WristBlade","Ancient Tea Set","Nunchaku","MealTicket","Bag of Marbles","Whetstone"],"acts_visited":["Exordium","TheCity","TheBeyond","TheEnding"],"potions_floor_usage":[55,55],"damage_taken":[{"damage":0.0,"enemies":"Small Slimes","floor":1.0,"turns":4.0},{"damage":2.0,"enemies":"Cultist","floor":2.0,"turns":5.0},{"damage":5.0,"enemies":"Jaw Worm","floor":3.0,"turns":5.0},{"damage":0.0,"enemies":"Gremlin Gang","floor":5.0,"turns":4.0},{"damage":12.0,"enemies":"Gremlin Nob","floor":7.0,"turns":3.0},{"damage":3.0,"enemies":"3 Louse","floor":8.0,"turns":3.0},{"damage":4.0,"enemies":"Lagavulin","floor":11.0,"turns":5.0},{"damage":0.0,"enemies":"Exordium Thugs","floor":12.0,"turns":4.0},{"damage":0.0,"enemies":"Large Slime","floor":13.0,"turns":7.0},{"damage":0.0,"enemies":"Gremlin Nob","floor":14.0,"turns":2.0},{"damage":0.0,"enemies":"Slime Boss","floor":16.0,"turns":6.0},{"damage":3.0,"enemies":"3 Byrds","floor":18.0,"turns":7.0},{"damage":2.0,"enemies":"Shell Parasite","floor":19.0,"turns":6.0},{"damage":20.0,"enemies":"Shelled Parasite and Fungi","floor":20.0,"turns":4.0},{"damage":22.0,"enemies":"3 Cultists","floor":22.0,"turns":6.0},{"damage":22.0,"enemies":"Slavers","floor":23.0,"turns":6.0},{"damage":1.0,"enemies":"Centurion and Healer","floor":24.0,"turns":6.0},{"damage":0.0,"enemies":"Gremlin Leader","floor":28.0,"turns":5.0},{"damage":0.0,"enemies":"Snecko","floor":29.0,"turns":4.0},{"damage":7.0,"enemies":"Book of Stabbing","floor":30.0,"turns":6.0},{"damage":11.0,"enemies":"Champ","floor":33.0,"turns":8.0},{"damage":0.0,"enemies":"3 Shapes","floor":35.0,"turns":4.0},{"damage":0.0,"enemies":"3 Darklings","floor":36.0,"turns":7.0},{"damage":5.0,"enemies":"Jaw Worm Horde","floor":39.0,"turns":3.0},{"damage":0.0,"enemies":"Giant Head","floor":41.0,"turns":5.0},{"damage":3.0,"enemies":"Maw","floor":44.0,"turns":5.0},{"damage":0.0,"enemies":"Nemesis","floor":45.0,"turns":3.0},{"damage":0.0,"enemies":"3 Darklings","floor":47.0,"turns":2.0},{"damage":0.0,"enemies":"Giant Head","floor":48.0,"turns":6.0},{"damage":30.0,"enemies":"Time Eater","floor":50.0,"turns":10.0},{"damage":0.0,"enemies":"Shield and Spear","floor":54.0,"turns":4.0},{"damage":63,"enemies":"The Heart","floor":55,"turns":9}],"seed_played":"9190304286233987080","potions_obtained":[{"floor":2.0,"key":"Swift Potion"},{"floor":5.0,"key":"PowerPotion"},{"floor":7.0,"key":"Strength Potion"},{"floor":11.0,"key":"Ancient Potion"},{"floor":12.0,"key":"CultistPotion"},{"floor":14.0,"key":"LiquidMemories"},{"floor":16.0,"key":"LiquidMemories"},{"floor":20.0,"key":"Block Potion"},{"floor":23.0,"key":"Explosive Potion"},{"floor":29.0,"key":"ColorlessPotion"},{"floor":30.0,"key":"CultistPotion"},{"floor":33.0,"key":"SpeedPotion"},{"floor":41.0,"key":"BlessingOfTheForge"},{"floor":44.0,"key":"LiquidBronze"},{"floor":54.0,"key":"BlessingOfTheForge"}],"is_trial":false,"path_per_floor":["M","M","M","?","M","R","E","M","T","R","E","M","M","E","R","B",null,"M","M","M","?","M","E","M","R","T","R","E","M","E","$","R","B",null,"M","M","$","?","M","R","E","?","T","M","E","R","M","E","R","B",null,"R","$","E","B",null],"character_chosen":"THE_SILENT","items_purchased":["Toolbox","Noxious Fumes","Ancient Tea Set","After Image","Leg Sweep"],"campfire_rested":1,"item_purchase_floors":[31,31,37,53,53],"current_hp_per_floor":[73,71,66,66,66,66,54,51,51,51,57,57,57,57,57,82,84,81,79,59,59,37,15,14,14,14,39,39,39,32,32,32,46,75,75,75,75,75,70,70,70,70,70,67,67,67,67,67,67,54,77,77,84,84,21],"gold":56,"neow_bonus":"ONE_RARE_RELIC","is_daily":false,"chose_seed":false,"campfire_upgraded":8,"win_rate":0.0,"timestamp":1614120504,"path_taken":["M","M","M","?","M","R","E","?","T","R","E","M","M","E","R","BOSS","M","M","M","?","M","E","M","R","T","R","E","M","E","$","R","BOSS","M","M","$","?","?","R","E","?","T","M","E","R","M","E","R","BOSS","R","$","E","BOSS"],"items_purchased_type":["Relic","Card","Relic","Card","Card"],"build_version":"2020-12-22","purchased_purges":2,"victory":true,"max_hp_per_floor":[74,74,74,74,74,74,74,74,74,74,84,84,84,84,84,84,84,84,84,84,84,84,84,84,84,84,84,84,84,84,84,84,84,84,84,84,84,84,84,84,84,84,84,84,84,84,84,84,84,84,84,84,84,84,84],"relic_stats":{"counters":[32,164],"Snake Skull":[75],"Bag of Preparation":[11],"Whetstone":["Underhanded Strike","Backstab"],"Nunchaku":[9],"Mummified Hand":[192],"Pantograph":67,"Gambling Chip":[65],"Snecko Eye":[224,229,208,234],"MealTicket":7,"obtain_stats":[{"Pear":11,"Mango":0,"Snake Skull":28,"Bag of Preparation":14,"Whetstone":54,"Ancient Tea Set":37,"Akabeko":23,"Nunchaku":41,"WristBlade":34,"Mummified Hand":26,"Pantograph":9,"Gambling Chip":30,"Snecko Eye":17,"Toolbox":31,"MealTicket":45,"Bag of Marbles":48,"TungstenRod":7,"Ring of the Snake":0},{"Pear":7,"Mango":0,"Snake Skull":18,"Bag of Preparation":10,"Whetstone":31,"Ancient Tea Set":23,"Akabeko":16,"Nunchaku":25,"WristBlade":21,"Mummified Hand":17,"Pantograph":6,"Gambling Chip":20,"Snecko Eye":11,"Toolbox":20,"MealTicket":27,"Bag of Marbles":29,"TungstenRod":5,"Ring of the Snake":0},{"Pear":29,"Mango":0,"Snake Skull":88,"Bag of Preparation":42,"Whetstone":155,"Ancient Tea Set":117,"Akabeko":77,"Nunchaku":125,"WristBlade":106,"Mummified Hand":83,"Pantograph":24,"Gambling Chip":98,"Snecko Eye":48,"Toolbox":98,"MealTicket":133,"Bag of Marbles":141,"TungstenRod":21,"Ring of the Snake":0}],"TungstenRod":85,"Ring of the Snake":[64]},"card_choices":[{"not_picked":["Cloak And Dagger","Endless Agony"],"picked":"Blade Dance","floor":1.0},{"not_picked":["Footwork","Setup"],"picked":"Accuracy","floor":2.0},{"not_picked":["Riddle With Holes","Blur"],"picked":"PiercingWail","floor":3.0},{"not_picked":["Prepared","Blur"],"picked":"Backstab","floor":5.0},{"not_picked":["Storm of Steel","Finisher"],"picked":"Terror","floor":7.0},{"not_picked":["Dagger Throw","Poisoned Stab"],"picked":"Infinite Blades","floor":8.0},{"not_picked":["Backstab","PiercingWail"],"picked":"Wraith Form v2","floor":11.0},{"not_picked":["Deflect","PiercingWail"],"picked":"Footwork","floor":12.0},{"not_picked":["Riddle With Holes","Quick Slash","Sucker Punch"],"picked":"SKIP","floor":13.0},{"not_picked":["Endless Agony","Dagger Throw"],"picked":"Infinite Blades","floor":14.0},{"not_picked":["Night Terror","Storm of Steel"],"picked":"After Image","floor":16.0},{"not_picked":["Skewer","PiercingWail"],"picked":"Outmaneuver+1","floor":18.0},{"not_picked":["Bane","Sucker Punch","Dagger Spray+1"],"picked":"SKIP","floor":19.0},{"not_picked":["Dagger Spray","Quick Slash"],"picked":"Underhanded Strike","floor":20.0},{"not_picked":["Flechettes","Prepared"],"picked":"Wraith Form v2","floor":22.0},{"not_picked":["Poisoned Stab","Noxious Fumes"],"picked":"Outmaneuver+1","floor":23.0},{"not_picked":["Poisoned Stab","Sucker Punch+1","Masterful Stab"],"picked":"SKIP","floor":24.0},{"not_picked":["Riddle With Holes","Quick Slash","Cloak And Dagger"],"picked":"SKIP","floor":28.0},{"not_picked":["Cloak And Dagger","Blade Dance","Dagger Throw"],"picked":"SKIP","floor":29.0},{"not_picked":["Flying Knee","Tactician"],"picked":"Dash+1","floor":30.0},{"not_picked":["Phantasmal Killer","Die Die Die"],"picked":"Corpse Explosion","floor":33.0},{"not_picked":["PiercingWail","Prepared","Deflect"],"picked":"SKIP","floor":35.0},{"not_picked":["PiercingWail","Prepared","Deflect"],"picked":"SKIP","floor":35.0},{"not_picked":["Deflect","Endless Agony","Outmaneuver"],"picked":"SKIP","floor":36.0},{"not_picked":["Blur+1","Slice"],"picked":"Cloak And Dagger+1","floor":39.0},{"not_picked":["Endless Agony","Masterful Stab"],"picked":"Bouncing Flask","floor":41.0},{"not_picked":["PiercingWail","Escape Plan+1"],"picked":"Accuracy","floor":44.0},{"not_picked":["Flying Knee","Blur+1"],"picked":"Leg Sweep","floor":45.0},{"not_picked":["PiercingWail","Dodge and Roll+1","Prepared"],"picked":"SKIP","floor":47.0},{"not_picked":["Bane","Sucker Punch+1"],"picked":"Accuracy","floor":48.0},{"not_picked":["Dagger Throw+1","Unload"],"picked":"Blur","floor":54.0}],"player_experience":1525951,"relics_obtained":[{"floor":7.0,"key":"TungstenRod"},{"floor":9.0,"key":"Pantograph"},{"floor":11.0,"key":"Pear"},{"floor":14.0,"key":"Bag of Preparation"},{"floor":23.0,"key":"Akabeko"},{"floor":26.0,"key":"Mummified Hand"},{"floor":28.0,"key":"Snake Skull"},{"floor":30.0,"key":"Gambling Chip"},{"floor":41.0,"key":"Nunchaku"},{"floor":45.0,"key":"MealTicket"},{"floor":48.0,"key":"Bag of Marbles"},{"floor":54.0,"key":"Whetstone"}],"event_choices":[{"damage_healed":0.0,"max_hp_gain":0.0,"max_hp_loss":0.0,"gold_gain":0.0,"event_name":"Upgrade Shrine","player_choice":"Upgraded","floor":4.0,"gold_loss":0.0,"damage_taken":0.0,"cards_upgraded":["Blade Dance"]},{"damage_healed":0.0,"max_hp_gain":0.0,"max_hp_loss":0.0,"gold_gain":0.0,"event_name":"Back to Basics","player_choice":"Simplicity","floor":21.0,"gold_loss":0.0,"damage_taken":0.0,"cards_upgraded":["Strike_G","Strike_G","Strike_G","Strike_G","Strike_G","Defend_G","Defend_G","Defend_G","Defend_G","Defend_G"]},{"damage_healed":0.0,"max_hp_gain":0.0,"max_hp_loss":0.0,"gold_gain":0.0,"event_name":"Accursed Blacksmith","player_choice":"Forge","floor":38.0,"gold_loss":0.0,"damage_taken":0.0,"cards_upgraded":["Corpse Explosion"]},{"cards_removed":["Strike_G"],"damage_healed":0.0,"max_hp_gain":0.0,"max_hp_loss":0.0,"gold_gain":0.0,"event_name":"Designer","player_choice":"Upgrade and Remove","floor":42.0,"gold_loss":90.0,"damage_taken":0.0,"cards_upgraded":["Neutralize"]}],"is_beta":false,"boss_relics":[{"not_picked":["SlaversCollar","Ectoplasm"],"picked":"Snecko Eye"},{"not_picked":["Black Star","Cursed Key"],"picked":"WristBlade"}],"items_purged_floors":[31,37],"is_endless":false,"potions_floor_spawned":[2,5,7,11,12,14,16,20,23,29,30,33,35,41,44,54],"ascension_level":14}}