{"host":"xt8a2gaayqxupton","time":1614072532,"event":{"mods":["2.2 Compatiblity","Abigail Mod","AchievementEnabler","Act Like it!","Arknights","BaseMod","CapriCore","Chen","Colored Map","Dota2Spire","Gensokyo","GungeonMod","Hallownest","Koishi","KomeijiMod","Lobotomy","Marisa£¨Ùöéë¡¡Øª×âÞÞ£©","Minty Spire (QoL Compilation)","Reimu£¨ÚÏ???£©","StSLib","The Administrix","The Animator","The Bug Knight","The Immortal","Yakumo Yukari mod","Yuyuko"],"gold_per_floor":[154,154,169,180,195,228,260,44,44,44,61,61,96,57,57,155,155,175,201,201,221,71,109,150,130,177,189,0,39,129,154,166,276,288,350,165,165,105,124,180,98,98,147,201,229,269,288,288,288,318,318,318,318,56,90,125],"floor_reached":57,"language":"KOR","playtime":2206,"items_purged":[],"score":1362,"play_id":"83843f01-99bc-4f20-af01-f55bf09e6845","local_time":"20210223182852","is_ascension_mode":false,"campfire_choices":[{"floor":10.0,"key":"REST"},{"floor":15.0,"key":"REST"},{"data":"DemoMod:Behold!","floor":27.0,"key":"SMITH"},{"data":"DemoMod:Behold!","floor":32.0,"key":"SMITH"},{"floor":42.0,"key":"RECALL"},{"floor":49,"key":"REST"},{"data":"DemoMod:TableSutra","floor":53,"key":"SMITH"}],"circlet_count":0,"master_deck":["DemoMod:Defend_Huntress","DemoMod:Defend_Huntress","DemoMod:Defend_Huntress","DemoMod:Roll","DemoMod:ManualReload","DemoMod:RustySidearm+1","DemoMod:CrossBow+1","DemoMod:AbyssalTentacle","DemoMod:HardPowerCard+1","DemoMod:TeaPot","DemoMod:Evolver","DemoMod:ShadowBullets+1","DemoMod:TableSutra+1","DemoMod:MachoBrace","DemoMod:Behold!+1","DemoMod:HungryBullets","DemoMod:Behold!+1","DemoMod:Eureka","DemoMod:FastSwitch","DemoMod:BlankBullets","DemoMod:Unmoved","Gensokyo:CustomPotion","DemoMod:HighKaliber","DemoMod:SuppressiveFire","DemoMod:Unmoved","DemoMod:Unmoved+1"],"relics":["DemoMod:Dog","Akabeko","Blood Vial","Sling","CrazyTorch:ReiMu","Gensokyo:LunaticRedEyes","Dota2Spire:Dagon","DemoMod:RiddleOfLead","Orichalcum","Dota2Spire:HandOfMidas","MawBank","HollowMod:LifeEnderRelic","Empty Cage","Dota2Spire:BladeMail","Dota2Spire:ArcaneBoots","DemoMod:DecoyRelic","Dota2Spire:MonkeyKingBar","DemoMod:GreenGuonStone"],"acts_visited":["Gensokyo:Gensokyo","Gensokyo:Gensokyoer","Gensokyo:Gensokyoest","TheEnding"],"potions_floor_usage":[],"damage_taken":[{"damage":8.0,"enemies":"Gensokyo:2_Kodama","floor":1.0,"turns":4.0},{"damage":9.0,"enemies":"Gensokyo:Python","floor":3.0,"turns":4.0},{"damage":7.0,"enemies":"Gensokyo:3_Fairies","floor":4.0,"turns":4.0},{"damage":2.0,"enemies":"Gensokyo:VengefulSpirit","floor":5.0,"turns":5.0},{"damage":43.0,"enemies":"Gensokyo:Cirno","floor":6.0,"turns":8.0},{"damage":0.0,"enemies":"Gensokyo:LivingMonolith","floor":7.0,"turns":2.0},{"damage":0.0,"enemies":"Gensokyo:2_Rabbits","floor":11.0,"turns":4.0},{"damage":6.0,"enemies":"Gensokyo:Mamizou","floor":13.0,"turns":7.0},{"damage":41.0,"enemies":"Gensokyo:Reimu","floor":16.0,"turns":8.0},{"damage":0.0,"enemies":"Gensokyo:CosmicMonolith","floor":18.0,"turns":3.0},{"damage":0.0,"enemies":"Gensokyo:2_Gloops","floor":19.0,"turns":2.0},{"damage":40.0,"enemies":"Gensokyo:Wraith","floor":21.0,"turns":5.0},{"damage":11.0,"enemies":"Gensokyo:Koishi","floor":23.0,"turns":5.0},{"damage":17.0,"enemies":"Gensokyo:Chomper_and_Gloop","floor":24.0,"turns":4.0},{"damage":6.0,"enemies":"Gensokyo:Reisen","floor":29.0,"turns":3.0},{"damage":0.0,"enemies":"Gensokyo:Monolith_and_Dog","floor":30.0,"turns":3.0},{"damage":0.0,"enemies":"Gensokyo:Monolith_and_Dog","floor":31.0,"turns":1.0},{"damage":37.0,"enemies":"Gensokyo:Eiki","floor":33.0,"turns":3.0},{"damage":0.0,"enemies":"Gensokyo:3_Boulders","floor":35.0,"turns":4.0},{"damage":0.0,"enemies":"Gensokyo:3_Bats","floor":39.0,"turns":2.0},{"damage":47.0,"enemies":"Gensokyo:Kasen","floor":40.0,"turns":4.0},{"damage":31.0,"enemies":"Gensokyo:Rafflesia","floor":44.0,"turns":6.0},{"damage":0,"enemies":"Gensokyo:Marisa","floor":45,"turns":3},{"damage":0,"enemies":"Gensokyo:SeedOfUnknown","floor":46,"turns":2},{"damage":0,"enemies":"Gensokyo:Dusk_and_Dawn","floor":47,"turns":2},{"damage":23,"enemies":"Gensokyo:Scarlet_Devils","floor":50,"turns":9},{"damage":0,"enemies":"Shield and Spear","floor":55,"turns":3},{"damage":41,"enemies":"The Heart","floor":56,"turns":8}],"seed_played":"-4504375877856437682","potions_obtained":[{"floor":1.0,"key":"Weak Potion"},{"floor":3.0,"key":"Swift Potion"},{"floor":13.0,"key":"Swift Potion"},{"floor":16.0,"key":"SteroidPotion"},{"floor":18.0,"key":"Energy Potion"},{"floor":24.0,"key":"Swift Potion"},{"floor":39.0,"key":"Dota2Spire:Clarity"},{"floor":44.0,"key":"DemoMod:BlankPotion"}],"is_trial":false,"path_per_floor":["M","T","M","M","M","E","M","$","T","R","M","?","E","COS","R","B",null,"M","M","?","M","$","E","M","?","T","R","?","E","?","M","R","B",null,"M","$","?","?","M","E","$","R","T","M","E","M","M","?","R","B",null,null,"R","$","E","B",null],"character_chosen":"HUNTRESS","items_purchased":["DemoMod:Behold!","Sling","DemoMod:Unmoved","DemoMod:SuppressiveFire","Dota2Spire:MonkeyKingBar"],"campfire_rested":3,"item_purchase_floors":[8,8,36,41,54],"current_hp_per_floor":[62,62,53,46,44,1,3,3,3,24,26,26,22,22,43,4,80,80,80,80,40,40,31,16,56,56,56,56,52,54,56,56,21,80,80,80,80,80,80,33,33,33,33,4,6,8,10,10,34,13,13,80,80,80,80,62],"gold":125,"neow_bonus":"TRANSFORM_TWO_CARDS","is_daily":false,"chose_seed":false,"campfire_upgraded":3,"win_rate":0.0,"timestamp":1614072532,"path_taken":["M","?","M","?","M","E","M","?","T","R","M","?","E","COS","R","BOSS","M","M","?","M","$","E","M","?","T","R","?","E","?","M","R","BOSS","M","$","?","?","M","E","?","R","T","M","E","M","M","?","R","BOSS","R","$","E","BOSS"],"items_purchased_type":["Card","Relic","Card","Card","Relic"],"build_version":"2020-12-22","purchased_purges":0,"victory":true,"max_hp_per_floor":[70,70,70,70,70,70,70,70,70,70,70,70,70,70,70,70,80,80,80,80,80,80,80,80,80,80,80,80,80,80,80,80,80,80,80,80,80,80,80,80,80,80,80,80,80,80,80,80,80,80,80,80,80,80,80,80],"card_choices":[{"not_picked":["DemoMod:SAA","DemoMod:BattleInHaste","DemoMod:SkilledReload"],"picked":"SKIP","floor":1.0},{"not_picked":["DemoMod:DirectionalPad","DemoMod:Replace"],"picked":"DemoMod:TeaPot","floor":3.0},{"not_picked":["DemoMod:GunstockTap","DemoMod:SpreadAmmo"],"picked":"DemoMod:Evolver","floor":4.0},{"not_picked":["DemoMod:GunstockTap","DemoMod:AC15"],"picked":"DemoMod:ShadowBullets","floor":5.0},{"not_picked":["DemoMod:FeignSurrender","DemoMod:ConditionalReflex"],"picked":"DemoMod:TableSutra","floor":6.0},{"not_picked":["DemoMod:MegaHand","DemoMod:CursedBullets"],"picked":"DemoMod:MachoBrace","floor":7.0},{"not_picked":["DemoMod:AC15","DemoMod:BattleInHaste","DemoMod:StickyCrossBow"],"picked":"SKIP","floor":11.0},{"not_picked":["DemoMod:Evolver","DemoMod:TableSutra"],"picked":"DemoMod:HungryBullets","floor":13.0},{"not_picked":["DemoMod:BalloonGun","DemoMod:BSG"],"picked":"DemoMod:Behold!","floor":16.0},{"not_picked":["DemoMod:SkilledReload","DemoMod:HuntsMan","DemoMod:FastSwitch"],"picked":"SKIP","floor":18.0},{"not_picked":["DemoMod:AC15","DemoMod:GunstockTap+1","DemoMod:FastSwitch"],"picked":"SKIP","floor":19.0},{"not_picked":["DemoMod:Unity+1","DemoMod:ConditionalReflex"],"picked":"DemoMod:HungryBullets","floor":21.0},{"not_picked":["DemoMod:MachoBrace","DemoMod:TeaPot+1","DemoMod:Casey"],"picked":"SKIP","floor":23.0},{"not_picked":["DemoMod:DoubleSwitch+1","DemoMod:StrategicReserve+1"],"picked":"DemoMod:Eureka","floor":24.0},{"not_picked":["DemoMod:TableSutra","DemoMod:AWP","DemoMod:HuntsMan"],"picked":"SKIP","floor":29.0},{"not_picked":["DemoMod:BSG","DemoMod:BattleInHaste+1"],"picked":"DemoMod:FastSwitch","floor":30.0},{"not_picked":["DemoMod:ZorGun","DemoMod:Ejector","DemoMod:AC15"],"picked":"SKIP","floor":31.0},{"not_picked":["DemoMod:Eureka","DemoMod:DoubleVision"],"picked":"DemoMod:BlankBullets","floor":33.0},{"not_picked":["DemoMod:HardPowerCard+1","DemoMod:StickyCrossBow+1","DemoMod:FeignSurrender"],"picked":"SKIP","floor":35.0},{"not_picked":["DemoMod:GunShield+1","DemoMod:BoxingGlove+1"],"picked":"DemoMod:HighKaliber","floor":39.0},{"not_picked":["DemoMod:BattleInHaste","DemoMod:PotionOfGunFriendShip","DemoMod:Ejector"],"picked":"SKIP","floor":39.0},{"not_picked":["DemoMod:HighKaliber","DemoMod:CombinedRifle","DemoMod:JK47"],"picked":"SKIP","floor":40.0},{"not_picked":["DemoMod:Polaris","DemoMod:FinishedGun","DemoMod:StickyCrossBow"],"picked":"SKIP","floor":44.0},{"not_picked":["DemoMod:Slinger","DemoMod:SAA+1","DemoMod:AbyssalTentacle"],"picked":"SKIP","floor":45},{"not_picked":["DemoMod:HungryBullets","DemoMod:ProbeStrike+1","DemoMod:Replace"],"picked":"SKIP","floor":46},{"not_picked":["DemoMod:Elimentaler","DemoMod:HuntsMan"],"picked":"DemoMod:Unmoved","floor":47},{"not_picked":["DemoMod:FortunesFavor","DemoMod:BoxingGlove"],"picked":"DemoMod:Unmoved+1","floor":55}],"player_experience":593258,"relics_obtained":[{"floor":2.0,"key":"Akabeko"},{"floor":6.0,"key":"Blood Vial"},{"floor":9.0,"key":"CrazyTorch:ReiMu"},{"floor":13.0,"key":"Dota2Spire:Dagon"},{"floor":23.0,"key":"Dota2Spire:HandOfMidas"},{"floor":26.0,"key":"MawBank"},{"floor":29.0,"key":"HollowMod:LifeEnderRelic"},{"floor":40.0,"key":"Dota2Spire:BladeMail"},{"floor":43.0,"key":"Dota2Spire:ArcaneBoots"},{"floor":45,"key":"DemoMod:DecoyRelic"},{"floor":55,"key":"DemoMod:GreenGuonStone"}],"event_choices":[],"is_beta":false,"boss_relics":[{"not_picked":["DemoMod:ElasticCartridgeClip","Astrolabe"],"picked":"DemoMod:RiddleOfLead"},{"not_picked":["Dota2Spire:RefresherOrb","Calling Bell"],"picked":"Empty Cage"}],"items_purged_floors":[],"is_endless":false,"potions_floor_spawned":[1,3,13,16,18,19,24,39,44,46,47],"ascension_level":0}}