{"host":"dlqyscxstsnu98l1","time":1614059393,"event":{"mods":["AchievementEnabler","BaseMod","Colored Map","Colored Powertips","GifTheSpireLib","Highlight Path","Minty Spire (QoL Compilation)","Random Character Button","SacredBarkPlus","StSLib","everything is the same but u backflip on backflip"],"gold_per_floor":[211,221,186,204,216,251,251,251,251,271,306,101,119,134,134,233,233,233,233,3,3,3,3,3,3,3,3,3,3,3,3,3,3,3],"floor_reached":33,"language":"ENG","playtime":1493,"items_purged":["Strike_P"],"score":570,"play_id":"d1484a6d-f525-435e-9ecb-44f5b8638764","local_time":"20210222234953","is_ascension_mode":true,"campfire_choices":[{"data":"Eruption","floor":8,"key":"SMITH"},{"floor":15,"key":"REST"},{"floor":25,"key":"REST"},{"floor":32,"key":"REST"}],"circlet_count":0,"master_deck":["Strike_P","Strike_P","Strike_P","Defend_P","Defend_P+1","Defend_P","Defend_P","Eruption+1","Vigilance","CrushJoints","Consecrate","SandsOfTime","ClearTheMind","BattleHymn+1","Halt","Establishment","Halt","WindmillStrike","Halt","Indignation","Protect","DeceiveReality+1","Tantrum","ClearTheMind+1","Swivel+1"],"relics":["PureWater","InkBottle","Letter Opener","Lantern","Ectoplasm","Bag of Preparation","Omamori","TeardropLocket","Pear","Bag of Marbles","War Paint"],"acts_visited":["Exordium","TheCity"],"potions_floor_usage":[6,14,18,22,22,31,33,33],"damage_taken":[{"damage":4,"enemies":"2 Louse","floor":1,"turns":4},{"damage":0,"enemies":"Small Slimes","floor":2,"turns":3},{"damage":0,"enemies":"Cultist","floor":4,"turns":2},{"damage":0,"enemies":"Large Slime","floor":5,"turns":3},{"damage":25,"enemies":"3 Sentries","floor":6,"turns":10},{"damage":11,"enemies":"Looter","floor":10,"turns":2},{"damage":0,"enemies":"Lagavulin","floor":11,"turns":4},{"damage":5,"enemies":"Blue Slaver","floor":13,"turns":3},{"damage":0,"enemies":"Exordium Wildlife","floor":14,"turns":2},{"damage":0,"enemies":"The Guardian","floor":16,"turns":5},{"damage":7,"enemies":"Shell Parasite","floor":18,"turns":3},{"damage":4,"enemies":"3 Byrds","floor":19,"turns":3},{"damage":8,"enemies":"Snake Plant","floor":22,"turns":2},{"damage":24,"enemies":"Gremlin Leader","floor":23,"turns":4},{"damage":23,"enemies":"Slavers","floor":27,"turns":5},{"damage":0,"enemies":"Snecko","floor":29,"turns":2},{"damage":16,"enemies":"Sentry and Sphere","floor":30,"turns":4},{"damage":0,"enemies":"Book of Stabbing","floor":31,"turns":3},{"damage":80,"enemies":"Champ","floor":33,"turns":11}],"seed_played":"3257518481268464014","potions_obtained":[{"floor":2,"key":"SkillPotion"},{"floor":6,"key":"SteroidPotion"},{"floor":11,"key":"SkillPotion"},{"floor":13,"key":"Strength Potion"},{"floor":16,"key":"LiquidMemories"},{"floor":19,"key":"BlessingOfTheForge"},{"floor":30,"key":"Ancient Potion"},{"floor":31,"key":"Fruit Juice"}],"is_trial":false,"path_per_floor":["M","M","?","M","M","E","?","R","T","M","E","$","M","M","R","B",null,"M","M","$","?","M","E","?","R","T","E","T","M","M","E","R","B"],"character_chosen":"WATCHER","items_purchased":["Halt","WindmillStrike","Indignation","Bag of Preparation"],"campfire_rested":3,"item_purchase_floors":[12,12,20,20],"current_hp_per_floor":[61,61,72,72,72,47,47,47,47,36,36,36,31,31,52,52,67,60,56,56,56,48,24,24,45,45,32,32,32,16,16,40,0,0],"gold":3,"neow_bonus":"HUNDRED_GOLD","is_daily":false,"chose_seed":false,"campfire_upgraded":1,"win_rate":0.0,"timestamp":1614059393,"path_taken":["M","M","?","M","M","E","?","R","T","M","E","$","?","M","R","BOSS","M","M","$","?","M","E","?","R","T","E","?","M","M","E","R","BOSS"],"items_purchased_type":["Card","Card","Card","Relic"],"build_version":"2020-12-22","purchased_purges":1,"victory":false,"max_hp_per_floor":[72,72,72,72,72,72,72,72,72,72,72,72,72,72,72,72,72,72,72,72,72,72,72,72,72,72,82,82,82,82,82,82,87,87],"card_choices":[{"not_picked":["FlurryOfBlows","ThirdEye"],"picked":"CrushJoints","floor":1},{"not_picked":["Protect","JustLucky"],"picked":"Consecrate","floor":2},{"not_picked":["WheelKick","FlurryOfBlows"],"picked":"SandsOfTime","floor":4},{"not_picked":["PathToVictory","Consecrate"],"picked":"ClearTheMind","floor":5},{"not_picked":["WheelKick","Evaluate"],"picked":"BattleHymn","floor":6},{"not_picked":["FollowUp","Swivel"],"picked":"Halt","floor":10},{"not_picked":["Prostrate","BowlingBash"],"picked":"Establishment","floor":11},{"not_picked":["WindmillStrike","EmptyFist","Pray"],"picked":"SKIP","floor":13},{"not_picked":["EmptyBody","Prostrate"],"picked":"Halt","floor":14},{"not_picked":["Perseverance+1","EmptyFist","Swivel+1"],"picked":"SKIP","floor":18},{"not_picked":["WaveOfTheHand","Conclude","FlyingSleeves"],"picked":"SKIP","floor":19},{"not_picked":["BowlingBash","ThirdEye+1"],"picked":"Protect","floor":22},{"not_picked":["FlurryOfBlows","PathToVictory+1"],"picked":"DeceiveReality","floor":23},{"not_picked":["CrushJoints","Brilliance"],"picked":"Tantrum","floor":27},{"not_picked":["FollowUp","Wireheading"],"picked":"ClearTheMind+1","floor":29},{"not_picked":["JustLucky","PathToVictory+1","CutThroughFate"],"picked":"SKIP","floor":30},{"not_picked":["Weave","JustLucky"],"picked":"Swivel+1","floor":31}],"player_experience":271707,"relics_obtained":[{"floor":6,"key":"InkBottle"},{"floor":9,"key":"Letter Opener"},{"floor":11,"key":"Lantern"},{"floor":23,"key":"Omamori"},{"floor":27,"key":"Pear"},{"floor":28,"key":"Bag of Marbles"},{"floor":31,"key":"War Paint"}],"event_choices":[{"damage_healed":18,"gold_gain":0,"player_choice":"Healed","damage_taken":0,"max_hp_gain":0,"max_hp_loss":0,"event_name":"The Cleric","floor":3,"gold_loss":35},{"damage_healed":0,"gold_gain":0,"player_choice":"Upgraded","damage_taken":0,"max_hp_gain":0,"max_hp_loss":0,"event_name":"Upgrade Shrine","floor":7,"gold_loss":0,"cards_upgraded":["BattleHymn"]},{"damage_healed":0,"gold_gain":99,"player_choice":"Stole From Cult","damage_taken":0,"max_hp_gain":0,"max_hp_loss":0,"event_name":"Nest","floor":21,"gold_loss":0},{"damage_healed":0,"gold_gain":0,"player_choice":"Opened","damage_taken":0,"relics_obtained":["TeardropLocket"],"max_hp_gain":0,"max_hp_loss":0,"event_name":"The Mausoleum","floor":24,"gold_loss":0}],"is_beta":false,"boss_relics":[{"not_picked":["Philosopher\u0027s Stone","Velvet Choker"],"picked":"Ectoplasm"}],"items_purged_floors":[12],"is_endless":false,"potions_floor_spawned":[2,6,11,13,16,19,30,31],"killed_by":"Champ","ascension_level":6}}