{"host":"xwl7b08i4vco8s3a","time":1614090398,"event":{"mods":["BaseMod","Colored Powertips","Downfall","Hermit","Minty Spire (QoL Compilation)","Replay The Spire","StSLib","Wandering Minibosses"],"gold_per_floor":[113,113,130,140,140,171,171,203,281,281,314,305,325,325,325,418,418,438,292,292,152,152],"floor_reached":21,"language":"ENG","playtime":1124,"items_purged":[],"score":222,"play_id":"2dfae0b3-e58e-4754-a471-68bd50000fc3","local_time":"20210223152638","is_ascension_mode":false,"campfire_choices":[{"floor":7,"key":"RECALL"},{"data":"hermit:HighCaliber","floor":10,"key":"SMITH"},{"floor":15,"key":"REST"}],"circlet_count":0,"master_deck":["hermit:Strike_Hermit","hermit:Strike_Hermit","hermit:Strike_Hermit","hermit:Defend_Hermit","hermit:Defend_Hermit","hermit:Snapshot","hermit:Shortfuse","hermit:HighCaliber+1","hermit:Horror","hermit:Deadeye","hermit:EternalForm","hermit:Strike_Hermit","hermit:Showdown","hermit:OverwhelmingPower","hermit:Glare"],"relics":["hermit:Momento","Shovel","Omamori","Replay:Ringing Soul","Bottled Flame","Replay:Drink Me","ReplayTheSpireMod:CursedCoin","Vajra","Tiny Chest"],"acts_visited":["Exordium","TheCity"],"potions_floor_usage":[8,11,16,16,21,21],"damage_taken":[{"damage":2,"enemies":"Small Slimes","floor":1,"turns":3},{"damage":0,"enemies":"Cultist","floor":3,"turns":4},{"damage":0,"enemies":"2 Louse","floor":4,"turns":2},{"damage":17,"enemies":"Lagavulin","floor":6,"turns":6},{"damage":0,"enemies":"Gremlin Nob","floor":8,"turns":3},{"damage":26,"enemies":"Lagavulin","floor":11,"turns":6},{"damage":0,"enemies":"Exordium Thugs","floor":12,"turns":6},{"damage":6,"enemies":"Lots of Slimes","floor":13,"turns":3},{"damage":35,"enemies":"The Guardian","floor":16,"turns":8},{"damage":32,"enemies":"Chosen","floor":18,"turns":7},{"damage":35,"enemies":"2 Thieves","floor":21,"turns":3}],"seed_played":"-7264294694621136194","potions_obtained":[{"floor":1,"key":"Explosive Potion"},{"floor":6,"key":"Flashbang"},{"floor":11,"key":"CultistPotion"},{"floor":13,"key":"Dexterity Potion"},{"floor":16,"key":"Explosive Potion"},{"floor":18,"key":"EssenceOfSteel"}],"is_trial":false,"path_per_floor":["M","?","M","M","?","E","R","E","T","R","E","M","M","?","R","B",null,"M","$","?","M"],"character_chosen":"HERMIT","items_purchased":["ReplayTheSpireMod:CursedCoin","Vajra","Tiny Chest"],"campfire_rested":1,"item_purchase_floors":[19,19,19],"current_hp_per_floor":[80,82,82,82,82,65,65,65,65,65,42,42,36,39,65,33,69,40,40,34,0,0],"gold":152,"neow_bonus":"TEN_PERCENT_HP_BONUS","is_daily":false,"chose_seed":false,"campfire_upgraded":1,"win_rate":0.0,"timestamp":1614090398,"path_taken":["M","?","M","?","?","E","R","E","T","R","E","?","M","?","R","BOSS","M","$","?","?"],"items_purchased_type":["Relic","Relic","Relic"],"build_version":"2020-12-22","purchased_purges":0,"victory":false,"max_hp_per_floor":[82,82,82,82,82,82,82,82,82,82,85,85,85,88,88,91,69,72,72,72,72,72],"card_choices":[{"not_picked":["hermit:Feint","hermit:TrackingShot"],"picked":"hermit:Shortfuse","floor":1},{"not_picked":["hermit:FlashPowder","hermit:LowProfile"],"picked":"hermit:Shortfuse","floor":3},{"not_picked":["hermit:Misfire","hermit:DeadMansHand"],"picked":"hermit:HighCaliber","floor":4},{"not_picked":["hermit:Spite","hermit:DeadMansHand"],"picked":"hermit:Horror","floor":6},{"not_picked":["hermit:SprayPray","hermit:Ricochet"],"picked":"hermit:Deadeye","floor":8},{"not_picked":["hermit:ItchyTrigger","hermit:SprayPray"],"picked":"hermit:EternalForm","floor":11},{"not_picked":["hermit:Feint","hermit:Misfire","hermit:Coalescence"],"picked":"SKIP","floor":12},{"not_picked":["hermit:LowProfile","hermit:Horror","hermit:LuckOfTheDraw"],"picked":"SKIP","floor":13},{"not_picked":["hermit:Adapt","hermit:BlackWind"],"picked":"hermit:OverwhelmingPower","floor":16},{"not_picked":["hermit:ItchyTrigger","hermit:Headshot"],"picked":"hermit:Glare","floor":18}],"player_experience":448742,"relics_obtained":[{"floor":6,"key":"Shovel"},{"floor":8,"key":"Omamori"},{"floor":9,"key":"Replay:Ringing Soul"},{"floor":11,"key":"Bottled Flame"}],"event_choices":[{"cards_removed":["hermit:Shortfuse"],"damage_healed":2,"gold_gain":0,"player_choice":"Offered Uncommon","damage_taken":0,"max_hp_gain":0,"max_hp_loss":0,"event_name":"Bonfire Elementals","floor":2,"gold_loss":0},{"cards_removed":["hermit:Strike_Hermit"],"damage_healed":0,"gold_gain":0,"player_choice":"Card Removal","damage_taken":0,"max_hp_gain":0,"max_hp_loss":0,"event_name":"Wheel of Change","floor":5,"gold_loss":0},{"damage_healed":0,"gold_gain":0,"player_choice":"2 cards matched","damage_taken":0,"max_hp_gain":0,"max_hp_loss":0,"event_name":"Match and Keep!","floor":14,"gold_loss":0,"cards_obtained":["hermit:Strike_Hermit","hermit:Showdown"]},{"damage_healed":0,"gold_gain":0,"player_choice":"","damage_taken":6,"max_hp_gain":0,"max_hp_loss":0,"event_name":"Knowing Skull","floor":20,"potions_obtained":[],"gold_loss":0,"cards_obtained":[]}],"is_beta":false,"boss_relics":[{"not_picked":["Black Star","Replay:Wanted Poster"],"picked":"Replay:Drink Me"}],"items_purged_floors":[],"is_endless":false,"potions_floor_spawned":[1,6,11,13,16,18],"killed_by":"2 Thieves","ascension_level":0}}