{"host":"ptk1shuto3uimndw","time":1614079433,"event":{"mods":["AchievementEnabler","BaseMod","Bestiary","Colored Map","Colored Powertips","Curses Come First","Minty Spire (QoL Compilation)","Quick Restart","Rare Cards Sparkle","Relic Stats","StSLib","Uncapped"],"gold_per_floor":[112,125,125,20,32,32,46,79,103,135,147,166,166,176,176,253,253,269,194,244,260,260,260,289,307,330,357,375,404,298,298,298,298,298],"floor_reached":33,"language":"ENG","playtime":1080,"items_purged":["Strike_B","Strike_B"],"score":616,"play_id":"b4c7f395-688d-42d8-b68c-8a2f500f5672","local_time":"20210223122353","is_ascension_mode":true,"campfire_choices":[{"data":"Loop","floor":6.0,"key":"SMITH"},{"floor":13,"key":"REST"},{"data":"Self Repair","floor":15,"key":"SMITH"},{"data":"Undo","floor":23,"key":"SMITH"},{"data":"Loop","floor":32,"key":"SMITH"}],"circlet_count":0,"master_deck":["AscendersBane","Strike_B","Strike_B","Defend_B+1","Defend_B","Defend_B","Defend_B","Zap+1","Dualcast","Electrodynamics","White Noise","Loop+1","Loop+1","Sweeping Beam","Ball Lightning","Self Repair+1","BootSequence","Seek","Conserve Battery","Amplify","Undo+1","Creative AI","Biased Cognition","Doom and Gloom","Stack"],"relics":["Cracked Core","Anchor","War Paint","PreservedInsect","Snecko Eye","Enchiridion","Darkstone Periapt","Regal Pillow","Juzu Bracelet","Smiling Mask"],"acts_visited":["Exordium","TheCity"],"potions_floor_usage":[18,33],"damage_taken":[{"damage":0.0,"enemies":"2 Louse","floor":1.0,"turns":1.0},{"damage":1.0,"enemies":"Cultist","floor":2.0,"turns":3.0},{"damage":0.0,"enemies":"Small Slimes","floor":5.0,"turns":3.0},{"damage":11.0,"enemies":"Blue Slaver","floor":7.0,"turns":4.0},{"damage":32.0,"enemies":"Gremlin Nob","floor":8.0,"turns":4.0},{"damage":15.0,"enemies":"Lagavulin","floor":10.0,"turns":5.0},{"damage":10,"enemies":"Exordium Wildlife","floor":11,"turns":5},{"damage":0,"enemies":"3 Louse","floor":12,"turns":1},{"damage":0,"enemies":"Large Slime","floor":14,"turns":3},{"damage":13,"enemies":"The Guardian","floor":16,"turns":9},{"damage":2,"enemies":"Chosen","floor":18,"turns":4},{"damage":4,"enemies":"Spheric Guardian","floor":21,"turns":3},{"damage":0,"enemies":"Gremlin Leader","floor":24,"turns":4},{"damage":15,"enemies":"Snake Plant","floor":25,"turns":4},{"damage":14,"enemies":"Slavers","floor":27,"turns":3},{"damage":29,"enemies":"3 Cultists","floor":28,"turns":4},{"damage":15,"enemies":"Gremlin Leader","floor":29,"turns":5},{"damage":66,"enemies":"Collector","floor":33,"turns":6}],"seed_played":"6180830364217243479","potions_obtained":[{"floor":1.0,"key":"DuplicationPotion"},{"floor":2.0,"key":"Block Potion"},{"floor":24,"key":"GamblersBrew"},{"floor":25,"key":"SmokeBomb"}],"is_trial":false,"path_per_floor":["M","M","?","$","M","R","M","E","T","E","M","M","R","M","R","B",null,"M","$","?","M","?","R","E","M","T","E","M","E","$","?","R","B"],"character_chosen":"DEFECT","items_purchased":["Loop","Sweeping Beam","Stack"],"campfire_rested":1,"item_purchase_floors":[4,4,30],"current_hp_per_floor":[64,63,63,63,63,63,52,20,20,12,9,9,30,37,37,44,64,71,71,71,67,46,46,56,51,51,47,38,33,33,47,47,0,0],"gold":298,"neow_bonus":"THREE_RARE_CARDS","is_daily":false,"chose_seed":false,"campfire_upgraded":4,"win_rate":0.0,"timestamp":1614079433,"path_taken":["M","M","?","$","?","R","M","E","T","E","M","M","R","M","R","BOSS","M","$","?","M","?","R","E","M","T","E","M","E","?","?","R","BOSS"],"items_purchased_type":["Card","Card","Card"],"build_version":"2020-12-22","purchased_purges":2,"victory":false,"max_hp_per_floor":[71,71,71,71,71,71,71,71,71,71,71,71,71,71,71,71,71,71,71,71,71,71,71,71,71,71,71,71,71,71,71,71,71,71],"relic_stats":{"Darkstone Periapt":0,"Regal Pillow":0,"counters":[18,70],"Snecko Eye":[52,54,64,67],"PreservedInsect":139,"Juzu Bracelet":0,"War Paint":["Defend_B","Zap"],"Smiling Mask":50,"obtain_stats":[{"Darkstone Periapt":24,"Anchor":8,"Regal Pillow":26,"Snecko Eye":17,"Enchiridion":22,"PreservedInsect":10,"Juzu Bracelet":27,"War Paint":9,"Cracked Core":0,"Smiling Mask":29},{"Darkstone Periapt":13,"Anchor":5,"Regal Pillow":14,"Snecko Eye":10,"Enchiridion":12,"PreservedInsect":6,"Juzu Bracelet":15,"War Paint":5,"Cracked Core":0,"Smiling Mask":17},{"Darkstone Periapt":48,"Anchor":14,"Regal Pillow":52,"Snecko Eye":37,"Enchiridion":44,"PreservedInsect":19,"Juzu Bracelet":55,"War Paint":14,"Cracked Core":0,"Smiling Mask":64}]},"card_choices":[{"not_picked":["Machine Learning","Creative AI"],"picked":"Electrodynamics","floor":0.0},{"not_picked":["Go for the Eyes","Hello World"],"picked":"White Noise","floor":1.0},{"not_picked":["Reinforced Body","Lockon"],"picked":"Loop","floor":2.0},{"not_picked":["Steam","Sweeping Beam"],"picked":"Ball Lightning","floor":5.0},{"not_picked":["Static Discharge","Blizzard","Turbo"],"picked":"SKIP","floor":7.0},{"not_picked":["Rebound","Multi-Cast"],"picked":"Self Repair","floor":8.0},{"not_picked":["Rip and Tear","Reboot","Beam Cell"],"picked":"SKIP","floor":10.0},{"not_picked":["Go for the Eyes","Stack"],"picked":"BootSequence","floor":11},{"not_picked":["Redo","Scrape"],"picked":"Seek","floor":12},{"not_picked":["Gash","Streamline"],"picked":"Conserve Battery","floor":14},{"not_picked":["Thunder Strike","Core Surge"],"picked":"Amplify","floor":16},{"not_picked":["Steam","Chaos","Rip and Tear"],"picked":"SKIP","floor":18},{"not_picked":["Chill+1","Skim"],"picked":"Undo","floor":21},{"not_picked":["Steam Power","Cold Snap"],"picked":"Creative AI","floor":24},{"not_picked":["Hologram","Barrage","Streamline"],"picked":"SKIP","floor":25},{"not_picked":["Steam","Ball Lightning"],"picked":"Biased Cognition","floor":27},{"not_picked":["Rebound+1","Aggregate","Recycle"],"picked":"SKIP","floor":28},{"not_picked":["Beam Cell","White Noise"],"picked":"Doom and Gloom","floor":29}],"player_experience":290246,"relics_obtained":[{"floor":8.0,"key":"Anchor"},{"floor":9.0,"key":"War Paint"},{"floor":10.0,"key":"PreservedInsect"},{"floor":22,"key":"Enchiridion"},{"floor":24,"key":"Darkstone Periapt"},{"floor":26,"key":"Regal Pillow"},{"floor":27,"key":"Juzu Bracelet"},{"floor":29,"key":"Smiling Mask"}],"event_choices":[{"cards_removed":["Injury"],"damage_healed":0.0,"max_hp_gain":0.0,"max_hp_loss":0.0,"gold_gain":0.0,"event_name":"Wheel of Change","player_choice":"Card Removal","floor":3.0,"gold_loss":0.0,"damage_taken":0.0},{"damage_healed":0,"gold_gain":50,"player_choice":"Stole From Cult","damage_taken":0,"max_hp_gain":0,"max_hp_loss":0,"event_name":"Nest","floor":20,"gold_loss":0},{"damage_healed":0,"gold_gain":0,"player_choice":"Obtained Book","damage_taken":21,"max_hp_gain":0,"max_hp_loss":0,"event_name":"Cursed Tome","floor":22,"gold_loss":0},{"damage_healed":14,"gold_gain":0,"player_choice":"Heal","damage_taken":0,"max_hp_gain":0,"max_hp_loss":0,"event_name":"The Library","floor":31,"gold_loss":0}],"is_beta":false,"boss_relics":[{"not_picked":["SacredBark","SlaversCollar"],"picked":"Snecko Eye"}],"items_purged_floors":[19,30],"is_endless":false,"potions_floor_spawned":[1,2,7,24,25],"killed_by":"Collector","ascension_level":16}}