{"host":"dyzdf8svqmiivg97","time":1614081515,"event":{"mods":["AchievementEnabler","BaseMod","Colored Map","DeckTracker","Minty Spire (QoL Compilation)","Quick Restart","Rare Cards Sparkle","SuperFastMode"],"gold_per_floor":[118,136,152,152,139,171,171,171,223,173,173,50,64,78,78,155,155,169,94,94,94,193,193,193,93,93,93,107,107,107],"floor_reached":29,"language":"KOR","playtime":433,"items_purged":["Defend_P","Defend_P"],"score":376,"play_id":"4d54770e-6f35-4d39-8738-747f7382a4b0","local_time":"20210223205835","is_ascension_mode":true,"campfire_choices":[{"data":"MentalFortress","floor":8,"key":"SMITH"},{"floor":11,"key":"REST"},{"data":"Adaptation","floor":15,"key":"SMITH"},{"data":"CrushJoints","floor":23,"key":"SMITH"}],"circlet_count":0,"master_deck":["AscendersBane","Strike_P","Strike_P","Defend_P","Eruption+1","Vigilance","MentalFortress+1","FlurryOfBlows+1","CrushJoints+1","EmptyFist","Adaptation+1","FollowUp","LessonLearned"],"relics":["PureWater","Pear","Vajra","VioletLotus","Enchiridion"],"acts_visited":["Exordium","TheCity"],"potions_floor_usage":[5,6,18,29],"damage_taken":[{"damage":0,"enemies":"Small Slimes","floor":1,"turns":2},{"damage":0,"enemies":"Jaw Worm","floor":2,"turns":2},{"damage":7,"enemies":"2 Louse","floor":3,"turns":2},{"damage":10,"enemies":"Exordium Thugs","floor":5,"turns":4},{"damage":27,"enemies":"Gremlin Nob","floor":6,"turns":4},{"damage":0,"enemies":"Looter","floor":13,"turns":1},{"damage":13,"enemies":"Blue Slaver","floor":14,"turns":4},{"damage":34,"enemies":"Slime Boss","floor":16,"turns":6},{"damage":17,"enemies":"3 Byrds","floor":18,"turns":5},{"damage":12,"enemies":"Chosen","floor":28,"turns":2},{"damage":24,"enemies":"Snake Plant","floor":29,"turns":2}],"seed_played":"1469929622487359351","potions_obtained":[{"floor":1,"key":"EssenceOfSteel"},{"floor":5,"key":"DuplicationPotion"},{"floor":13,"key":"DistilledChaos"},{"floor":14,"key":"Explosive Potion"},{"floor":16,"key":"Swift Potion"},{"floor":18,"key":"Explosive Potion"}],"is_trial":false,"path_per_floor":["M","M","M","?","M","E","?","R","T","?","R","$","M","M","R","B",null,"M","?","?","$","?","R","?","$","T","?","M","M"],"character_chosen":"WATCHER","items_purchased":["EmptyFist"],"campfire_rested":1,"item_purchase_floors":[12],"current_hp_per_floor":[61,61,54,59,49,32,32,32,32,32,56,56,56,43,43,9,65,48,48,48,48,48,48,32,32,32,32,20,0,0],"gold":107,"neow_bonus":"UPGRADE_CARD","is_daily":false,"chose_seed":false,"campfire_upgraded":3,"win_rate":0.0,"timestamp":1614081515,"path_taken":["M","M","M","?","M","E","?","R","T","?","R","$","M","M","R","BOSS","M","?","?","?","?","R","?","$","T","?","M","M"],"items_purchased_type":["Card"],"build_version":"2020-12-22","purchased_purges":2,"victory":false,"max_hp_per_floor":[68,68,68,73,73,83,83,83,83,83,83,83,83,83,83,83,83,83,83,83,83,83,83,83,83,83,83,83,83,83],"card_choices":[{"not_picked":["Crescendo","CarveReality"],"picked":"MentalFortress","floor":1},{"not_picked":["Evaluate","Consecrate"],"picked":"FlurryOfBlows","floor":2},{"not_picked":["Wallop","Evaluate","TalkToTheHand"],"picked":"SKIP","floor":3},{"not_picked":["Worship","PathToVictory"],"picked":"CrushJoints","floor":5},{"not_picked":["FlurryOfBlows","Perseverance","Blasphemy"],"picked":"SKIP","floor":6},{"not_picked":["CutThroughFate","Crescendo"],"picked":"Adaptation","floor":13},{"not_picked":["FlyingSleeves","EmptyFist"],"picked":"FollowUp","floor":14},{"not_picked":["ConjureBlade","Judgement"],"picked":"LessonLearned","floor":16},{"not_picked":["Crescendo","EmptyFist","Consecrate"],"picked":"SKIP","floor":18},{"not_picked":["WreathOfFlame","Worship","Prostrate"],"picked":"SKIP","floor":28}],"player_experience":600623,"relics_obtained":[{"floor":6,"key":"Pear"},{"floor":9,"key":"Vajra"},{"floor":24,"key":"Enchiridion"}],"event_choices":[{"damage_healed":0,"gold_gain":0,"player_choice":"Donut","damage_taken":0,"max_hp_gain":5,"max_hp_loss":0,"event_name":"Big Fish","floor":4,"gold_loss":0},{"cards_removed":["Strike_P"],"damage_healed":0,"gold_gain":0,"player_choice":"Forget","damage_taken":0,"max_hp_gain":0,"max_hp_loss":0,"event_name":"Living Wall","floor":7,"gold_loss":0},{"cards_removed":["Defend_P"],"damage_healed":0,"gold_gain":0,"player_choice":"Card Removal","damage_taken":0,"max_hp_gain":0,"max_hp_loss":0,"event_name":"The Cleric","floor":10,"gold_loss":50},{"cards_removed":["Strike_P"],"damage_healed":0,"gold_gain":0,"player_choice":"Gave Gold","damage_taken":0,"max_hp_gain":0,"max_hp_loss":0,"event_name":"Beggar","floor":19,"gold_loss":75},{"damage_healed":0,"gold_gain":0,"player_choice":"Ignored","damage_taken":0,"max_hp_gain":0,"max_hp_loss":0,"event_name":"Vampires","floor":20,"gold_loss":0},{"damage_healed":0,"gold_gain":99,"player_choice":"Stole From Cult","damage_taken":0,"max_hp_gain":0,"max_hp_loss":0,"event_name":"Nest","floor":22,"gold_loss":0},{"damage_healed":0,"gold_gain":0,"player_choice":"Obtained Book","damage_taken":16,"max_hp_gain":0,"max_hp_loss":0,"event_name":"Cursed Tome","floor":24,"gold_loss":0},{"damage_healed":0,"gold_gain":0,"player_choice":"Bought 0 Potions","damage_taken":0,"max_hp_gain":0,"max_hp_loss":0,"event_name":"The Woman in Blue","floor":27,"gold_loss":0}],"is_beta":false,"boss_relics":[{"not_picked":["Ectoplasm","Busted Crown"],"picked":"VioletLotus"}],"items_purged_floors":[12,25],"is_endless":false,"potions_floor_spawned":[1,5,13,14,16,18,28],"killed_by":"Snake Plant","ascension_level":14}}