{"host":"agl6880ykeaxaurv","time":1614090770,"event":{"mods":["AchievementEnabler","BaseMod","Colored Map","Colored Powertips","Downfall","Hermit","Highlight Path","Infinite Spire","Minty Spire (QoL Compilation)","Quick Restart","Robot Space Explorer","StSLib","The Cursed","The Disciple","The Runesmith","The Servant 0.9.4"],"gold_per_floor":[116,116,132,307,27,27,27,61,135,150,194,271,271,307,307,307,307],"floor_reached":16,"language":"ENG","playtime":544,"items_purged":["Doubt"],"score":128,"play_id":"66a7d54d-24d5-4d54-b59f-651b756a24d8","local_time":"20210223143250","is_ascension_mode":true,"campfire_choices":[{"floor":6,"key":"RECALL"},{"floor":13,"key":"REST"},{"data":"Entrench","floor":15,"key":"SMITH"}],"circlet_count":0,"master_deck":["Strike_R","Strike_R","Strike_R","Strike_R","Strike_R","Defend_R","Defend_R","Defend_R","Defend_R","Bash","Thunderclap","Entrench+1","Flex","Demon Form","Dual Wield","Sword Boomerang"],"relics":["Burning Blood","Thread and Needle","infinitespire:Lucky Rock","ClockworkSouvenir","Golden Idol","Runesmith:AutoHammer","Vajra","Question Card","WingedGreaves"],"acts_visited":["Exordium"],"potions_floor_usage":[14,14,16],"damage_taken":[{"damage":1,"enemies":"2 Louse","floor":1,"turns":4},{"damage":0,"enemies":"Jaw Worm","floor":3,"turns":5},{"damage":2,"enemies":"Gremlin Nob","floor":8,"turns":3},{"damage":8,"enemies":"Small Slimes","floor":10,"turns":3},{"damage":24,"enemies":"3 Sentries","floor":11,"turns":10},{"damage":14,"enemies":"Lagavulin","floor":14,"turns":5},{"damage":34,"enemies":"The Guardian","floor":16,"turns":10}],"seed_played":"2557338073349885128","potions_obtained":[{"floor":3,"key":"ColorlessPotion"},{"floor":11,"key":"SteroidPotion"},{"floor":14,"key":"SpeedPotion"}],"is_trial":false,"path_per_floor":["M","?","M","?","$","R","?","E","T","M","E","T","R","E","R","B"],"character_chosen":"IRONCLAD","items_purchased":["ClockworkSouvenir","Flex"],"campfire_rested":1,"item_purchase_floors":[5,5],"current_hp_per_floor":[61,49,55,55,55,55,35,39,39,37,19,19,43,35,35,1,1],"gold":307,"neow_bonus":"ONE_RARE_RELIC","is_daily":false,"chose_seed":false,"campfire_upgraded":1,"win_rate":0.0,"timestamp":1614090770,"path_taken":["M","?","M","?","$","R","?","E","T","M","E","?","R","E","R","BOSS"],"items_purchased_type":["Relic","Card"],"build_version":"2020-12-22","purchased_purges":1,"victory":false,"max_hp_per_floor":[80,80,80,80,80,80,80,80,80,80,80,80,80,80,80,80,80],"card_choices":[{"not_picked":["Evolve","Combust"],"picked":"Thunderclap","floor":1},{"not_picked":["Clothesline","Searing Blow"],"picked":"Entrench","floor":3},{"not_picked":["Body Slam","Headbutt"],"picked":"Demon Form","floor":8},{"not_picked":["Warcry","Clash","True Grit"],"picked":"SKIP","floor":10},{"not_picked":["Carnage","infinitespire:OneForAll"],"picked":"Dual Wield","floor":11},{"not_picked":["Sentinel","Reckless Charge","Clash"],"picked":"Sword Boomerang","floor":14}],"player_experience":312097,"relics_obtained":[{"floor":8,"key":"Runesmith:AutoHammer"},{"floor":11,"key":"Vajra"},{"floor":12,"key":"Question Card"},{"floor":14,"key":"WingedGreaves"}],"event_choices":[{"damage_healed":0,"gold_gain":0,"player_choice":"Success","damage_taken":12,"relics_obtained":["infinitespire:Lucky Rock"],"max_hp_gain":0,"max_hp_loss":0,"event_name":"Scrap Ooze","floor":2,"gold_loss":0},{"damage_healed":0,"gold_gain":175,"player_choice":"AGREE","damage_taken":0,"max_hp_gain":0,"max_hp_loss":0,"event_name":"Liars Game","floor":4,"gold_loss":0,"cards_obtained":["Doubt"]},{"damage_healed":0,"gold_gain":0,"player_choice":"Take Damage","damage_taken":20,"relics_obtained":["Golden Idol"],"max_hp_gain":0,"max_hp_loss":0,"event_name":"Golden Idol","floor":7,"gold_loss":0}],"is_beta":false,"boss_relics":[],"items_purged_floors":[5],"is_endless":false,"potions_floor_spawned":[3,11,14],"killed_by":"The Guardian","ascension_level":2}}