{"host":"toh0bbw446wnuexf","time":1614048123,"event":{"mods":["BaseMod","Downfall","Hermit","Minty Spire (QoL Compilation)","Random Character Button","Robot Space Explorer","StSLib"],"gold_per_floor":[12,12,12,12,29,56,56,56,56,72,72,72,72,92,92,197,197,214,116,116,215,215,249,249,262,262,281,291,311,311,331,331,331,331],"floor_reached":33,"language":"ENG","playtime":1779,"items_purged":[],"score":292,"play_id":"495b0db6-6c59-4014-b238-5efdc839cd68","local_time":"20210223154203","is_ascension_mode":true,"campfire_choices":[{"floor":8,"key":"REST"},{"data":"hermit:Snapshot","floor":11,"key":"SMITH"},{"data":"hermit:PistolWhip","floor":13,"key":"SMITH"},{"data":"hermit:Quickdraw","floor":15,"key":"SMITH"},{"floor":24,"key":"REST"},{"floor":30,"key":"REST"},{"floor":32,"key":"REST"}],"circlet_count":0,"master_deck":["hermit:Strike_Hermit","hermit:Strike_Hermit","hermit:Strike_Hermit","hermit:Strike_Hermit","hermit:Defend_Hermit","hermit:Defend_Hermit","hermit:Defend_Hermit","hermit:Defend_Hermit","hermit:Snapshot+1","Violence","hermit:Quickdraw+1","hermit:PistolWhip+1","hermit:BodyArmor","hermit:HighCaliber","Swift Strike","hermit:Dive"],"relics":["hermit:Momento","Blue Candle","Bottled Lightning","Anchor","Busted Crown","MutagenicStrength","Orichalcum","Ornamental Fan"],"acts_visited":["Exordium","TheCity"],"potions_floor_usage":[16,16,29,29],"damage_taken":[{"damage":2,"enemies":"2 Louse","floor":1,"turns":3},{"damage":4,"enemies":"Jaw Worm","floor":5,"turns":2},{"damage":21,"enemies":"Lagavulin","floor":6,"turns":6},{"damage":4,"enemies":"Small Slimes","floor":10,"turns":2},{"damage":2,"enemies":"Exordium Wildlife","floor":14,"turns":4},{"damage":44,"enemies":"The Guardian","floor":16,"turns":12},{"damage":0,"enemies":"Chosen","floor":18,"turns":3},{"damage":70,"enemies":"Book of Stabbing","floor":23,"turns":8},{"damage":1,"enemies":"2 Thieves","floor":25,"turns":4},{"damage":17,"enemies":"Snake Plant","floor":27,"turns":4},{"damage":7,"enemies":"3 Cultists","floor":28,"turns":5},{"damage":0,"enemies":"Centurion and Healer","floor":29,"turns":4},{"damage":18,"enemies":"Snake Plant","floor":31,"turns":5},{"damage":47,"enemies":"Champ","floor":33,"turns":9}],"seed_played":"5914931489863522950","potions_obtained":[{"floor":6,"key":"Strength Potion"},{"floor":10,"key":"Guardian:BlockOnCardUsePotion"},{"floor":14,"key":"hermit:BlackBile"},{"floor":18,"key":"Slimebound:ThreeZeroPotion"},{"floor":25,"key":"SteroidPotion"},{"floor":31,"key":"FearPotion"}],"is_trial":false,"path_per_floor":["M","?","$","?","M","E","$","R","T","M","R","?","R","M","R","B",null,"M","$","?","?","?","E","R","M","T","M","M","M","R","M","R","B"],"character_chosen":"HERMIT","items_purchased":["Swift Strike"],"campfire_rested":4,"item_purchase_floors":[19],"current_hp_per_floor":[73,73,73,78,74,53,53,77,77,73,73,61,61,59,59,15,80,80,80,80,80,80,10,34,33,33,16,9,9,33,15,39,0,0],"gold":331,"neow_bonus":"RANDOM_COLORLESS_2","is_daily":false,"chose_seed":false,"campfire_upgraded":3,"win_rate":0.0,"timestamp":1614048123,"path_taken":["M","?","$","?","M","E","$","R","T","M","R","?","R","M","R","BOSS","M","$","?","?","?","E","R","M","T","M","M","M","R","M","R","BOSS"],"items_purchased_type":["Card"],"build_version":"2020-12-22","purchased_purges":0,"victory":false,"max_hp_per_floor":[75,75,75,80,80,80,80,80,80,80,80,80,80,80,80,80,80,80,80,80,80,80,80,80,80,80,80,80,80,80,80,80,80,80],"card_choices":[{"not_picked":["Apotheosis","Thinking Ahead"],"picked":"Violence","floor":0},{"not_picked":["hermit:Showdown","hermit:Desperado"],"picked":"hermit:Quickdraw","floor":1},{"not_picked":["hermit:LowProfile","hermit:Misfire"],"picked":"hermit:BodyArmor","floor":5},{"not_picked":["hermit:Glare","hermit:Vantage"],"picked":"hermit:HighCaliber","floor":6},{"not_picked":["hermit:FlashPowder","hermit:Manifest","hermit:Combo"],"picked":"SKIP","floor":10},{"not_picked":["hermit:Cheat","hermit:ShadowCloak","hermit:FlashPowder"],"picked":"SKIP","floor":14},{"not_picked":["hermit:Snipe"],"picked":"SKIP","floor":18},{"not_picked":["hermit:LoneWolf"],"picked":"SKIP","floor":23},{"not_picked":["hermit:Shortfuse"],"picked":"SKIP","floor":25},{"not_picked":["hermit:HoleUp"],"picked":"SKIP","floor":27},{"not_picked":["hermit:Vantage"],"picked":"SKIP","floor":28},{"not_picked":["hermit:Headshot"],"picked":"SKIP","floor":29},{"not_picked":["hermit:Snipe"],"picked":"SKIP","floor":31}],"player_experience":721913,"relics_obtained":[{"floor":6,"key":"Blue Candle"},{"floor":9,"key":"Bottled Lightning"},{"floor":23,"key":"Orichalcum"},{"floor":26,"key":"Ornamental Fan"}],"event_choices":[{"damage_healed":0,"gold_gain":0,"cards_transformed":["hermit:Covet"],"player_choice":"Change","damage_taken":0,"max_hp_gain":0,"max_hp_loss":0,"event_name":"Living Wall","floor":2,"gold_loss":0,"cards_obtained":["hermit:PistolWhip"]},{"damage_healed":0,"gold_gain":0,"player_choice":"Donut","damage_taken":0,"max_hp_gain":5,"max_hp_loss":0,"event_name":"Big Fish","floor":4,"gold_loss":0},{"damage_healed":0,"gold_gain":0,"player_choice":"Success","damage_taken":12,"relics_obtained":["Anchor"],"max_hp_gain":0,"max_hp_loss":0,"event_name":"Scrap Ooze","floor":12,"gold_loss":0},{"damage_healed":0,"gold_gain":0,"player_choice":"Inject Mutagens","damage_taken":0,"relics_obtained":["MutagenicStrength"],"max_hp_gain":0,"max_hp_loss":0,"event_name":"Drug Dealer","floor":20,"gold_loss":0},{"damage_healed":0,"gold_gain":99,"player_choice":"Stole From Cult","damage_taken":0,"max_hp_gain":0,"max_hp_loss":0,"event_name":"Nest","floor":21,"gold_loss":0},{"damage_healed":0,"gold_gain":0,"player_choice":"Read","damage_taken":0,"max_hp_gain":0,"max_hp_loss":0,"event_name":"The Library","floor":22,"gold_loss":0,"cards_obtained":["hermit:Dive"]}],"is_beta":false,"boss_relics":[{"not_picked":["Ectoplasm","Snecko Eye"],"picked":"Busted Crown"}],"items_purged_floors":[],"is_endless":false,"potions_floor_spawned":[6,10,14,18,25,31],"killed_by":"Champ","ascension_level":2}}