{"host":"d03homr1y3d7d3ir","time":1614062179,"event":{"mods":["BaseMod","GifTheSpireLib","Minty Spire (QoL Compilation)","StSLib","The Animator","The Wild Card","Waifu the Spire"],"gold_per_floor":[112,112,142,142,152,152,77,77,77,177,191,213,232,257,257,352,352,371,286,286,226,126,161,181,181,181,181,191,204,204,29,29,124,124,144,144,144,144,154,187,187,207,255,255,270,197,207,207,207,207,207],"floor_reached":50,"language":"ENG","playtime":7648,"items_purged":["animator:Defend","animator:Biyorigo","animator:Strike"],"score":515,"play_id":"d28e1701-11c2-45a8-9849-114e82cbd627","local_time":"20210223003619","is_ascension_mode":false,"campfire_choices":[{"data":"animator:Mikaela","floor":6,"key":"SMITH"},{"data":"animator:DolaStephanie","floor":8,"key":"SMITH"},{"data":"animator:Hitei","floor":15,"key":"SMITH"},{"floor":25,"key":"REST"},{"floor":32,"key":"REST"},{"floor":41,"key":"REST"},{"floor":49,"key":"REST"}],"circlet_count":0,"master_deck":["animator:Strike_OwariNoSeraph","animator:Defend_OwariNoSeraph","animator:Shinoa","animator:Mikaela+1","animator:DolaStephanie+1","animator:Shigure","animator:Mitsuba","animator:Yuuichirou","animator:Hitei+1","animator:Kyubey","animator:Kyubey","animator:Shigure","animator:IrohaTamaki","animator:TsurugaMeisai","animator:DolaRiku+1","CurseOfTheBell","animator:Mikaela"],"relics":["animator:LivingPicture","animator:TheMissingPiece","animator:PurgingStone","NeowsBlessing","Vajra","Paper Frog","SacredBark","Bag of Preparation","Anchor","Happy Flower","Bottled Flame","animator:OldCoffin","Calling Bell","Toy Ornithopter","Meat on the Bone","Pocketwatch","Thread and Needle","Regal Pillow"],"acts_visited":["Exordium","TheCity","TheBeyond"],"potions_floor_usage":[14,14,28,33,40,40,47,50],"damage_taken":[{"damage":0,"enemies":"Cultist","floor":1,"turns":1},{"damage":0,"enemies":"2 Louse","floor":3,"turns":1},{"damage":0,"enemies":"Small Slimes","floor":5,"turns":1},{"damage":1,"enemies":"Exordium Thugs","floor":11,"turns":3},{"damage":1,"enemies":"Looter","floor":12,"turns":2},{"damage":0,"enemies":"Red Slaver","floor":13,"turns":2},{"damage":10,"enemies":"3 Sentries","floor":14,"turns":5},{"damage":21,"enemies":"Hexaghost","floor":16,"turns":9},{"damage":4,"enemies":"Spheric Guardian","floor":18,"turns":3},{"damage":13,"enemies":"Book of Stabbing","floor":23,"turns":5},{"damage":6,"enemies":"Shell Parasite","floor":24,"turns":4},{"damage":0,"enemies":"3 Cultists","floor":28,"turns":3},{"damage":16,"enemies":"Snake Plant","floor":29,"turns":3},{"damage":38,"enemies":"Champ","floor":33,"turns":9},{"damage":0,"enemies":"Orb Walker","floor":35,"turns":3},{"damage":15,"enemies":"3 Darklings","floor":39,"turns":4},{"damage":41,"enemies":"Reptomancer","floor":40,"turns":7},{"damage":0,"enemies":"Transient","floor":42,"turns":5},{"damage":54,"enemies":"Spire Growth","floor":45,"turns":6},{"damage":14,"enemies":"Jaw Worm Horde","floor":47,"turns":4},{"damage":86,"enemies":"Donu and Deca","floor":50,"turns":7}],"seed_played":"-5856232885827957197","potions_obtained":[{"floor":1,"key":"animator:GrowthPotion"},{"floor":3,"key":"LiquidMemories"},{"floor":12,"key":"LiquidMemories"},{"floor":14,"key":"Regen Potion"},{"floor":16,"key":"ColorlessPotion"},{"floor":18,"key":"Explosive Potion"},{"floor":35,"key":"Explosive Potion"},{"floor":40,"key":"Weak Potion"},{"floor":42,"key":"Ancient Potion"},{"floor":45,"key":"Block Potion"}],"is_trial":false,"path_per_floor":["M","?","M","?","M","R","$","R","T","?","M","M","M","E","R","B",null,"M","?","T","?","$","E","M","R","T","?","M","M","T","$","R","B",null,"M","?","?","?","M","E","R","M","T","?","M","$","M","?","R","B"],"character_chosen":"THE_ANIMATOR","items_purchased":["animator:DolaRiku","Regen Potion"],"campfire_rested":4,"item_purchase_floors":[31,46],"current_hp_per_floor":[66,71,71,71,71,71,71,71,71,71,71,70,70,60,60,39,72,68,68,68,68,68,55,49,70,70,70,70,54,54,54,72,34,72,72,63,63,63,48,44,65,65,65,65,25,25,43,43,74,0,0],"gold":207,"neow_bonus":"THREE_ENEMY_KILL","is_daily":false,"chose_seed":false,"campfire_upgraded":3,"win_rate":0.0,"timestamp":1614062179,"path_taken":["M","?","M","?","?","R","$","R","T","?","M","M","M","E","R","BOSS","M","?","?","?","$","E","?","R","T","?","M","M","?","$","R","BOSS","M","?","?","?","M","E","R","M","T","?","M","?","?","?","R","BOSS"],"items_purchased_type":["Card","Potion"],"build_version":"2020-12-22","purchased_purges":3,"victory":false,"max_hp_per_floor":[66,71,71,71,71,71,71,71,71,71,72,72,72,72,72,72,72,72,72,72,72,72,72,72,72,72,72,72,72,72,72,72,72,72,72,72,72,72,72,72,72,72,72,72,74,74,74,74,74,74,74],"card_choices":[{"not_picked":["animator:Rena","animator:Yoichi"],"picked":"animator:DolaStephanie","floor":1},{"not_picked":["animator:Mitsurugi","animator:DolaSchwi"],"picked":"animator:Shigure","floor":3},{"not_picked":["animator:Emonzaemon","animator:Verdia","animator:Mitsurugi"],"picked":"SKIP","floor":5},{"not_picked":["animator:HiiragiShinya","animator:KrulTepes"],"picked":"animator:Mitsuba","floor":11},{"not_picked":["animator:Yoichi","animator:KyokoSakura"],"picked":"animator:Yuuichirou","floor":12},{"not_picked":["animator:Shinoa","animator:SuzuneAmano"],"picked":"animator:Hitei","floor":13},{"not_picked":["animator:Benimaru","animator:Shion"],"picked":"animator:Kyubey","floor":14},{"not_picked":["animator:ItamiYouji","animator:PinaCoLada"],"picked":"animator:Kyubey","floor":16},{"not_picked":["animator:CrowleyEusford","animator:Shinoa"],"picked":"animator:Shigure","floor":18},{"not_picked":["animator:Ain","animator:Mitsuba","animator:NagisaMomoe"],"picked":"SKIP","floor":23},{"not_picked":["animator:Shinoa+1","animator:Lu+1"],"picked":"animator:TsurugaMeisai","floor":24},{"not_picked":["animator:Mitsuba+1","animator:YunYun","animator:DolaStephanie"],"picked":"SKIP","floor":28},{"not_picked":["animator:Bozes","animator:Yoichi","animator:RoryMercury"],"picked":"SKIP","floor":35},{"not_picked":["animator:Fredrika","animator:AcuraAkari+1"],"picked":"animator:Mikaela","floor":39},{"not_picked":["animator:RoryMercury+1","animator:KyokoSakura","animator:Ara"],"picked":"SKIP","floor":40},{"not_picked":["animator:Emonzaemon","animator:DolaCouronne","animator:Shuna"],"picked":"SKIP","floor":45},{"not_picked":["animator:UneriGinkaku","animator:Vanir+1","animator:Raven"],"picked":"SKIP","floor":47}],"player_experience":181803,"relics_obtained":[{"floor":9,"key":"Vajra"},{"floor":14,"key":"Paper Frog"},{"floor":20,"key":"Anchor"},{"floor":23,"key":"Happy Flower"},{"floor":26,"key":"Bottled Flame"},{"floor":30,"key":"animator:OldCoffin"},{"floor":34,"key":"Toy Ornithopter"},{"floor":34,"key":"Meat on the Bone"},{"floor":34,"key":"Pocketwatch"},{"floor":40,"key":"Thread and Needle"},{"floor":43,"key":"Regal Pillow"}],"event_choices":[{"damage_healed":0,"gold_gain":0,"player_choice":"Donut","damage_taken":0,"max_hp_gain":5,"max_hp_loss":0,"event_name":"Big Fish","floor":2,"gold_loss":0},{"cards_removed":["animator:Defend"],"damage_healed":0,"gold_gain":0,"player_choice":"Offered Basic","damage_taken":0,"max_hp_gain":0,"max_hp_loss":0,"event_name":"Bonfire Elementals","floor":4,"gold_loss":0},{"damage_healed":0,"gold_gain":100,"player_choice":"Pray","damage_taken":0,"max_hp_gain":0,"max_hp_loss":0,"event_name":"Golden Shrine","floor":10,"gold_loss":0},{"damage_healed":0,"gold_gain":0,"player_choice":"Obtained Relic","damage_taken":0,"relics_obtained":["Bag of Preparation"],"max_hp_gain":0,"max_hp_loss":0,"event_name":"Addict","floor":19,"gold_loss":85},{"damage_healed":0,"gold_gain":0,"cards_transformed":["animator:Strike","animator:Defend"],"player_choice":"Transformed Cards","damage_taken":0,"max_hp_gain":0,"max_hp_loss":0,"event_name":"Designer","floor":21,"gold_loss":60,"cards_obtained":["animator:Biyorigo","animator:IrohaTamaki"]},{"cards_removed":["animator:Strike"],"damage_healed":0,"gold_gain":0,"player_choice":"Elegance","damage_taken":0,"max_hp_gain":0,"max_hp_loss":0,"event_name":"Back to Basics","floor":27,"gold_loss":0},{"damage_healed":0,"gold_gain":0,"player_choice":"Embrace Madness","damage_taken":9,"max_hp_gain":0,"max_hp_loss":0,"event_name":"Winding Halls","floor":36,"gold_loss":0,"cards_obtained":["animator:HigakiRinne"]},{"cards_removed":["animator:HigakiRinne"],"damage_healed":0,"gold_gain":0,"player_choice":"Removed Skill","damage_taken":0,"max_hp_gain":0,"max_hp_loss":0,"event_name":"Falling","floor":37,"gold_loss":0},{"damage_healed":0,"gold_gain":0,"player_choice":"Memory 1","damage_taken":0,"max_hp_gain":0,"max_hp_loss":0,"event_name":"SensoryStone","floor":38,"gold_loss":0},{"damage_healed":0,"gold_gain":0,"player_choice":"Ignored","damage_taken":0,"max_hp_gain":0,"max_hp_loss":0,"event_name":"Mysterious Sphere","floor":44,"gold_loss":0},{"damage_healed":0,"gold_gain":0,"player_choice":"Forge","damage_taken":0,"max_hp_gain":0,"max_hp_loss":0,"event_name":"Accursed Blacksmith","floor":48,"gold_loss":0,"cards_upgraded":["animator:DolaRiku"]}],"is_beta":false,"boss_relics":[{"not_picked":["Fusion Hammer","Cursed Key"],"picked":"SacredBark"},{"not_picked":["SlaversCollar","animator:CursedBlade"],"picked":"Calling Bell"}],"items_purged_floors":[7,22,31],"is_endless":false,"potions_floor_spawned":[1,3,12,14,16,18,24,35,40,42,45],"killed_by":"Donu and Deca","ascension_level":0}}