{"host":"okln270zkafj6dck","time":1614045944,"event":{"mods":["BaseMod","Minty Spire (QoL Compilation)","Permanent Neow","Quick Restart","Relic Stats","StSLib","SuperFastMode","UnlockEverythingMod"],"gold_per_floor":[118,138,63,83,102,133,133,133,133],"floor_reached":8,"language":"ENG","playtime":200,"items_purged":["Strike_G"],"score":116,"play_id":"a2352a98-2ee1-4353-aec4-f8083dda9480","local_time":"20210222180544","is_ascension_mode":true,"campfire_choices":[{"floor":7,"key":"REST"}],"circlet_count":0,"master_deck":["AscendersBane","Strike_G","Strike_G","Strike_G","Strike_G","Defend_G","Defend_G","Defend_G","Defend_G","Defend_G","Survivor","Neutralize","Crippling Poison","PiercingWail","Well Laid Plans","Crippling Poison"],"relics":["Velvet Choker","Ornamental Fan"],"acts_visited":["Exordium"],"potions_floor_usage":[6,6],"damage_taken":[{"damage":0,"enemies":"Jaw Worm","floor":1,"turns":6},{"damage":0,"enemies":"2 Louse","floor":2,"turns":3},{"damage":0,"enemies":"Cultist","floor":4,"turns":6},{"damage":0,"enemies":"2 Fungi Beasts","floor":5,"turns":4},{"damage":42,"enemies":"Gremlin Nob","floor":6,"turns":5},{"damage":37,"enemies":"Lagavulin","floor":8,"turns":9}],"seed_played":"7239101895262476853","potions_obtained":[{"floor":2,"key":"Poison Potion"},{"floor":4,"key":"ColorlessPotion"},{"floor":5,"key":"GamblersBrew"}],"is_trial":false,"path_per_floor":["M","M","$","M","M","E","R","E"],"character_chosen":"THE_SILENT","items_purchased":[],"campfire_rested":1,"item_purchase_floors":[],"current_hp_per_floor":[59,59,59,59,59,17,36,0,0],"gold":133,"neow_bonus":"BOSS_RELIC","is_daily":false,"chose_seed":false,"campfire_upgraded":0,"win_rate":0.0,"timestamp":1614045944,"path_taken":["M","M","$","M","M","E","R","E"],"items_purchased_type":[],"build_version":"2020-12-22","purchased_purges":1,"victory":false,"max_hp_per_floor":[66,66,66,66,66,66,66,66,66],"relic_stats":{"counters":[6,33],"Ornamental Fan":[8],"obtain_stats":[{"Ornamental Fan":6,"Velvet Choker":0,"Ring of the Snake":0},{"Ornamental Fan":5,"Velvet Choker":0,"Ring of the Snake":0},{"Ornamental Fan":24,"Velvet Choker":0,"Ring of the Snake":0}]},"card_choices":[{"not_picked":["Underhanded Strike","Quick Slash"],"picked":"Crippling Poison","floor":1},{"not_picked":["Sucker Punch","Expertise"],"picked":"PiercingWail","floor":2},{"not_picked":["Flying Knee","Escape Plan"],"picked":"Well Laid Plans","floor":4},{"not_picked":["Cloak And Dagger","Blade Dance","Underhanded Strike"],"picked":"SKIP","floor":5},{"not_picked":["Masterful Stab","Acrobatics"],"picked":"Crippling Poison","floor":6}],"player_experience":76198,"relics_obtained":[{"floor":6,"key":"Ornamental Fan"}],"event_choices":[],"is_beta":false,"boss_relics":[],"items_purged_floors":[3],"is_endless":false,"potions_floor_spawned":[2,4,5],"killed_by":"Lagavulin","ascension_level":20}}