{"host":"ssbj2e5691x5ub3h","time":1614120185,"event":{"mods":["BaseMod","Minty Spire (QoL Compilation)","Quick Restart","StSLib","SuperFastMode","The Dragon Tamer","The Gatherer","The Marked"],"gold_per_floor":[113,127,144,163,182,182,198,198,225,225,238,248,263,276,276,379,379,396,396,411,421,421,421],"floor_reached":22,"language":"ENG","playtime":1371,"items_purged":[],"score":186,"play_id":"32eb4dc4-8d99-4e0d-a703-cf68da0ca7e8","local_time":"20210223194305","is_ascension_mode":false,"campfire_choices":[{"data":"theMarked:Opportunist","floor":6,"key":"SMITH"},{"floor":8,"key":"REST"},{"floor":15,"key":"REST"}],"circlet_count":0,"master_deck":["theMarked:Strike","theMarked:Strike","theMarked:Strike","theMarked:Strike","theMarked:Strike","theMarked:Defend","theMarked:Defend","theMarked:Defend","theMarked:Defend","theMarked:SoldierOfQuellstein","theMarked:Electrocute","theMarked:Static","theMarked:Opportunist+1","theMarked:ComboAttacks","theMarked:HeightenedSenses","theMarked:Panic","Decay","theMarked:SwordAndMagic","theMarked:FavorableWinds","theMarked:Electrocute+1","theMarked:Overcharge"],"relics":["theMarked:ArtifactOfAir","Art of War","theMarked:SpiritSword"],"acts_visited":["Exordium","TheCity"],"potions_floor_usage":[12,16,16,16,21],"damage_taken":[{"damage":0,"enemies":"Small Slimes","floor":1,"turns":4},{"damage":1,"enemies":"Cultist","floor":2,"turns":4},{"damage":1,"enemies":"2 Louse","floor":3,"turns":3},{"damage":14,"enemies":"Red Slaver","floor":4,"turns":4},{"damage":7,"enemies":"2 Fungi Beasts","floor":5,"turns":4},{"damage":17,"enemies":"Large Slime","floor":7,"turns":6},{"damage":2,"enemies":"Blue Slaver","floor":11,"turns":2},{"damage":1,"enemies":"3 Louse","floor":12,"turns":2},{"damage":38,"enemies":"Large Slime","floor":13,"turns":6},{"damage":0,"enemies":"2 Fungi Beasts","floor":14,"turns":3},{"damage":11,"enemies":"Slime Boss","floor":16,"turns":8},{"damage":39,"enemies":"Chosen","floor":18,"turns":5},{"damage":20,"enemies":"Shell Parasite","floor":20,"turns":6},{"damage":4,"enemies":"Centurion and Healer","floor":21,"turns":6},{"damage":20,"enemies":"3 Cultists","floor":22,"turns":3}],"seed_played":"-3535363463816321833","potions_obtained":[{"floor":2,"key":"Swift Potion"},{"floor":3,"key":"Explosive Potion"},{"floor":4,"key":"Explosive Potion"},{"floor":11,"key":"Block Potion"},{"floor":13,"key":"Energy Potion"},{"floor":16,"key":"PowerPotion"},{"floor":18,"key":"Block Potion"},{"floor":19,"key":"EssenceOfSteel"},{"floor":21,"key":"Block Potion"}],"is_trial":false,"path_per_floor":["M","M","M","M","M","R","M","R","T","?","M","M","M","M","R","B",null,"M","?","M","M","M"],"character_chosen":"THE_DEFAULT","items_purchased":[],"campfire_rested":2,"item_purchase_floors":[],"current_hp_per_floor":[79,78,77,63,56,56,39,62,62,62,60,59,21,21,44,33,79,40,40,20,16,0,0],"gold":421,"neow_bonus":"TEN_PERCENT_HP_BONUS","is_daily":false,"chose_seed":false,"campfire_upgraded":1,"win_rate":0.0,"timestamp":1614120185,"path_taken":["M","M","M","M","M","R","M","R","T","?","M","M","?","M","R","BOSS","M","?","M","?","M"],"items_purchased_type":[],"build_version":"2020-12-22","purchased_purges":0,"victory":false,"max_hp_per_floor":[79,79,79,79,79,79,79,79,79,79,79,79,79,79,79,79,79,79,79,79,79,79,79],"card_choices":[{"not_picked":["theMarked:TwofoldDefense","theMarked:EmpowerWeapon"],"picked":"theMarked:Electrocute","floor":1},{"not_picked":["theMarked:OneWithTheBlade","theMarked:ParalyzingBlade"],"picked":"theMarked:Static","floor":2},{"not_picked":["theMarked:Electrocute","theMarked:ChainLightning"],"picked":"theMarked:Opportunist","floor":3},{"not_picked":["theMarked:Memento","theMarked:Parkour"],"picked":"theMarked:ComboAttacks","floor":4},{"not_picked":["theMarked:PowerFlow","theMarked:Pokerface"],"picked":"theMarked:HeightenedSenses","floor":5},{"not_picked":["theMarked:EmpowerWeapon","theMarked:ChainLightning"],"picked":"theMarked:Panic","floor":7},{"not_picked":["theMarked:BanishingStrike","theMarked:WardOff","theMarked:RepellingDischarge"],"picked":"SKIP","floor":11},{"not_picked":["theMarked:WastefulAttack","theMarked:ChainLightning","theMarked:Overthink"],"picked":"SKIP","floor":12},{"not_picked":["theMarked:Vacuum","theMarked:ResourceFulStrike"],"picked":"theMarked:SwordAndMagic","floor":13},{"not_picked":["theMarked:SelfDefenseTraining","theMarked:BanishingWave","theMarked:CreepingChasm"],"picked":"SKIP","floor":14},{"not_picked":["theMarked:Toughness","theMarked:Challenge"],"picked":"theMarked:FavorableWinds","floor":16},{"not_picked":["theMarked:EmpowerWeapon+1","theMarked:MysticalArsenal+1"],"picked":"theMarked:Electrocute+1","floor":18},{"not_picked":["theMarked:Electrocute","theMarked:WastefulAttack","theMarked:Reabsorb+1"],"picked":"SKIP","floor":20},{"not_picked":["theMarked:ResourceFulStrike","theMarked:Improvise"],"picked":"theMarked:Overcharge","floor":21}],"player_experience":140286,"relics_obtained":[{"floor":9,"key":"Art of War"}],"event_choices":[{"damage_healed":0,"gold_gain":0,"player_choice":"Cursed","damage_taken":0,"max_hp_gain":0,"max_hp_loss":0,"event_name":"Wheel of Change","floor":10,"gold_loss":0,"cards_obtained":["Decay"]},{"damage_healed":0,"gold_gain":0,"player_choice":"Got Potions","damage_taken":0,"max_hp_gain":0,"max_hp_loss":0,"event_name":"Lab","floor":19,"gold_loss":0}],"is_beta":false,"boss_relics":[{"not_picked":["SacredBark","Runic Dome"],"picked":"theMarked:SpiritSword"}],"items_purged_floors":[],"is_endless":false,"potions_floor_spawned":[2,3,4,11,13,16,18,20,21],"killed_by":"3 Cultists","ascension_level":0}}