{"host":"uyfpom4rlahfoee4","time":1614114704,"event":{"mods":["BaseMod","Downfall","Minty Spire (QoL Compilation)","StSLib"],"gold_per_floor":[199,217,202,212,222,251,251,251,251,236,236,70,70,85,103,204,204,204,220,238,223,234,245,245,245,152,186,201,217,217,229,241,337,337,337,349,361,374,749,749,749],"floor_reached":39,"language":"ENG","playtime":3406,"items_purged":[],"score":432,"play_id":"4f89d25a-0d65-426b-8080-2779914225e4","local_time":"20210223131144","is_ascension_mode":false,"campfire_choices":[{"data":"Slimebound:Split","floor":1,"key":"SMITH"},{"data":"Slimebound:CorrosiveSpit","floor":8,"key":"SMITH"},{"data":"Slimebound:RollThrough","floor":11,"key":"SMITH"},{"data":"Slimebound:SlimeSpikes","floor":18,"key":"SMITH"},{"data":"Slimebound:SpikyOuterGoop","floor":30,"key":"SMITH"},{"data":"Slimebound:SpikyOuterGoop","floor":35,"key":"SMITH"}],"circlet_count":0,"master_deck":["Slimebound:Strike_Slimebound","Slimebound:Strike_Slimebound","Slimebound:Strike_Slimebound","Slimebound:Tackle","Slimebound:Defend_Slimebound","Slimebound:Defend_Slimebound","Slimebound:Defend_Slimebound","Slimebound:Defend_Slimebound","Slimebound:Split+1","Slimebound:CorrosiveSpit+1","Slimebound:SplitBruiser","Slimebound:SplitLeeching","Slimebound:RollThrough+1","Slimebound:ComboTackle+1","Slimebound:LivingWall","Slimebound:SamplingLick","Slimebound:SlimeSpikes+1","Slimebound:HauntingLick","Slimebound:FinishingTackle+1","Slimebound:RallyTheTroops+1","Slimebound:SlimeSpikes","Slimebound:Equalize+1","Slimebound:GoopSpray","Slimebound:Prepare+1","Slimebound:PressTheAttack+1","Slimebound:Schlurp","Slimebound:SpikyOuterGoop+1","Slimebound:SplitSpecialist+1","Slimebound:AcidTongue","Slimebound:SpikyOuterGoop+1","Slimebound:FlameTackle+1","Slimebound:GoopSpray","Slimebound:OozeBath","Slimebound:LevelUp","Slimebound:SplitLeeching+1","Slimebound:PressTheAttack+1","Slimebound:DisruptingSlam+1"],"relics":["Slimebound:AbsorbEndCombatUpgraded","Molten Egg 2","Mummified Hand","PreservedInsect","Philosopher\u0027s Stone","Oddly Smooth Stone","Omamori"],"acts_visited":["Exordium","TheCity","TheBeyond"],"potions_floor_usage":[16,16,16,20,27,33,33,38],"damage_taken":[{"damage":3,"enemies":"2 Louse","floor":2,"turns":5},{"damage":0,"enemies":"downfall:FleeingMerchant","floor":3,"turns":4},{"damage":0,"enemies":"Cultist","floor":4,"turns":4},{"damage":5,"enemies":"Small Slimes","floor":5,"turns":4},{"damage":20,"enemies":"3 Sentries","floor":6,"turns":6},{"damage":9,"enemies":"downfall:FleeingMerchant","floor":10,"turns":4},{"damage":5,"enemies":"downfall:FleeingMerchant","floor":12,"turns":4},{"damage":6,"enemies":"Exordium Thugs","floor":14,"turns":3},{"damage":3,"enemies":"Blue Slaver","floor":15,"turns":3},{"damage":28,"enemies":"DF_ARCHETYPE_STREAMLINE","floor":16,"turns":8},{"damage":4,"enemies":"Shell Parasite","floor":19,"turns":5},{"damage":0,"enemies":"Chosen","floor":20,"turns":3},{"damage":18,"enemies":"downfall:FleeingMerchant","floor":21,"turns":4},{"damage":5,"enemies":"Centurion and Healer","floor":22,"turns":7},{"damage":6,"enemies":"Cultist and Chosen","floor":23,"turns":6},{"damage":6,"enemies":"downfall:FleeingMerchant","floor":26,"turns":4},{"damage":27,"enemies":"Slavers","floor":27,"turns":4},{"damage":19,"enemies":"3 Cultists","floor":28,"turns":5},{"damage":0,"enemies":"Centurion and Healer","floor":29,"turns":5},{"damage":6,"enemies":"Shelled Parasite and Fungi","floor":31,"turns":5},{"damage":0,"enemies":"Snake Plant","floor":32,"turns":4},{"damage":20,"enemies":"SI_MIRROR_ARCHETYPE","floor":33,"turns":11},{"damage":32,"enemies":"3 Darklings","floor":36,"turns":6},{"damage":15,"enemies":"Orb Walker","floor":37,"turns":4},{"damage":20,"enemies":"Sphere and 2 Shapes","floor":38,"turns":7},{"damage":0,"enemies":"downfall:FleeingMerchant","floor":39,"turns":1}],"seed_played":"2411440949364269015","potions_obtained":[{"floor":4,"key":"SkillPotion"},{"floor":5,"key":"hexamod:SoulburnPotion"},{"floor":14,"key":"BlessingOfTheForge"},{"floor":15,"key":"Slimebound:SlimedPotion"},{"floor":16,"key":"Block Potion"},{"floor":20,"key":"Dexterity Potion"},{"floor":23,"key":"Energy Potion"},{"floor":27,"key":"CultistPotion"},{"floor":32,"key":"FearPotion"},{"floor":33,"key":"ColorlessPotion"},{"floor":38,"key":"champ:CounterPotion"}],"is_trial":false,"path_per_floor":["R","M","$","M","M","E","T","R","?","$","R","$","?","M","M","B",null,"R","M","M","$","M","M","T","?","$","E","M","M","R","M","M","B",null,"R","M","M","M","$"],"character_chosen":"SLIMEBOUND","items_purchased":["PreservedInsect","Slimebound:SpikyOuterGoop"],"campfire_rested":0,"item_purchase_floors":[12,26],"current_hp_per_floor":[65,65,65,65,64,44,44,44,44,41,41,44,44,44,43,23,65,65,63,65,53,60,61,61,61,65,52,50,65,65,65,65,50,65,65,41,38,30,33,33,33],"gold":749,"neow_bonus":"HUNDRED_GOLD","is_daily":false,"chose_seed":false,"campfire_upgraded":6,"win_rate":0.0,"timestamp":1614114704,"path_taken":["R","M","$","M","M","E","T","R","?","?","R","$","?","M","M","BOSS","R","M","M","$","M","M","T","?","$","E","M","M","R","M","M","BOSS","R","M","M","M","$"],"items_purchased_type":["Relic","Card"],"build_version":"2020-12-22","purchased_purges":0,"victory":false,"max_hp_per_floor":[65,65,65,65,65,65,65,65,65,65,65,65,65,65,65,65,65,65,65,65,65,65,65,65,65,65,65,65,65,65,65,65,65,65,65,65,65,65,65,65,65],"card_choices":[{"not_picked":["Slimebound:SlimeBarrage","Slimebound:Gluttony"],"picked":"Slimebound:SplitBruiser","floor":2},{"not_picked":["Slimebound:SplitBruiser","Slimebound:PressTheAttack"],"picked":"Slimebound:SplitLeeching","floor":3},{"not_picked":["Slimebound:ItLooksTasty","Slimebound:Replication"],"picked":"Slimebound:RollThrough","floor":4},{"not_picked":["Slimebound:LeechEnergy","Slimebound:PressTheAttack"],"picked":"Slimebound:ComboTackle","floor":5},{"not_picked":["Slimebound:AcidTongue","Slimebound:SlimeBarrage+1"],"picked":"Slimebound:LivingWall","floor":6},{"not_picked":["Slimebound:SlimeBarrage+1","Slimebound:AcidTongue"],"picked":"Slimebound:SamplingLick","floor":10},{"not_picked":["Slimebound:SplitAcid","Slimebound:ProtectTheBoss"],"picked":"Slimebound:SlimeSpikes","floor":12},{"not_picked":["Slimebound:Grow","Slimebound:LivingWall"],"picked":"Slimebound:HauntingLick","floor":14},{"not_picked":["Slimebound:Prepare","Slimebound:SlimeBrawl"],"picked":"Slimebound:FinishingTackle+1","floor":15},{"not_picked":["Slimebound:MinionMaster","Slimebound:Teamwork"],"picked":"Slimebound:RallyTheTroops+1","floor":16},{"not_picked":["Slimebound:FinishingTackle+1","Slimebound:RejuvenatingLick"],"picked":"Slimebound:SlimeSpikes","floor":19},{"not_picked":["Slimebound:SplitBruiser","Slimebound:SplitAcid+1"],"picked":"Slimebound:Equalize+1","floor":20},{"not_picked":["Slimebound:SamplingLick","Slimebound:RejuvenatingLick"],"picked":"Slimebound:GoopSpray","floor":21},{"not_picked":["Slimebound:GoopTackle+1","Slimebound:Repurpose"],"picked":"Slimebound:Prepare+1","floor":22},{"not_picked":["Slimebound:SamplingLick","Slimebound:DivideAndConquer+1"],"picked":"Slimebound:PressTheAttack+1","floor":23},{"not_picked":["Slimebound:Grow","Slimebound:DivideAndConquer+1"],"picked":"Slimebound:Schlurp","floor":26},{"not_picked":["Slimebound:ViciousTackle+1","Slimebound:Schlurp"],"picked":"Slimebound:SplitSpecialist+1","floor":27},{"not_picked":["Slimebound:BestDefense","Slimebound:PressTheAttack+1"],"picked":"Slimebound:AcidTongue","floor":28},{"not_picked":["Slimebound:SplitAcid","Slimebound:RallyTheTroops+1"],"picked":"Slimebound:SpikyOuterGoop","floor":29},{"not_picked":["Slimebound:Repurpose","Slimebound:LivingWall"],"picked":"Slimebound:FlameTackle+1","floor":31},{"not_picked":["Slimebound:LeechEnergy+1","Slimebound:LivingWall"],"picked":"Slimebound:GoopSpray","floor":32},{"not_picked":["Slimebound:FirmFortitude","Slimebound:MassFeed+1"],"picked":"Slimebound:OozeBath","floor":33},{"not_picked":["Slimebound:ProtectTheBoss","Slimebound:ComboTackle+1"],"picked":"Slimebound:LevelUp","floor":36},{"not_picked":["Slimebound:Chomp+1","Slimebound:Prepare+1"],"picked":"Slimebound:SplitLeeching+1","floor":37},{"not_picked":["Slimebound:TongueLash+1","Slimebound:SlimeSlap+1"],"picked":"Slimebound:PressTheAttack+1","floor":38},{"not_picked":["Slimebound:LivingWall","Slimebound:RollThrough+1"],"picked":"Slimebound:DisruptingSlam+1","floor":39}],"player_experience":140937,"relics_obtained":[{"floor":6,"key":"Molten Egg 2"},{"floor":7,"key":"Mummified Hand"},{"floor":24,"key":"Oddly Smooth Stone"},{"floor":27,"key":"Omamori"}],"event_choices":[{"damage_healed":0,"gold_gain":0,"player_choice":"Forge","damage_taken":0,"max_hp_gain":0,"max_hp_loss":0,"event_name":"Accursed Blacksmith","floor":13,"gold_loss":0,"cards_upgraded":["Slimebound:ComboTackle"]}],"is_beta":false,"boss_relics":[{"not_picked":["Pandora\u0027s Box","Velvet Choker"],"picked":"Philosopher\u0027s Stone"},{"not_picked":["Snecko Eye","Runic Dome"],"picked":"Slimebound:AbsorbEndCombatUpgraded"}],"items_purged_floors":[],"is_endless":false,"potions_floor_spawned":[4,5,14,15,16,20,23,27,32,33,38],"ascension_level":0}}