{"host":"cfqfeqi6u2qx5u0e","time":1614088092,"event":{"mods":["AchievementEnabler","BaseMod","Colored Powertips","Minty Spire (QoL Compilation)","Quick Restart","StSLib"],"gold_per_floor":[119,131,131,149,164,196,196,224,247,247,260,270,283,100,100,203,203,219,236,66,80,96,127,127,158,158,185,185,185,199,29,29,127,127,146,161,171,187,409,440,440,468,468,486,500,279,279,279,279,279,279,279,26,55,55,55],"floor_reached":55,"language":"ENG","playtime":4668,"items_purged":["Power Through","Decay"],"score":1021,"play_id":"1d5583d2-c885-4e74-b0d7-7d2a04a46d34","local_time":"20210223054812","is_ascension_mode":true,"campfire_choices":[{"data":"Metallicize","floor":7,"key":"SMITH"},{"floor":10,"key":"REST"},{"data":"Feed","floor":15,"key":"SMITH"},{"floor":24,"key":"REST"},{"floor":32,"key":"REST"},{"floor":47,"key":"RECALL"},{"floor":49,"key":"REST"},{"floor":52,"key":"REST"}],"circlet_count":0,"master_deck":["Strike_R","Strike_R","Strike_R","Strike_R","Defend_R","Defend_R","Defend_R+1","Defend_R+1","Bash","Flex","Metallicize+1","Spot Weakness","Flame Barrier","Twin Strike","Spot Weakness","Fire Breathing","Warcry","Feed+1","Ghostly Armor","Barricade","Entrench","Infernal Blade","Apotheosis","Hemokinesis","Seeing Red","Twin Strike","Heavy Blade","Disarm","Armaments","Corruption+1","Cleave+1","Whirlwind","Warcry+1","Seeing Red","Feel No Pain+1","Flame Barrier","Uppercut","Warcry+1","Rampage+1","Body Slam+1"],"relics":["Burning Blood","NeowsBlessing","White Beast Statue","Anchor","Regal Pillow","Strange Spoon","Runic Pyramid","MealTicket","Bottled Tornado","Frozen Egg 2","Red Mask","Vajra","Fusion Hammer","Unceasing Top","Prayer Wheel","Brimstone","TheAbacus","Sundial"],"acts_visited":["Exordium","TheCity","TheBeyond","TheEnding"],"potions_floor_usage":[6,8,16,16,16,19,19,22,22,25,27,29,29,33,35,37,38,38,40,42,50,50,50,55],"damage_taken":[{"damage":0,"enemies":"Cultist","floor":1,"turns":1},{"damage":0,"enemies":"2 Louse","floor":2,"turns":1},{"damage":0,"enemies":"Small Slimes","floor":4,"turns":1},{"damage":2,"enemies":"3 Louse","floor":5,"turns":3},{"damage":39,"enemies":"Gremlin Nob","floor":6,"turns":5},{"damage":18,"enemies":"3 Sentries","floor":8,"turns":10},{"damage":16,"enemies":"Gremlin Gang","floor":11,"turns":4},{"damage":2,"enemies":"Looter","floor":12,"turns":4},{"damage":7,"enemies":"Large Slime","floor":13,"turns":6},{"damage":21,"enemies":"The Guardian","floor":16,"turns":10},{"damage":27,"enemies":"3 Byrds","floor":18,"turns":7},{"damage":30,"enemies":"2 Thieves","floor":19,"turns":5},{"damage":4,"enemies":"Chosen and Byrds","floor":21,"turns":6},{"damage":25,"enemies":"Centurion and Healer","floor":22,"turns":6},{"damage":25,"enemies":"Book of Stabbing","floor":23,"turns":4},{"damage":43,"enemies":"Gremlin Leader","floor":25,"turns":10},{"damage":18,"enemies":"Masked Bandits","floor":27,"turns":3},{"damage":4,"enemies":"Book of Stabbing","floor":29,"turns":4},{"damage":0,"enemies":"Snake Plant","floor":30,"turns":6},{"damage":26,"enemies":"Automaton","floor":33,"turns":12},{"damage":26,"enemies":"3 Darklings","floor":35,"turns":10},{"damage":9,"enemies":"Orb Walker","floor":36,"turns":4},{"damage":6,"enemies":"Jaw Worm Horde","floor":37,"turns":4},{"damage":25,"enemies":"4 Shapes","floor":38,"turns":4},{"damage":8,"enemies":"Giant Head","floor":40,"turns":6},{"damage":25,"enemies":"Nemesis","floor":42,"turns":7},{"damage":6,"enemies":"Spire Growth","floor":44,"turns":6},{"damage":13,"enemies":"Maw","floor":45,"turns":7},{"damage":75,"enemies":"Awakened One","floor":50,"turns":8},{"damage":55,"enemies":"Shield and Spear","floor":54,"turns":5},{"damage":83,"enemies":"The Heart","floor":55,"turns":5}],"seed_played":"-1471008349432952283","potions_obtained":[{"floor":2,"key":"DistilledChaos"},{"floor":8,"key":"Fruit Juice"},{"floor":11,"key":"BlessingOfTheForge"},{"floor":12,"key":"ColorlessPotion"},{"floor":13,"key":"DuplicationPotion"},{"floor":16,"key":"BlessingOfTheForge"},{"floor":18,"key":"AttackPotion"},{"floor":19,"key":"BlessingOfTheForge"},{"floor":21,"key":"Swift Potion"},{"floor":22,"key":"Fire Potion"},{"floor":23,"key":"SneckoOil"},{"floor":25,"key":"SmokeBomb"},{"floor":27,"key":"SkillPotion"},{"floor":30,"key":"DistilledChaos"},{"floor":33,"key":"Fire Potion"},{"floor":35,"key":"SteroidPotion"},{"floor":36,"key":"SkillPotion"},{"floor":37,"key":"Fire Potion"},{"floor":38,"key":"SkillPotion"},{"floor":40,"key":"PowerPotion"},{"floor":42,"key":"Energy Potion"},{"floor":44,"key":"EssenceOfSteel"},{"floor":45,"key":"GamblersBrew"},{"floor":54,"key":"FearPotion"}],"is_trial":false,"path_per_floor":["M","M","?","M","M","E","R","E","T","R","M","M","M","$","R","B",null,"M","M","$","M","M","E","R","E","T","?","?","E","M","$","R","B",null,"M","M","M","M","?","E","?","E","T","M","M","$","R","?","R","B",null,"R","$","E","B"],"character_chosen":"IRONCLAD","items_purchased":["Strange Spoon","Ghostly Armor","Apotheosis","Vajra","Armaments","Brimstone","TheAbacus"],"campfire_rested":5,"item_purchase_floors":[14,14,20,31,31,46,53],"current_hp_per_floor":[80,80,64,70,74,41,41,34,34,74,64,68,67,67,67,52,85,72,48,48,54,39,20,65,28,28,20,20,22,32,47,94,74,109,89,86,86,71,71,73,73,58,58,62,59,74,74,74,127,58,129,129,129,80,0,0],"gold":55,"neow_bonus":"THREE_ENEMY_KILL","is_daily":false,"chose_seed":false,"campfire_upgraded":2,"win_rate":0.0,"timestamp":1614088092,"path_taken":["M","?","?","M","M","E","R","E","T","R","M","M","M","$","R","BOSS","M","M","$","M","M","E","R","E","T","?","?","E","M","$","R","BOSS","M","?","M","M","?","E","?","E","T","M","M","$","R","?","R","BOSS","R","$","E","BOSS"],"items_purchased_type":["Relic","Card","Card","Relic","Card","Relic","Relic"],"build_version":"2020-12-22","purchased_purges":2,"victory":false,"max_hp_per_floor":[80,80,80,80,80,80,80,85,85,85,85,85,85,85,85,85,85,93,93,93,97,101,101,101,101,101,105,105,105,109,109,109,109,109,109,109,109,113,113,117,117,121,121,125,129,129,129,129,129,129,129,129,129,129,129,129],"card_choices":[{"not_picked":["Anger","Clash"],"picked":"Flex","floor":1},{"not_picked":["Armaments","Perfected Strike"],"picked":"Metallicize","floor":2},{"not_picked":["Flex","Power Through"],"picked":"Spot Weakness","floor":4},{"not_picked":["Headbutt","Twin Strike"],"picked":"Flame Barrier","floor":5},{"not_picked":["Ghostly Armor","Entrench"],"picked":"Twin Strike","floor":6},{"not_picked":["Dual Wield","Sword Boomerang"],"picked":"Spot Weakness","floor":8},{"not_picked":["Rage","Anger"],"picked":"Fire Breathing","floor":11},{"not_picked":["Clothesline","Anger"],"picked":"Warcry","floor":12},{"not_picked":["Anger","Sword Boomerang"],"picked":"Feed","floor":13},{"not_picked":["Brutality","Juggernaut"],"picked":"Barricade","floor":16},{"not_picked":["Flame Barrier","Hemokinesis"],"picked":"Entrench","floor":18},{"not_picked":["True Grit+1","Iron Wave"],"picked":"Infernal Blade","floor":19},{"not_picked":["Dual Wield","Clothesline"],"picked":"Hemokinesis","floor":21},{"not_picked":["Warcry","Carnage","Anger"],"picked":"SKIP","floor":22},{"not_picked":["Pommel Strike","Thunderclap"],"picked":"Seeing Red","floor":23},{"not_picked":["Searing Blow","Clash"],"picked":"Twin Strike","floor":25},{"not_picked":["Double Tap","Pommel Strike"],"picked":"Heavy Blade","floor":27},{"not_picked":["Second Wind+1","Infernal Blade"],"picked":"Power Through","floor":30},{"not_picked":["Berserk+1","Offering"],"picked":"Corruption+1","floor":33},{"not_picked":["Pommel Strike+1","Iron Wave"],"picked":"Cleave+1","floor":35},{"not_picked":["Headbutt","Sword Boomerang"],"picked":"Whirlwind","floor":36},{"not_picked":["Anger","Power Through+1"],"picked":"Warcry+1","floor":37},{"not_picked":["Headbutt","Corruption+1"],"picked":"Evolve+1","floor":38},{"not_picked":["Pommel Strike+1","Body Slam"],"picked":"Seeing Red","floor":40},{"not_picked":["Bloodletting","Anger"],"picked":"Feel No Pain+1","floor":42},{"not_picked":["Havoc","Feed"],"picked":"Flame Barrier","floor":44},{"not_picked":["Sword Boomerang+1","Reckless Charge"],"picked":"Uppercut","floor":44},{"not_picked":["Pommel Strike+1","True Grit"],"picked":"Warcry+1","floor":45},{"not_picked":["Twin Strike+1","Infernal Blade+1"],"picked":"Rampage+1","floor":45},{"not_picked":["Clothesline","Rage+1"],"picked":"Body Slam+1","floor":54}],"player_experience":125580,"relics_obtained":[{"floor":6,"key":"White Beast Statue"},{"floor":8,"key":"Anchor"},{"floor":9,"key":"Regal Pillow"},{"floor":23,"key":"MealTicket"},{"floor":25,"key":"Bottled Tornado"},{"floor":26,"key":"Frozen Egg 2"},{"floor":27,"key":"Red Mask"},{"floor":40,"key":"Unceasing Top"},{"floor":42,"key":"Prayer Wheel"},{"floor":54,"key":"Sundial"}],"event_choices":[{"damage_healed":0,"gold_gain":0,"player_choice":"Entered Light","damage_taken":16,"max_hp_gain":0,"max_hp_loss":0,"event_name":"Shining Light","floor":3,"gold_loss":0,"cards_upgraded":["Defend_R","Defend_R"]},{"damage_healed":0,"gold_gain":0,"player_choice":"Fought Bandits","damage_taken":0,"max_hp_gain":0,"max_hp_loss":0,"event_name":"Masked Bandits","floor":27,"gold_loss":0},{"damage_healed":0,"gold_gain":0,"cards_transformed":["Strike_R"],"player_choice":"Transformed","damage_taken":0,"max_hp_gain":0,"max_hp_loss":0,"event_name":"Transmorgrifier","floor":28,"gold_loss":0,"cards_obtained":["Disarm"]},{"damage_healed":0,"gold_gain":222,"player_choice":"Wore Mask","damage_taken":0,"max_hp_gain":0,"max_hp_loss":0,"event_name":"Tomb of Lord Red Mask","floor":39,"gold_loss":0},{"cards_removed":["Evolve"],"damage_healed":0,"gold_gain":0,"player_choice":"Removed Power","damage_taken":0,"max_hp_gain":0,"max_hp_loss":0,"event_name":"Falling","floor":41,"gold_loss":0},{"damage_healed":0,"gold_gain":0,"player_choice":"Cursed","damage_taken":0,"max_hp_gain":0,"max_hp_loss":0,"event_name":"Wheel of Change","floor":48,"gold_loss":0,"cards_obtained":["Decay"]}],"is_beta":false,"boss_relics":[{"not_picked":["Sozu","Busted Crown"],"picked":"Runic Pyramid"},{"not_picked":["Tiny House","Black Blood"],"picked":"Fusion Hammer"}],"items_purged_floors":[46,53],"is_endless":false,"potions_floor_spawned":[2,8,11,12,13,16,18,19,21,22,23,25,27,29,30,33,35,36,37,38,40,42,44,45,54],"killed_by":"The Heart","ascension_level":3}}