{"host":"e4wnmsyty9uvvtwf","time":1614078189,"event":{"mods":["BaseMod","Colored Map","Colored Powertips","Hermit","Minty Spire (QoL Compilation)","StSLib"],"gold_per_floor":[215,215,226,244,23,23,36,36,59,59,33,44,54,54,54,156,156,191,191,206,97,97,97,132,132,187,224,224,149,209,229,229,331,331,366,366,366,379,379,379,395,395,395,433,490,543,575,575,575,582],"floor_reached":51,"language":"ZHS","playtime":2160,"items_purged":["hermit:Defend_Hermit"],"score":760,"play_id":"c79961b9-eee7-4519-ac34-d5c9953c2816","local_time":"20210223190309","is_ascension_mode":false,"campfire_choices":[{"data":"hermit:TakeCover","floor":6,"key":"SMITH"},{"data":"hermit:Dive","floor":8,"key":"SMITH"},{"data":"hermit:NoHoldsBarred","floor":10,"key":"SMITH"},{"data":"hermit:Desperado","floor":15,"key":"SMITH"},{"data":"hermit:Scavenge","floor":23,"key":"SMITH"},{"data":"hermit:Virtue","floor":25,"key":"SMITH"},{"data":"hermit:Covet","floor":28,"key":"SMITH"},{"data":"hermit:Cheat","floor":32,"key":"SMITH"},{"data":"hermit:BlackWind","floor":40,"key":"SMITH"},{"data":"hermit:ShadowCloak","floor":42,"key":"SMITH"},{"data":"hermit:DeadOrAlive","floor":49,"key":"SMITH"}],"circlet_count":0,"master_deck":["hermit:Strike_Hermit","hermit:Strike_Hermit","hermit:Defend_Hermit","hermit:Defend_Hermit","hermit:Snapshot","hermit:Covet+1","hermit:Coalescence","hermit:NoHoldsBarred+1","hermit:Dive+1","hermit:TakeCover+1","hermit:TakeCover","hermit:Desperado+1","hermit:Magnum+1","hermit:FatalDesire","hermit:DeadOrAlive+1","hermit:Feint+1","hermit:GhostlyPresence+1","hermit:HoleUp","hermit:ShadowCloak+1","hermit:Scavenge+1","hermit:Determination","hermit:Virtue+1","hermit:BodyArmor+1","hermit:Cheat+1","hermit:RoundhouseKick","hermit:BlackWind+1","hermit:Snipe+1","Trip","Madness","Madness","hermit:LuckOfTheDraw","hermit:DeadMansHand+1","hermit:Scavenge+1","hermit:HoleUp+1","hermit:DeadOrAlive+1"],"relics":["hermit:Momento","Chemical X","Lantern","Astrolabe","Akabeko","PreservedInsect","Sozu","Happy Flower","Meat on the Bone","Turnip","Incense Burner","Toy Ornithopter"],"acts_visited":["Exordium","TheCity","TheBeyond"],"potions_floor_usage":[],"damage_taken":[{"damage":0,"enemies":"2 Louse","floor":1,"turns":3},{"damage":0,"enemies":"Cultist","floor":3,"turns":4},{"damage":9,"enemies":"Jaw Worm","floor":4,"turns":4},{"damage":0,"enemies":"Looter","floor":7,"turns":3},{"damage":0,"enemies":"2 Fungi Beasts","floor":12,"turns":1},{"damage":10,"enemies":"Exordium Thugs","floor":13,"turns":2},{"damage":33,"enemies":"Slime Boss","floor":16,"turns":14},{"damage":1,"enemies":"2 Thieves","floor":18,"turns":3},{"damage":1,"enemies":"Spheric Guardian","floor":20,"turns":3},{"damage":0,"enemies":"Centurion and Healer","floor":24,"turns":3},{"damage":8,"enemies":"3 Cultists","floor":27,"turns":5},{"damage":0,"enemies":"Book of Stabbing","floor":30,"turns":5},{"damage":0,"enemies":"Snecko","floor":31,"turns":2},{"damage":10,"enemies":"Automaton","floor":33,"turns":11},{"damage":0,"enemies":"3 Shapes","floor":35,"turns":3},{"damage":15,"enemies":"Orb Walker","floor":38,"turns":4},{"damage":16,"enemies":"Spire Growth","floor":41,"turns":5},{"damage":6,"enemies":"Giant Head","floor":44,"turns":6},{"damage":0,"enemies":"Mind Bloom Boss Battle","floor":45,"turns":6},{"damage":16,"enemies":"2 Orb Walkers","floor":46,"turns":5},{"damage":5,"enemies":"Transient","floor":47,"turns":5},{"damage":13,"enemies":"Awakened One","floor":50,"turns":17}],"seed_played":"-6740704558611112264","potions_obtained":[{"floor":1,"key":"SpeedPotion"},{"floor":4,"key":"ColorlessPotion"},{"floor":7,"key":"Ancient Potion"}],"is_trial":false,"path_per_floor":["M","?","M","M","$","R","M","R","T","R","$","M","M","?","R","B",null,"M","?","M","$","?","R","M","R","T","M","R","$","E","M","R","B",null,"M","?","?","M","?","R","M","R","T","E","?","?","M","T","R","B",null],"character_chosen":"HERMIT","items_purchased":["Chemical X","hermit:TakeCover","hermit:Desperado","hermit:Scavenge","hermit:Determination"],"campfire_rested":0,"item_purchase_floors":[5,5,11,21,21],"current_hp_per_floor":[75,75,75,66,66,66,66,66,66,66,66,66,56,56,56,23,75,74,74,73,73,75,75,75,75,75,67,67,67,67,67,67,57,75,75,75,75,60,51,51,35,35,35,29,41,37,44,44,44,43],"gold":582,"neow_bonus":"HUNDRED_GOLD","is_daily":false,"chose_seed":false,"campfire_upgraded":11,"win_rate":0.0,"timestamp":1614078189,"path_taken":["M","?","M","M","$","R","M","R","T","R","?","M","?","?","R","BOSS","M","?","M","$","?","R","M","R","T","M","R","$","E","M","R","BOSS","M","?","?","?","?","R","M","R","T","E","?","?","M","?","R","BOSS"],"items_purchased_type":["Relic","Card","Card","Card","Card"],"build_version":"2020-12-22","purchased_purges":1,"victory":true,"max_hp_per_floor":[75,75,75,75,75,75,75,75,75,75,75,75,75,75,75,75,75,75,75,75,75,75,75,75,75,75,75,75,75,75,75,75,75,75,75,75,75,75,75,75,75,75,75,75,75,75,75,75,75,75],"card_choices":[{"not_picked":["hermit:LuckOfTheDraw","hermit:Ricochet"],"picked":"hermit:Coalescence","floor":1},{"not_picked":["hermit:TakeCover","hermit:Ricochet"],"picked":"hermit:NoHoldsBarred","floor":3},{"not_picked":["hermit:Coalescence","hermit:CalledShot"],"picked":"hermit:Dive","floor":4},{"not_picked":["hermit:WideOpen","hermit:Malice"],"picked":"hermit:TakeCover","floor":7},{"not_picked":["hermit:FlashPowder","hermit:WideOpen"],"picked":"hermit:Magnum","floor":12},{"not_picked":["hermit:LowProfile","hermit:Manifest"],"picked":"hermit:Misfire","floor":13},{"not_picked":["hermit:RoundhouseKick","hermit:FinalCanter"],"picked":"hermit:FatalDesire","floor":16},{"not_picked":["hermit:LowProfile","hermit:Feint"],"picked":"hermit:HoleUp","floor":18},{"not_picked":["hermit:Ricochet","hermit:OverwhelmingPower"],"picked":"hermit:ShadowCloak","floor":20},{"not_picked":["hermit:Dive","hermit:LowProfile"],"picked":"hermit:Virtue","floor":24},{"not_picked":["hermit:Coalescence","hermit:Desperado"],"picked":"hermit:BodyArmor+1","floor":27},{"not_picked":["hermit:Misfire+1","hermit:WideOpen"],"picked":"hermit:Cheat","floor":30},{"not_picked":["hermit:CursedWeapon","hermit:Midnight"],"picked":"hermit:RoundhouseKick","floor":31},{"not_picked":["hermit:OverwhelmingPower","hermit:FinalCanter"],"picked":"hermit:BlackWind","floor":33},{"not_picked":["hermit:Ricochet","hermit:HighCaliber+1"],"picked":"hermit:Snipe+1","floor":35},{"not_picked":["Chrysalis","Discovery"],"picked":"Trip","floor":36},{"not_picked":["hermit:Misfire","hermit:BodyArmor+1","hermit:Snipe+1"],"picked":"SKIP","floor":38},{"not_picked":["hermit:Manifest","hermit:TrackingShot"],"picked":"hermit:LuckOfTheDraw","floor":41},{"not_picked":["hermit:TrackingShot","hermit:Malice"],"picked":"hermit:DeadMansHand+1","floor":44},{"not_picked":["hermit:Snipe","hermit:FlashPowder"],"picked":"hermit:Scavenge+1","floor":45},{"not_picked":["hermit:LowProfile+1","hermit:Glare"],"picked":"hermit:HoleUp+1","floor":46},{"not_picked":["hermit:HoleUp","hermit:FullyLoaded"],"picked":"hermit:DeadOrAlive","floor":47}],"player_experience":524238,"relics_obtained":[{"floor":9,"key":"Lantern"},{"floor":26,"key":"Akabeko"},{"floor":30,"key":"PreservedInsect"},{"floor":43,"key":"Happy Flower"},{"floor":44,"key":"Meat on the Bone"},{"floor":45,"key":"Turnip"},{"floor":46,"key":"Incense Burner"},{"floor":48,"key":"Toy Ornithopter"}],"event_choices":[{"cards_removed":["Iron Wave"],"damage_healed":0,"gold_gain":0,"player_choice":"Took Card","damage_taken":0,"max_hp_gain":0,"max_hp_loss":0,"event_name":"NoteForYourself","floor":2,"gold_loss":0,"cards_obtained":["Iron Wave"]},{"damage_healed":0,"gold_gain":0,"player_choice":"Grow","damage_taken":0,"max_hp_gain":0,"max_hp_loss":0,"event_name":"Living Wall","floor":14,"gold_loss":0,"cards_upgraded":["hermit:Magnum"]},{"damage_healed":0,"gold_gain":0,"player_choice":"Ignored","damage_taken":0,"max_hp_gain":0,"max_hp_loss":0,"event_name":"Beggar","floor":19,"gold_loss":0},{"cards_removed":["hermit:Misfire"],"damage_healed":5,"gold_gain":0,"player_choice":"Offered Common","damage_taken":0,"max_hp_gain":0,"max_hp_loss":0,"event_name":"Bonfire Elementals","floor":22,"gold_loss":0},{"cards_removed":["hermit:Misfire"],"damage_healed":5,"gold_gain":0,"player_choice":"Offered Special","damage_taken":0,"max_hp_gain":0,"max_hp_loss":0,"event_name":"Bonfire Elementals","floor":22,"gold_loss":0},{"damage_healed":0,"gold_gain":0,"player_choice":"Memory 1","damage_taken":0,"max_hp_gain":0,"max_hp_loss":0,"event_name":"SensoryStone","floor":36,"gold_loss":0},{"damage_healed":0,"gold_gain":0,"player_choice":"Got Potions","damage_taken":0,"max_hp_gain":0,"max_hp_loss":0,"event_name":"Lab","floor":37,"gold_loss":0},{"damage_healed":0,"gold_gain":0,"player_choice":"Embrace Madness","damage_taken":9,"max_hp_gain":0,"max_hp_loss":0,"event_name":"Winding Halls","floor":39,"gold_loss":0,"cards_obtained":["Madness","Madness"]},{"damage_healed":0,"gold_gain":0,"player_choice":"Fight","damage_taken":0,"max_hp_gain":0,"max_hp_loss":0,"event_name":"MindBloom","floor":45,"gold_loss":0},{"damage_healed":0,"gold_gain":0,"player_choice":"Fight","damage_taken":0,"max_hp_gain":0,"max_hp_loss":0,"event_name":"Mysterious Sphere","floor":46,"gold_loss":0}],"is_beta":false,"boss_relics":[{"not_picked":["Ectoplasm","hermit:DentedPlate"],"picked":"Astrolabe"},{"not_picked":["Runic Dome","SacredBark"],"picked":"Sozu"}],"items_purged_floors":[29],"is_endless":false,"potions_floor_spawned":[1,4,7,18,30,33,35,38,44],"ascension_level":0}}