{"host":"ve5hox67eka4rdnb","time":1614054689,"event":{"mods":["ATMod(°¢èªMod)","AchievementEnabler","Act Like it!","BaseMod","Downfall","Lobotomy","LobotomyExtend","Minty Spire (QoL Compilation)","Quick Restart","Replay The Spire","Shop Mod","StSLib"],"gold_per_floor":[114,114,114,128,144,187,187,223,223,223,223,223,254,254,254,384,384,403,416,432,452,468,468,499,499,499,540,559,595,595,616,616,737,737,757,781,254,270,284,284,327,347,373,396,759,799,799,832,832,832,832,832,832,9,49,49],"floor_reached":57,"language":"ZHS","playtime":4543,"items_purged":["RecordCode","CENSORED"],"score":1780,"play_id":"4941670a-a20e-4f79-8122-407230ac4792","local_time":"20210223123128","is_ascension_mode":true,"campfire_choices":[{"floor":40.0,"key":"RECALL"},{"data":"Adoration","floor":49,"key":"SMITH"},{"data":"Regret_ego","floor":53,"key":"SMITH"}],"circlet_count":0,"master_deck":["BodiesMountain","BigBird","SpecialBullet","SpecialBullet","SpecialBullet","SpecialBullet","SpecialBullet","SpecialBullet","WelfareCode","DisciplinaryCode","ControlCode","AT_MachinaRedman","Hypocrisy","UniverseFragment","Spore","TheSmile","GoldRush","Regret_ego+1","LaLuna","Regret_ego+1","FourthMatchFlame+1","Hypocrisy","Regret_ego+1","Adoration+1","TrainingCode"],"relics":["CogitoBucket","AT_ATBox","LetterFromLob","Golden Idol","Blue Candle","AT_ArcaneBoots","InkBottle","Blood Vial","Letter Opener","Runic Dome","AspirationHeart","Singing Bowl","Question Card","Lamp_r","Replay:Baseball","HellTrain","Red Mask","Black Star","BackwardClock","AT_ArchangelStaff","Strawberry","Strange Spoon","Meat on the Bone","Juzu Bracelet","TheSmile_r","InTheNameOfLoveAndHate_r","SolemnVow_r","Old Coin","Ornamental Fan","Centennial Puzzle","HornCleat","The Courier","CENSORED_r","Vajra","AT_EbonyIvory","ReplayTheSpireMod:TigerMarble","Bag of Marbles","Pondfish Scales","AT_SilvercatRing","AT_ChloranthyRing"],"acts_visited":["Exordium","TheCity","TheBeyond","TheEnding"],"potions_floor_usage":[46,50,56],"damage_taken":[{"damage":7.0,"enemies":"2 Louse","floor":1.0,"turns":2.0},{"damage":0.0,"enemies":"Small Slimes","floor":4.0,"turns":2.0},{"damage":12.0,"enemies":"Jaw Worm","floor":5.0,"turns":2.0},{"damage":0.0,"enemies":"Gremlin Nob","floor":6.0,"turns":2.0},{"damage":9.0,"enemies":"Lagavulin","floor":8.0,"turns":4.0},{"damage":1.0,"enemies":"3 Sentries","floor":13.0,"turns":3.0},{"damage":0.0,"enemies":"Hexaghost","floor":16.0,"turns":3.0},{"damage":0.0,"enemies":"Spheric Guardian","floor":18.0,"turns":2.0},{"damage":0.0,"enemies":"2 Thieves","floor":19.0,"turns":1.0},{"damage":0.0,"enemies":"Snecko","floor":20.0,"turns":2.0},{"damage":0.0,"enemies":"3 Cultists","floor":21.0,"turns":2.0},{"damage":0.0,"enemies":"Chosen and Byrds","floor":22.0,"turns":2.0},{"damage":0.0,"enemies":"Book of Stabbing","floor":24.0,"turns":3.0},{"damage":10.0,"enemies":"Gremlin Leader","floor":27.0,"turns":3.0},{"damage":18.0,"enemies":"Snecko","floor":28.0,"turns":3.0},{"damage":0.0,"enemies":"Masked Bandits","floor":29.0,"turns":2.0},{"damage":0.0,"enemies":"Centurion and Healer","floor":31.0,"turns":3.0},{"damage":0.0,"enemies":"Collector","floor":33.0,"turns":3.0},{"damage":23.0,"enemies":"3 Darklings","floor":35.0,"turns":2.0},{"damage":9.0,"enemies":"Orb Walker","floor":36.0,"turns":5.0},{"damage":14.0,"enemies":"Transient","floor":38.0,"turns":5.0},{"damage":18.0,"enemies":"Writhing Mass","floor":39.0,"turns":2.0},{"damage":2,"enemies":"Giant Head","floor":41,"turns":1},{"damage":0,"enemies":"Jaw Worm Horde","floor":42,"turns":3},{"damage":0,"enemies":"3 Darklings","floor":44,"turns":1},{"damage":0,"enemies":"Mind Bloom Boss Battle","floor":45,"turns":2},{"damage":33,"enemies":"Nemesis","floor":46,"turns":2},{"damage":2,"enemies":"Reptomancer","floor":48,"turns":2},{"damage":73,"enemies":"FixerMidnight","floor":50,"turns":4},{"damage":0,"enemies":"Shield and Spear","floor":55,"turns":2},{"damage":3,"enemies":"The Heart","floor":56,"turns":4}],"seed_played":"-229885431977745800","potions_obtained":[{"floor":6.0,"key":"EssenceOfSteel"},{"floor":13.0,"key":"Strength Potion"},{"floor":16.0,"key":"Adrenaline Potion"},{"floor":19.0,"key":"Swift Potion"},{"floor":22.0,"key":"SkillPotion"},{"floor":24.0,"key":"DuplicationPotion"},{"floor":28.0,"key":"Regen Potion"},{"floor":31.0,"key":"ColorlessPotion"},{"floor":38.0,"key":"Energy Potion"},{"floor":39.0,"key":"Strength Potion"},{"floor":42,"key":"LiquidBronze"},{"floor":45,"key":"Reflective Coating"}],"is_trial":false,"path_per_floor":["M","?","?","M","M","E","R","E","T","R","?","R","E","?","R","B",null,"M","M","M","M","M","R","E","?","T","E","M","?","?","M","R","B",null,"M","M","$","M","M","R","E","M","T","M","?","E","R","E","R","B",null,null,"R","$","E","B",null],"character_chosen":"Angela","items_purchased":["AT_ArchangelStaff","Strawberry","Strange Spoon","Vajra","AT_EbonyIvory","ReplayTheSpireMod:TigerMarble","Bag of Marbles","Pondfish Scales","BlessingOfTheForge"],"campfire_rested":0,"item_purchase_floors":[37,37,37,54,54,54,54,54,54],"current_hp_per_floor":[63,46,41,41,29,29,29,28,28,28,28,28,29,29,29,31,70,80,80,80,80,80,80,80,80,80,70,64,74,74,78,78,80,86,71,86,93,83,69,69,71,75,75,88,111,84,230,232,232,163,163,234,234,234,238,238],"gold":49,"neow_bonus":"REMOVE_CARD","is_daily":false,"chose_seed":false,"campfire_upgraded":2,"win_rate":0.0,"timestamp":1614054688,"path_taken":["M","?","?","M","M","E","R","E","T","R","?","R","E","?","R","BOSS","M","M","M","M","M","R","E","?","T","E","M","?","?","M","R","BOSS","M","M","$","M","M","R","E","M","T","M","?","E","R","E","R","BOSS","R","$","E","BOSS"],"items_purchased_type":["Relic","Relic","Relic","Relic","Relic","Relic","Relic","Relic","Potion"],"build_version":"2020-12-22","purchased_purges":2,"victory":true,"max_hp_per_floor":[70,70,70,70,70,70,70,70,70,70,70,70,70,70,70,70,70,80,80,80,80,80,80,80,80,80,80,82,84,84,86,86,86,86,88,90,97,99,101,101,103,105,105,107,111,115,230,234,234,234,234,234,234,234,238,238],"card_choices":[{"not_picked":["Tough","Wingbeat"],"picked":"SKIP","floor":1.0},{"not_picked":["Penitence","WristCuter"],"picked":"SKIP","floor":4.0},{"not_picked":["WallGazer","OldLady"],"picked":"SpiderBud","floor":5.0},{"not_picked":["Soda","TodaysExpression"],"picked":"SKIP","floor":5.0},{"not_picked":["InTheNameOfLoveAndHate"],"picked":"Hypocrisy","floor":6.0},{"not_picked":["FairyFestival","Murderer"],"picked":"UniverseFragment","floor":8.0},{"not_picked":["Beak"],"picked":"Spore","floor":8.0},{"not_picked":["Wingbeat","RedEyes"],"picked":"SKIP","floor":13.0},{"not_picked":["Adoration"],"picked":"GoldRush","floor":16.0},{"not_picked":["Tough","RedEyes+1"],"picked":"SKIP","floor":18.0},{"not_picked":["LittleHelper","Yin"],"picked":"QueenOfHatred","floor":19.0},{"not_picked":["Beak+1"],"picked":"Regret_ego+1","floor":19.0},{"not_picked":["RedEyes","RapturousDream+1"],"picked":"SKIP","floor":20.0},{"not_picked":["MHz","FairyFestival"],"picked":"LaLuna","floor":21.0},{"not_picked":["Noise"],"picked":"Regret_ego","floor":21.0},{"not_picked":["Amita","Wingbeat"],"picked":"SKIP","floor":22.0},{"not_picked":["WhitesApple","GreedKing"],"picked":"BigBird","floor":24.0},{"not_picked":["Noise"],"picked":"FourthMatchFlame+1","floor":24.0},{"not_picked":["Loneliness+1","Lamp"],"picked":"Regret_ego","floor":27.0},{"not_picked":["Horn","CherryBlossom","Soda"],"picked":"Singing Bowl","floor":28.0},{"not_picked":["Loneliness+1","RapturousDream","TodaysExpression"],"picked":"Singing Bowl","floor":29.0},{"not_picked":["Harmony+1","CrimsonScar","SoundOfStar"],"picked":"Singing Bowl","floor":31.0},{"not_picked":["Pinks","Mimicry"],"picked":"Adoration","floor":33.0},{"not_picked":["LifeForTheDareDevil+1","Horn+1","Hypocrisy+1"],"picked":"Singing Bowl","floor":35.0},{"not_picked":["Regret_ego","Noise","Beak"],"picked":"Singing Bowl","floor":36.0},{"not_picked":["Noise+1","Lantern","Penitence+1"],"picked":"Singing Bowl","floor":38.0},{"not_picked":["Soda+1","Wingbeat+1","WristCuter+1"],"picked":"Singing Bowl","floor":39.0},{"not_picked":["HeroicMonk","Rudolta"],"picked":"BodiesMountain","floor":41},{"not_picked":["Ecstasy+1","Tough","RapturousDream"],"picked":"Singing Bowl","floor":41},{"not_picked":["Harvest","Horn","Galaxy"],"picked":"Singing Bowl","floor":42},{"not_picked":["Woodsman","GalaxyChild"],"picked":"Funeral","floor":44},{"not_picked":["RapturousDream","Penitence","Soda+1"],"picked":"Singing Bowl","floor":44},{"not_picked":["FairyFestival","OSAHOGD"],"picked":"CENSORED","floor":45},{"not_picked":["Loneliness","WristCuter+1","Wingbeat"],"picked":"Singing Bowl","floor":45},{"not_picked":["Beak+1","Lamp","WristCuter"],"picked":"Singing Bowl","floor":45},{"not_picked":["Gaze","Soda","Wingbeat+1"],"picked":"Singing Bowl","floor":46},{"not_picked":["BlackSwan_ego+1","Penitence+1","SolemnVow"],"picked":"Singing Bowl","floor":46},{"not_picked":["CUTE+1","Laetitia_ego","Beak"],"picked":"Singing Bowl","floor":48},{"not_picked":["RapturousDream+1","ParadiseLost","LifeForTheDareDevil"],"picked":"Singing Bowl","floor":48},{"not_picked":["Reverberation+1","Noise","RedEyes+1"],"picked":"Singing Bowl","floor":55},{"not_picked":["DaCapo","Beak","Laetitia_ego"],"picked":"Singing Bowl","floor":55}],"player_experience":216354,"relics_obtained":[{"floor":1.0,"key":"LetterFromLob"},{"floor":6.0,"key":"AT_SpeedBoots"},{"floor":8.0,"key":"InkBottle"},{"floor":9.0,"key":"Blood Vial"},{"floor":13.0,"key":"Letter Opener"},{"floor":24.0,"key":"Singing Bowl"},{"floor":26.0,"key":"Question Card"},{"floor":27.0,"key":"Replay:Baseball"},{"floor":29.0,"key":"Red Mask"},{"floor":41,"key":"Meat on the Bone"},{"floor":41,"key":"Juzu Bracelet"},{"floor":45,"key":"Old Coin"},{"floor":46,"key":"Ornamental Fan"},{"floor":46,"key":"Centennial Puzzle"},{"floor":48,"key":"HornCleat"},{"floor":48,"key":"The Courier"},{"floor":55,"key":"AT_SilvercatRing"},{"floor":55,"key":"AT_ChloranthyRing"}],"event_choices":[{"damage_healed":0.0,"max_hp_gain":0.0,"max_hp_loss":0.0,"gold_gain":0.0,"event_name":"Golden Idol","player_choice":"Take Damage","floor":2.0,"gold_loss":0.0,"damage_taken":17.0,"relics_obtained":["Golden Idol"]},{"damage_healed":0.0,"max_hp_gain":0.0,"max_hp_loss":0.0,"gold_gain":0.0,"cards_transformed":["SpecialBullet"],"event_name":"Living Wall","player_choice":"Change","floor":11.0,"gold_loss":0.0,"damage_taken":0.0,"cards_obtained":["TheSmile"]},{"damage_healed":0.0,"max_hp_gain":0.0,"max_hp_loss":0.0,"gold_gain":0.0,"event_name":"The Library","player_choice":"Read","floor":25.0,"gold_loss":0.0,"damage_taken":0.0,"cards_obtained":["Hypocrisy"]},{"damage_healed":0.0,"max_hp_gain":0.0,"max_hp_loss":0.0,"gold_gain":0.0,"event_name":"Masked Bandits","player_choice":"Fought Bandits","floor":29.0,"gold_loss":0.0,"damage_taken":0.0},{"damage_healed":0.0,"max_hp_gain":0.0,"max_hp_loss":0.0,"gold_gain":0.0,"event_name":"Accursed Blacksmith","player_choice":"Forge","floor":30.0,"gold_loss":0.0,"damage_taken":0.0,"cards_upgraded":["Regret_ego"]},{"damage_healed":0,"gold_gain":0,"player_choice":"Fight","damage_taken":0,"max_hp_gain":0,"max_hp_loss":0,"event_name":"MindBloom","floor":45,"gold_loss":0}],"is_beta":false,"boss_relics":[{"not_picked":["Fusion Hammer","Kintsugi"],"picked":"Runic Dome"},{"not_picked":["Painkiller Herb","Replay:Ancient Bell"],"picked":"Black Star"}],"items_purged_floors":[37,54],"is_endless":false,"potions_floor_spawned":[6,13,16,19,22,24,28,31,38,39,42,45],"ascension_level":2}}