{"host":"h3ogdo6no3ehk88q","time":1614124361,"event":{"mods":["AchievementEnabler","BaseMod","Minty Spire (QoL Compilation)","StSLib","SuperFastMode"],"gold_per_floor":[111,127,127,138,27,27,60,80,80,80,105,85,113,113,125,158,83,83,157,157,171,182,192,92,92,92,119,169,169,169,169,181,181,211,211,223,223,300,300,318,336,355,380,380,178,205,216,216,269,298,311,311,326,326,326,326],"floor_reached":55,"language":"ENG","playtime":1910,"items_purged":["Strike_R","Strike_R"],"score":1165,"play_id":"761be76f-1ff6-4af6-a264-9671b876f360","local_time":"20210223185241","is_ascension_mode":true,"campfire_choices":[{"data":"Carnage","floor":6,"key":"SMITH"},{"data":"Offering","floor":9,"key":"SMITH"},{"data":"Feed","floor":14,"key":"SMITH"},{"data":"Entrench","floor":18,"key":"SMITH"},{"data":"Shockwave","floor":26,"key":"SMITH"},{"data":"Feed","floor":31,"key":"SMITH"},{"data":"Spot Weakness","floor":35,"key":"SMITH"},{"data":"Flame Barrier","floor":37,"key":"SMITH"},{"floor":54,"key":"RECALL"}],"circlet_count":0,"master_deck":["AscendersBane","Strike_R","Strike_R","Strike_R","Defend_R","Defend_R","Defend_R","Defend_R","Bash","Entrench+1","Shrug It Off","Shrug It Off","Spot Weakness+1","Carnage+1","Offering+1","Feed+1","Clothesline","Feed+1","Whirlwind","Flame Barrier+1","Shockwave+1","Feed+1","Reaper","Bludgeon","True Grit","Feel No Pain+1","Anger+1","Battle Trance","Pummel"],"relics":["Burning Blood","Orichalcum","InkBottle","HornCleat","MealTicket","Akabeko","Lantern","Snecko Eye","Oddly Smooth Stone","Shuriken","Mummified Hand","Potion Belt","Black Star","Prayer Wheel","Happy Flower","Omamori","Pocketwatch","CaptainsWheel","White Beast Statue","Anchor","Nunchaku"],"acts_visited":["Exordium","TheCity","TheBeyond"],"potions_floor_usage":[19,19,34,34,49,49,55,55,55,55],"damage_taken":[{"damage":7,"enemies":"Small Slimes","floor":1,"turns":4},{"damage":4,"enemies":"Cultist","floor":2,"turns":4},{"damage":1,"enemies":"2 Louse","floor":4,"turns":5},{"damage":20,"enemies":"Gremlin Nob","floor":7,"turns":4},{"damage":6,"enemies":"Looter","floor":8,"turns":3},{"damage":18,"enemies":"3 Sentries","floor":13,"turns":6},{"damage":8,"enemies":"Lots of Slimes","floor":15,"turns":5},{"damage":20,"enemies":"Lagavulin","floor":16,"turns":6},{"damage":54,"enemies":"Slime Boss","floor":19,"turns":17},{"damage":3,"enemies":"3 Byrds","floor":21,"turns":5},{"damage":0,"enemies":"Chosen","floor":22,"turns":4},{"damage":9,"enemies":"Centurion and Healer","floor":23,"turns":10},{"damage":18,"enemies":"Book of Stabbing","floor":27,"turns":4},{"damage":22,"enemies":"Sentry and Sphere","floor":32,"turns":5},{"damage":0,"enemies":"Slavers","floor":34,"turns":2},{"damage":13,"enemies":"Snecko","floor":36,"turns":5},{"damage":86,"enemies":"Collector","floor":38,"turns":9},{"damage":7,"enemies":"3 Shapes","floor":40,"turns":5},{"damage":22,"enemies":"3 Darklings","floor":41,"turns":6},{"damage":7,"enemies":"Spire Growth","floor":42,"turns":3},{"damage":10,"enemies":"Mind Bloom Boss Battle","floor":43,"turns":7},{"damage":35,"enemies":"Nemesis","floor":46,"turns":7},{"damage":14,"enemies":"Maw","floor":47,"turns":6},{"damage":14,"enemies":"2 Orb Walkers","floor":49,"turns":3},{"damage":6,"enemies":"Reptomancer","floor":50,"turns":5},{"damage":6,"enemies":"Transient","floor":51,"turns":5},{"damage":12,"enemies":"Writhing Mass","floor":53,"turns":5},{"damage":111,"enemies":"Time Eater","floor":55,"turns":10}],"seed_played":"2231202705273948416","potions_obtained":[{"floor":1,"key":"Weak Potion"},{"floor":12,"key":"LiquidMemories"},{"floor":19,"key":"Regen Potion"},{"floor":27,"key":"FearPotion"},{"floor":36,"key":"ElixirPotion"},{"floor":38,"key":"Explosive Potion"},{"floor":40,"key":"PowerPotion"},{"floor":43,"key":"LiquidBronze"},{"floor":50,"key":"PowerPotion"},{"floor":51,"key":"Explosive Potion"}],"is_trial":false,"path_per_floor":["M","M","?","M","$","R","E","M","R","T","T","?","E","R","M","E","$","R","B",null,"M","M","M","$","?","R","E","?","T","T","R","M","?","E","R","M","R","B",null,"M","M","M","?","?","$","E","M","T","?","E","M","T","M","R","B"],"character_chosen":"IRONCLAD","items_purchased":["Spot Weakness","Carnage","Happy Flower","Swift Potion"],"campfire_rested":0,"item_purchase_floors":[5,5,45,45],"current_hp_per_floor":[67,69,75,75,75,75,61,61,61,61,61,61,49,49,51,41,56,56,8,64,71,80,84,97,97,97,85,85,85,85,85,73,73,88,88,97,97,32,90,109,105,113,109,109,117,92,95,95,91,95,95,95,100,100,0,0],"gold":326,"neow_bonus":"RANDOM_COMMON_RELIC","is_daily":false,"chose_seed":false,"campfire_upgraded":8,"win_rate":0.0,"timestamp":1614124361,"path_taken":["M","M","?","M","?","R","E","M","R","T","T","?","E","R","M","E","$","R","BOSS","M","M","?","$","?","R","E","?","T","T","R","M","?","E","R","?","R","BOSS","M","M","M","?","?","$","E","M","T","?","E","?","?","M","R","BOSS"],"items_purchased_type":["Card","Card","Relic","Potion"],"build_version":"2020-12-22","purchased_purges":2,"victory":false,"max_hp_per_floor":[75,75,75,75,75,75,75,75,75,75,75,75,75,75,79,83,83,83,83,83,87,90,97,97,97,97,97,97,97,97,97,101,101,105,105,109,109,109,109,117,117,117,117,117,117,121,125,125,129,133,133,133,137,137,137,137],"card_choices":[{"not_picked":["Warcry","Heavy Blade"],"picked":"Entrench","floor":1},{"not_picked":["Armaments","Heavy Blade"],"picked":"Shrug It Off","floor":2},{"not_picked":["Pommel Strike","Dual Wield"],"picked":"Shrug It Off","floor":4},{"not_picked":["Metallicize","Iron Wave","Shrug It Off"],"picked":"SKIP","floor":7},{"not_picked":["Iron Wave","Flex"],"picked":"Offering","floor":8},{"not_picked":["Headbutt","Entrench"],"picked":"Feed","floor":13},{"not_picked":["Shrug It Off","Bloodletting"],"picked":"Clothesline","floor":15},{"not_picked":["Searing Blow","Blood for Blood","Fiend Fire"],"picked":"SKIP","floor":16},{"not_picked":["Bludgeon","Brutality"],"picked":"Feed","floor":19},{"not_picked":["True Grit","Inflame"],"picked":"Whirlwind","floor":21},{"not_picked":["Iron Wave","Rupture"],"picked":"Flame Barrier","floor":22},{"not_picked":["Rupture+1","Heavy Blade","Armaments"],"picked":"SKIP","floor":23},{"not_picked":["Flex","Shrug It Off","Rupture"],"picked":"SKIP","floor":27},{"not_picked":["Shrug It Off","Armaments+1","Sentinel+1"],"picked":"SKIP","floor":32},{"not_picked":["Disarm","Flex"],"picked":"Reaper","floor":34},{"not_picked":["Sword Boomerang+1","Havoc","Headbutt"],"picked":"SKIP","floor":36},{"not_picked":["Brutality","Immolate"],"picked":"Bludgeon","floor":38},{"not_picked":["Headbutt","Dark Embrace","Shrug It Off+1"],"picked":"SKIP","floor":40},{"not_picked":["Second Wind","Havoc","Flex+1"],"picked":"SKIP","floor":41},{"not_picked":["Burning Pact","Power Through"],"picked":"True Grit","floor":42},{"not_picked":["Headbutt+1","Corruption","Iron Wave"],"picked":"SKIP","floor":46},{"not_picked":["Perfected Strike","Flex"],"picked":"Feel No Pain+1","floor":47},{"not_picked":["Shrug It Off","Armaments"],"picked":"Anger+1","floor":47},{"not_picked":["Combust","Anger"],"picked":"Battle Trance","floor":49},{"not_picked":["Wild Strike+1","Hemokinesis"],"picked":"Pummel","floor":50},{"not_picked":["Pommel Strike","Carnage","Sever Soul"],"picked":"SKIP","floor":51},{"not_picked":["Heavy Blade+1","Sword Boomerang+1","Anger+1"],"picked":"SKIP","floor":51},{"not_picked":["Entrench","Feel No Pain","Sword Boomerang"],"picked":"SKIP","floor":53},{"not_picked":["Feel No Pain","Heavy Blade","Cleave"],"picked":"SKIP","floor":53}],"player_experience":885327,"relics_obtained":[{"floor":7,"key":"InkBottle"},{"floor":10,"key":"HornCleat"},{"floor":11,"key":"MealTicket"},{"floor":13,"key":"Akabeko"},{"floor":16,"key":"Lantern"},{"floor":27,"key":"Oddly Smooth Stone"},{"floor":29,"key":"Shuriken"},{"floor":30,"key":"Mummified Hand"},{"floor":34,"key":"Potion Belt"},{"floor":43,"key":"Prayer Wheel"},{"floor":46,"key":"Omamori"},{"floor":46,"key":"Pocketwatch"},{"floor":49,"key":"CaptainsWheel"},{"floor":50,"key":"White Beast Statue"},{"floor":50,"key":"Anchor"},{"floor":52,"key":"Nunchaku"}],"event_choices":[{"damage_healed":6,"gold_gain":0,"player_choice":"Full Heal","damage_taken":0,"max_hp_gain":0,"max_hp_loss":0,"event_name":"Wheel of Change","floor":3,"gold_loss":0},{"damage_healed":0,"gold_gain":0,"player_choice":"Bought 1 Potion","damage_taken":0,"max_hp_gain":0,"max_hp_loss":0,"event_name":"The Woman in Blue","floor":12,"gold_loss":0},{"damage_healed":0,"gold_gain":0,"player_choice":"Read","damage_taken":0,"max_hp_gain":0,"max_hp_loss":0,"event_name":"The Library","floor":25,"gold_loss":0,"cards_obtained":["Shockwave"]},{"damage_healed":0,"gold_gain":50,"player_choice":"Stole From Cult","damage_taken":0,"max_hp_gain":0,"max_hp_loss":0,"event_name":"Nest","floor":28,"gold_loss":0},{"damage_healed":0,"gold_gain":0,"player_choice":"Copied","damage_taken":0,"max_hp_gain":0,"max_hp_loss":0,"event_name":"Duplicator","floor":33,"gold_loss":0,"cards_obtained":["Feed"]},{"damage_healed":0,"gold_gain":0,"player_choice":"Fight","damage_taken":0,"max_hp_gain":0,"max_hp_loss":0,"event_name":"MindBloom","floor":43,"gold_loss":0},{"damage_healed":0,"gold_gain":0,"player_choice":"Ignored","damage_taken":0,"max_hp_gain":0,"max_hp_loss":0,"event_name":"Tomb of Lord Red Mask","floor":44,"gold_loss":0},{"damage_healed":0,"gold_gain":0,"player_choice":"Fight","damage_taken":0,"max_hp_gain":0,"max_hp_loss":0,"event_name":"Mysterious Sphere","floor":49,"gold_loss":0}],"is_beta":false,"boss_relics":[{"not_picked":["Astrolabe","Runic Dome"],"picked":"Snecko Eye"},{"not_picked":["Mark of Pain","Fusion Hammer"],"picked":"Black Star"}],"items_purged_floors":[17,24],"is_endless":false,"potions_floor_spawned":[1,13,15,19,27,32,36,38,40,43,46,50,51,53],"killed_by":"Time Eater","ascension_level":15}}