{"host":"vx488ommchhibo3k","time":1614099993,"event":{"mods":["BaseMod","BetterRewards","Colored Map","Colored Powertips","Highlight Path","Minty Spire (QoL Compilation)","Quick Restart","Rare Cards Sparkle","Shop Mod","StSLib","SuperFastMode"],"gold_per_floor":[116,96,108,108,122,153,172,20,43,56,56,75,75,0,0,103,103,119,130,141,141,141,141,161,161,161,161,161,161],"floor_reached":28,"language":"JPN","playtime":1637,"items_purged":["Strike_P"],"score":245,"play_id":"2b07ec77-a0aa-4b28-a7ae-b54204ac61fd","local_time":"20210224020633","is_ascension_mode":false,"campfire_choices":[{"floor":11,"key":"RECALL"},{"data":"Eruption","floor":13,"key":"SMITH"},{"data":"LikeWater","floor":15,"key":"SMITH"},{"data":"SpiritShield","floor":23,"key":"SMITH"},{"data":"Establishment","floor":25,"key":"SMITH"},{"data":"CrushJoints","floor":27,"key":"SMITH"}],"circlet_count":0,"master_deck":["Strike_P","Defend_P","Defend_P","Eruption+1","Vigilance","Establishment+1","Consecrate","FollowUp","CarveReality","ThirdEye","ClearTheMind","SashWhip","SashWhip","Sanctity","ClearTheMind","FollowUp","LikeWater+1","InnerPeace","SpiritShield+1","Conclude+1","DevaForm+1","EmptyFist+1","CarveReality","Consecrate","Tantrum","Tantrum","CrushJoints+1"],"relics":["PureWater","Unceasing Top","Vajra","Question Card","Toy Ornithopter","Oddly Smooth Stone","Astrolabe","Matryoshka"],"acts_visited":["Exordium","TheCity"],"potions_floor_usage":[6,12,12,16],"damage_taken":[{"damage":1,"enemies":"Jaw Worm","floor":1,"turns":2},{"damage":0,"enemies":"Cultist","floor":3,"turns":2},{"damage":0,"enemies":"2 Louse","floor":5,"turns":3},{"damage":0,"enemies":"Gremlin Nob","floor":6,"turns":2},{"damage":6,"enemies":"Exordium Wildlife","floor":7,"turns":3},{"damage":5,"enemies":"Large Slime","floor":10,"turns":3},{"damage":0,"enemies":"Lots of Slimes","floor":12,"turns":1},{"damage":16,"enemies":"Hexaghost","floor":16,"turns":9},{"damage":10,"enemies":"3 Byrds","floor":18,"turns":5},{"damage":10,"enemies":"Chosen","floor":19,"turns":3},{"damage":28,"enemies":"Snake Plant","floor":20,"turns":8},{"damage":11,"enemies":"Centurion and Healer","floor":24,"turns":9},{"damage":14,"enemies":"3 Cultists","floor":28,"turns":4}],"seed_played":"3851863218147626206","potions_obtained":[{"floor":1,"key":"Block Potion"},{"floor":2,"key":"SmokeBomb"},{"floor":3,"key":"Swift Potion"},{"floor":6,"key":"AttackPotion"},{"floor":24,"key":"SteroidPotion"}],"is_trial":false,"path_per_floor":["M","?","M","T","M","E","M","$","T","M","R","M","R","$","R","B",null,"M","M","M","?","?","R","M","R","T","R","M"],"character_chosen":"WATCHER","items_purchased":["Vajra","Question Card","Establishment","Consecrate","FollowUp","Fire Potion","Sanctity","ClearTheMind","FollowUp"],"campfire_rested":0,"item_purchase_floors":[0,0,0,0,0,0,8,8,8],"current_hp_per_floor":[71,71,71,71,71,71,65,65,65,60,60,70,70,70,70,56,72,62,52,24,24,24,24,13,13,13,13,0,0],"gold":161,"neow_bonus":"","is_daily":false,"chose_seed":false,"campfire_upgraded":5,"win_rate":0.0,"timestamp":1614099993,"path_taken":["M","?","?","?","M","E","M","$","T","M","R","M","R","?","R","BOSS","M","?","M","?","?","R","?","R","T","R","M"],"items_purchased_type":["Relic","Relic","Card","Card","Card","Potion","Card","Card","Card"],"build_version":"2020-12-22","purchased_purges":1,"victory":false,"max_hp_per_floor":[72,72,72,72,72,72,72,72,72,72,72,72,72,72,72,72,72,72,72,72,72,72,72,72,72,72,72,72,72],"card_choices":[{"not_picked":["Perseverance","FlurryOfBlows","ThirdEye"],"picked":"CarveReality","floor":1},{"not_picked":["Perseverance","WaveOfTheHand","CutThroughFate"],"picked":"ThirdEye","floor":3},{"not_picked":["EmptyFist","MentalFortress","WheelKick"],"picked":"ClearTheMind","floor":5},{"not_picked":["Wish","InnerPeace","Nirvana"],"picked":"SashWhip","floor":6},{"not_picked":["EmptyFist","JustLucky","EmptyBody"],"picked":"SashWhip","floor":7},{"not_picked":["Fasting2","JustLucky","Weave"],"picked":"LikeWater","floor":10},{"not_picked":["Prostrate","JustLucky","ClearTheMind"],"picked":"InnerPeace","floor":12},{"not_picked":["Blasphemy","Omniscience","Brilliance"],"picked":"SpiritShield","floor":16},{"not_picked":["Nirvana","Prostrate","FlurryOfBlows+1"],"picked":"CarveReality","floor":18},{"not_picked":["Perseverance","Indignation","Study"],"picked":"Consecrate","floor":19},{"not_picked":["WheelKick","Halt","ReachHeaven"],"picked":"Tantrum","floor":20},{"not_picked":["Devotion","WreathOfFlame","WindmillStrike+1"],"picked":"CrushJoints","floor":24}],"player_experience":159279,"relics_obtained":[{"floor":6,"key":"Toy Ornithopter"},{"floor":9,"key":"Oddly Smooth Stone"},{"floor":26,"key":"Matryoshka"}],"event_choices":[{"damage_healed":0,"gold_gain":0,"player_choice":"Bought 1 Potion","damage_taken":0,"max_hp_gain":0,"max_hp_loss":0,"event_name":"The Woman in Blue","floor":2,"gold_loss":0},{"cards_removed":["Strike_P"],"damage_healed":0,"gold_gain":0,"player_choice":"Elegance","damage_taken":0,"max_hp_gain":0,"max_hp_loss":0,"event_name":"Back to Basics","floor":21,"gold_loss":0},{"damage_healed":0,"gold_gain":0,"player_choice":"Read","damage_taken":0,"max_hp_gain":0,"max_hp_loss":0,"event_name":"The Library","floor":22,"gold_loss":0,"cards_obtained":["Tantrum"]}],"is_beta":false,"boss_relics":[{"not_picked":["Sozu","Ectoplasm"],"picked":"Astrolabe"}],"items_purged_floors":[14],"is_endless":false,"potions_floor_spawned":[1,3,6,10,24],"killed_by":"3 Cultists","ascension_level":0}}