{"host":"h5acbxt0wmjo1kpm","time":1614068883,"event":{"mods":["2.2 Compatiblity","Act Like it!","AlwaysNeverKeys","Aspiration","Bard","Bartender","BaseMod","Better Third Choice","Colored Map","Elementarium","Gensokyo","GifTheSpireLib","Hallownest","Marisa????????","Menagerie","Minty Spire (QoL Compilation)","Permanent Neow","Potionbrewer","Quick Restart","Relic Filter","Reliquary","Replay The Spire","Robot Space Explorer","Ruina","RumiaBox-????????","Shade Mod","Shapeshifter Mod","Spicy Shops","StSLib","Strawberry Spire","The Blackbeard","The Dragon Tamer","The Gatherer","The Hayseed","The Problem Sleuth","The Servant 0.9.4","Wandering Minibosses","Wide Potions"],"gold_per_floor":[118,134,134,67,83,83,110,110,110,110,128,143,143,173,173,268,268,280,134,146,146,146,176,176,209,209,209,209,243,243,262,262,362,362,378,142,142,142,155,181,181,201,201,201,242,271,296,306,306,306,306,306,77,106,106],"floor_reached":56,"language":"ENG","playtime":4030,"items_purged":["TimeWarp"],"score":1852,"play_id":"6d5c9820-d239-48b9-9791-858b0d0bb6a9","local_time":"20210223002803","is_ascension_mode":true,"campfire_choices":[{"data":"Sabotage","floor":6,"key":"SMITH"},{"data":"Choke","floor":10,"key":"SMITH"},{"data":"SoulSculpture","floor":15,"key":"SMITH"},{"data":"FloweringNight","floor":24,"key":"SMITH"},{"floor":32,"key":"DIG"},{"data":"SoulSculpture","floor":41,"key":"SMITH"},{"data":"MurderousAura","floor":44,"key":"SMITH"},{"floor":49,"key":"RECALL"},{"data":"PendulumOfEternity","floor":52,"key":"SMITH"}],"circlet_count":0,"master_deck":["AscendersBane","Exchange","Sabotage+1","ShatteredReality","Choke+1","Flying Knee","Flying Knee","Misdirection","DualDimension+1","Unruled+1","SoulSculpture+1","Reset","SpecialFormula","ShiftingGears","FloweringNight+1","Alleviate","Comet","Luminosity","MurderousAura","Foresight+1","FloweringNight","Backstab","strawberrySpire:SideSwipe","aspiration:Lunge","Barrier","MurderousAura+1","FlawlessForm","ForgedInTime","SoulSculpture+1","BestPractice","PendulumOfEternity+1","SpecialFormula+1","Replace+1","BottledTime+1","Potential+1"],"relics":["aspiration:PoetsPen_weak","Pet Ghost","reliquary:RoseTintedGlasses","strawberrySpire:Flakhammer","strawberrySpire:ElefentMask","Pandora\u0027s Box","reliquary:Bookmark","reliquary:Aerogel","SecretRecord","Dream Catcher","Chameleon Ring","SSSystem","Lizard Tail","Elementarium:ElementariumTrophy","strawberrySpire:RottenAvocado","strawberrySpire:BrokenPrinter","reliquary:WeakTea","CeramicFish","reliquary:CitrusReamer","reliquary:FerryPass"],"acts_visited":["Gensokyo:Gensokyo","Elementarium:Elementarium","Gensokyo:Gensokyoest","TheEnding"],"potions_floor_usage":[25,29,31,33,40,46,54,55],"damage_taken":[{"damage":0.0,"enemies":"Gensokyo:Python","floor":1.0,"turns":3.0},{"damage":9.0,"enemies":"Gensokyo:2_Kodama","floor":2.0,"turns":3.0},{"damage":4,"enemies":"Gensokyo:3_Fairies","floor":5,"turns":3},{"damage":21,"enemies":"Gensokyo:Cirno","floor":7,"turns":5},{"damage":0,"enemies":"Gensokyo:VengefulSpirit","floor":11,"turns":3},{"damage":0,"enemies":"Gensokyo:Gryphon_and_Rabbit","floor":12,"turns":3},{"damage":0,"enemies":"Gensokyo:Aya","floor":14,"turns":4},{"damage":1,"enemies":"Gensokyo:Yukari","floor":16,"turns":6},{"damage":8,"enemies":"Elementarium:2_ELEMENTALS","floor":18,"turns":3},{"damage":3,"enemies":"Elementarium:MUD_AND_TAR_GOLEMS","floor":20,"turns":4},{"damage":2,"enemies":"Elementarium:FIRE_NOBILITY","floor":23,"turns":5},{"damage":0,"enemies":"Elementarium:ElementalPortal","floor":25,"turns":4},{"damage":6,"enemies":"Elementarium:FIRE_NOBILITY","floor":29,"turns":3},{"damage":0,"enemies":"Elementarium:VOID_CORRUPTION_AND_ORB_OF_FIRE","floor":31,"turns":4},{"damage":12,"enemies":"Elementarium:GoldenDragon","floor":33,"turns":6},{"damage":0,"enemies":"Gensokyo:AncientGuardian","floor":35,"turns":4},{"damage":10,"enemies":"Gensokyo:3_Bats","floor":39,"turns":6},{"damage":21,"enemies":"Gensokyo:Kasen","floor":40,"turns":6},{"damage":0,"enemies":"Gensokyo:Sharpion","floor":42,"turns":5},{"damage":0,"enemies":"Gensokyo:Marisa","floor":45,"turns":4},{"damage":0,"enemies":"Gensokyo:4_Bats","floor":46,"turns":3},{"damage":0,"enemies":"Gensokyo:AtlasGolem","floor":47,"turns":2},{"damage":0,"enemies":"Gensokyo:SeedOfUnknown","floor":48,"turns":2},{"damage":0,"enemies":"Gensokyo:Shinki","floor":50,"turns":6},{"damage":0,"enemies":"Shield and Spear","floor":54,"turns":1},{"damage":51,"enemies":"The Heart","floor":55,"turns":7}],"seed_played":"4549040617069816388","potions_obtained":[{"floor":5,"key":"Energy Potion"},{"floor":14,"key":"SteroidPotion"},{"floor":27,"key":"Fire Potion"},{"floor":27,"key":"LifebloodPotion"},{"floor":29,"key":"Weak Potion"},{"floor":33,"key":"Explosive Potion"},{"floor":35,"key":"potionbrewer:CleansingPotion"},{"floor":45,"key":"Block Potion"},{"floor":46,"key":"BlessingOfTheForge"},{"floor":47,"key":"SmokeBomb"}],"is_trial":false,"path_per_floor":["M","M","T","$","M","R","E","?","T","R","M","M","?","E","R","B",null,"M","$","M","?","?","E","R","E","T","R","?","E","?","M","R_BF","B",null,"M","COS","?","?","M","E","R","M","T","R","E","M","M","M","R","B",null,"R","$","E","B",null],"character_chosen":"THE_SERVANT","items_purchased":["Orbit","reliquary:Bookmark","reliquary:CitrusReamer"],"campfire_rested":0,"item_purchase_floors":[4,19,53],"current_hp_per_floor":[59,50,50,50,46,46,25,25,25,25,25,25,25,25,25,24,55,52,52,54,51,51,54,54,60,60,60,60,60,49,55,55,49,65,69,68,67,66,55,40,40,46,46,46,52,58,57,56,55,54,53,52,51,50,13],"gold":106,"neow_bonus":"BOSS_RELIC","is_daily":false,"chose_seed":false,"campfire_upgraded":7,"win_rate":0.0,"timestamp":1614068883,"path_taken":["M","?","?","$","M","R","E","?","T","R","M","?","?","E","R","BOSS","M","$","M","?","?","E","R","E","T","R","?","E","?","M","R_BF","BOSS","M","COS","?","?","M","E","R","?","T","R","E","?","M","M","R","BOSS","R","$","E","BOSS"],"items_purchased_type":["Card","Relic","Relic"],"build_version":"2020-12-22","purchased_purges":1,"victory":true,"max_hp_per_floor":[65,65,65,65,65,65,65,65,65,65,65,65,65,65,65,65,65,65,65,65,65,65,65,65,65,65,65,65,65,70,70,70,70,70,69,68,67,66,65,64,63,62,61,60,59,58,57,56,55,54,53,52,51,50,49],"card_choices":[{"not_picked":["Alleviate","InstantArmor"],"picked":"Sabotage","floor":1.0},{"not_picked":["FastForward","Unruled"],"picked":"TimeWarp","floor":2.0},{"not_picked":["BestPractice","Collapse"],"picked":"TimeWarp","floor":5},{"not_picked":["Rewind","Orbit"],"picked":"ShatteredReality","floor":7},{"not_picked":["Collapse","Reset"],"picked":"Misdirection","floor":11},{"not_picked":["Rearm","Unruled"],"picked":"DualDimension","floor":12},{"not_picked":["Hightail","Revamp"],"picked":"SoulSculpture","floor":14},{"not_picked":["LightFlow","PendulumOfEternity"],"picked":"Dilation","floor":16},{"not_picked":["Rewind","DoubleEdge","Replace"],"picked":"SKIP","floor":18},{"not_picked":["Moonlight","Unruled"],"picked":"Comet","floor":20},{"not_picked":["Hightail+1","ShatteredReality","FanOfKnives"],"picked":"SKIP","floor":23},{"not_picked":["Deadline","Rewind","Revamp+1"],"picked":"SKIP","floor":25},{"not_picked":["Unruled+1","FastForward","Alleviate"],"picked":"SKIP","floor":29},{"not_picked":["WasteNot","DoubleEdge+1"],"picked":"Luminosity","floor":31},{"not_picked":["FlawlessForm","PendulumOfEternity"],"picked":"MurderousAura","floor":33},{"not_picked":["Comet+1","SilverBlades"],"picked":"Foresight+1","floor":35},{"not_picked":["Defy+1","Starlight+1"],"picked":"Barrier","floor":39},{"not_picked":["Starlight+1","Rearm+1","ShatteredReality+1"],"picked":"SKIP","floor":39},{"not_picked":["KillingDoll","Duplication"],"picked":"MurderousAura","floor":40},{"not_picked":["Sunlight","FloweringNight"],"picked":"FlawlessForm","floor":40},{"not_picked":["LightFlow","Deny"],"picked":"ForgedInTime","floor":40},{"not_picked":["Sunlight","MurderousAura"],"picked":"SoulSculpture","floor":40},{"not_picked":["DoubleEdge","ShatteredReality"],"picked":"BestPractice","floor":40},{"not_picked":["FlawlessForm","SilverMatrix"],"picked":"PendulumOfEternity","floor":42},{"not_picked":["FastForward","Starlight+1"],"picked":"SpecialFormula+1","floor":42},{"not_picked":["Spin","Deadline+1"],"picked":"Replace+1","floor":45},{"not_picked":["SpecialFormula","Barrier+1"],"picked":"BottledTime+1","floor":46},{"not_picked":["FastForward","GearUp"],"picked":"Potential+1","floor":47},{"not_picked":["FastForward+1","Unruled","Revamp+1"],"picked":"SKIP","floor":48},{"not_picked":["SilverBlades","Alleviate+1","Rearm+1"],"picked":"SKIP","floor":54}],"player_experience":2311615,"relics_obtained":[{"floor":3.0,"key":"Pet Ghost"},{"floor":7,"key":"reliquary:RoseTintedGlasses"},{"floor":9,"key":"strawberrySpire:Flakhammer"},{"floor":14,"key":"strawberrySpire:ElefentMask"},{"floor":23,"key":"SecretRecord"},{"floor":25,"key":"Dream Catcher"},{"floor":26,"key":"Chameleon Ring"},{"floor":29,"key":"SSSystem"},{"floor":32,"key":"Lizard Tail"},{"floor":40,"key":"reliquary:WeakTea"},{"floor":45,"key":"CeramicFish"},{"floor":54,"key":"reliquary:FerryPass"}],"event_choices":[{"damage_healed":0,"gold_gain":0,"player_choice":"Poke through","damage_taken":3,"max_hp_gain":0,"max_hp_loss":0,"event_name":"Elementarium:GreatTreasure","floor":21,"gold_loss":0},{"cards_removed":["Dilation"],"damage_healed":0,"gold_gain":0,"player_choice":"Knowledge","damage_taken":0,"relics_obtained":["reliquary:Aerogel"],"max_hp_gain":0,"max_hp_loss":0,"event_name":"Elementarium:ShatteredPortal","floor":22,"gold_loss":0},{"damage_healed":0,"gold_gain":0,"player_choice":"Pray","damage_taken":0,"max_hp_gain":0,"max_hp_loss":0,"event_name":"Elementarium:VoidShrine","floor":28,"gold_loss":0,"cards_upgraded":["DualDimension"]},{"damage_healed":0,"gold_gain":0,"player_choice":"Sacrifice","damage_taken":16,"max_hp_gain":5,"max_hp_loss":0,"event_name":"Elementarium:RadiantAltar","floor":30,"gold_loss":0}],"is_beta":false,"boss_relics":[{"not_picked":["aspiration:RitualDagger","Black Star"],"picked":"Pandora\u0027s Box"},{"not_picked":["Abe\u0027s Treasure","aspiration:WatcherSkillbook"],"picked":"strawberrySpire:RottenAvocado"}],"items_purged_floors":[53],"is_endless":false,"potions_floor_spawned":[5,14,18,29,33,35,45,46,47],"ascension_level":10}}