{"host":"jngeqill3bw7azzz","time":1614115330,"event":{"mods":["BaseMod","Highlight Path","Minty Spire (QoL Compilation)","Permanent Neow","Relic Stats"],"gold_per_floor":[362,0,12,24,37,53,86,86,86,86,120,132,132,175,175,175,175],"floor_reached":16,"language":"ENG","playtime":775,"items_purged":[],"score":244,"play_id":"6f8a8950-3663-4bde-873c-28e5137a556f","local_time":"20210223162210","is_ascension_mode":true,"campfire_choices":[{"data":"Armaments","floor":8,"key":"SMITH"},{"data":"Uppercut","floor":10,"key":"SMITH"},{"data":"Offering","floor":15,"key":"SMITH"}],"circlet_count":0,"master_deck":["AscendersBane","Strike_R","Strike_R","Strike_R","Strike_R","Strike_R","Defend_R+1","Defend_R+1","Defend_R","Defend_R","Bash","Decay","Combust","Pommel Strike","Uppercut+1","Armaments+1","Anger","Offering+1","Barricade"],"relics":["Burning Blood","Membership Card","Self Forming Clay","Ornamental Fan","Sundial","War Paint","Golden Idol","Prayer Wheel"],"acts_visited":["Exordium"],"potions_floor_usage":[5],"damage_taken":[{"damage":6,"enemies":"Cultist","floor":1,"turns":4},{"damage":12,"enemies":"Jaw Worm","floor":3,"turns":3},{"damage":6,"enemies":"2 Louse","floor":4,"turns":3},{"damage":3,"enemies":"Looter","floor":5,"turns":4},{"damage":15,"enemies":"Exordium Thugs","floor":6,"turns":4},{"damage":22,"enemies":"3 Sentries","floor":7,"turns":5},{"damage":18,"enemies":"Gremlin Nob","floor":11,"turns":4},{"damage":6,"enemies":"2 Fungi Beasts","floor":12,"turns":3},{"damage":21,"enemies":"3 Sentries","floor":14,"turns":5},{"damage":6,"enemies":"The Guardian","floor":16,"turns":4}],"seed_played":"-1490099650255943661","potions_obtained":[{"floor":3,"key":"LiquidMemories"},{"floor":5,"key":"Weak Potion"},{"floor":11,"key":"CultistPotion"}],"is_trial":false,"path_per_floor":["M","$","M","M","M","M","E","R","T","R","E","M","?","E","R","B"],"character_chosen":"IRONCLAD","items_purchased":["Membership Card","Self Forming Clay","Combust","Pommel Strike"],"campfire_rested":0,"item_purchase_floors":[2,2,2,2],"current_hp_per_floor":[68,68,62,62,65,56,40,40,40,40,28,28,28,13,13,7,7],"gold":175,"neow_bonus":"TWO_FIFTY_GOLD","is_daily":false,"chose_seed":false,"campfire_upgraded":3,"win_rate":0.0,"timestamp":1614115330,"path_taken":["M","$","?","M","M","M","E","R","T","R","E","M","?","E","R","BOSS"],"items_purchased_type":["Relic","Relic","Card","Card"],"build_version":"2020-12-22","purchased_purges":0,"victory":false,"max_hp_per_floor":[75,75,75,75,75,75,75,75,75,75,75,75,68,68,68,68,68],"relic_stats":{"counters":[10,39],"Self Forming Clay":[93],"Ornamental Fan":[24],"Sundial":[2],"Golden Idol":9,"Prayer Wheel":0,"War Paint":["Defend_R","Defend_R"],"obtain_stats":[{"Self Forming Clay":2,"Ornamental Fan":7,"Sundial":9,"Golden Idol":13,"Prayer Wheel":14,"Membership Card":2,"War Paint":11,"Burning Blood":0},{"Self Forming Clay":1,"Ornamental Fan":6,"Sundial":6,"Golden Idol":8,"Prayer Wheel":9,"Membership Card":1,"War Paint":7,"Burning Blood":0},{"Self Forming Clay":4,"Ornamental Fan":23,"Sundial":23,"Golden Idol":30,"Prayer Wheel":35,"Membership Card":4,"War Paint":27,"Burning Blood":0}],"Burning Blood":54},"card_choices":[{"not_picked":["Warcry","Bloodletting","Heavy Blade"],"picked":"SKIP","floor":1},{"not_picked":["Pommel Strike","Twin Strike"],"picked":"Uppercut","floor":3},{"not_picked":["Limit Break","Cleave","Wild Strike"],"picked":"SKIP","floor":4},{"not_picked":["Pummel","Clash"],"picked":"Armaments","floor":5},{"not_picked":["Cleave","Combust"],"picked":"Anger","floor":6},{"not_picked":["Dropkick","Thunderclap","Sword Boomerang"],"picked":"SKIP","floor":7},{"not_picked":["Combust","Armaments"],"picked":"Offering","floor":11},{"not_picked":["Pommel Strike","Warcry","Searing Blow"],"picked":"SKIP","floor":12},{"not_picked":["Iron Wave","Rupture"],"picked":"Barricade","floor":14}],"player_experience":2690620,"relics_obtained":[{"floor":7,"key":"Ornamental Fan"},{"floor":9,"key":"Sundial"},{"floor":11,"key":"War Paint"},{"floor":14,"key":"Prayer Wheel"}],"event_choices":[{"damage_healed":0,"gold_gain":0,"player_choice":"Lose Max HP","damage_taken":0,"relics_obtained":["Golden Idol"],"max_hp_gain":0,"max_hp_loss":7,"event_name":"Golden Idol","floor":13,"gold_loss":0}],"is_beta":false,"boss_relics":[],"items_purged_floors":[],"is_endless":false,"potions_floor_spawned":[3,5,11],"killed_by":"The Guardian","ascension_level":20}}