{"host":"g907ck67u7c3hrs6","time":1614091536,"event":{"mods":["BaseMod","Colored Map","DeckTracker","Force Act Four","Highlight Path","Keyboard Shortcuts","Minty Spire (QoL Compilation)","Permanent Neow","Say the Spire","SuperFastMode"],"gold_per_floor":[119,137,147,160,160,189,189,215,215,549,582,611,611,636,636,707,707,718,495,495,495,285,315,348,375,375,400,433,383,383,412,412,489,489,502,502,421,421,421,450,493,535,577,589,634,674,686,723,671,671,671,671,671,671,347,373,373],"floor_reached":58,"language":"KOR","playtime":1543,"items_purged":["Acrobatics","PiercingWail","Malaise"],"score":4809,"play_id":"b44742a0-8363-4cab-a379-18684a8d1891","local_time":"20210223234536","daily_mods":["SealedDeck","Heirloom","Time Dilation","Flight","DeadlyEvents","Elite Swarm"],"is_ascension_mode":true,"campfire_choices":[{"data":"Skewer","floor":7.0,"key":"SMITH"},{"data":"Acrobatics","floor":13.0,"key":"SMITH"},{"floor":15.0,"key":"DIG"},{"data":"Reflex","floor":30,"key":"SMITH"},{"floor":32,"key":"DIG"},{"floor":50,"key":"RECALL"},{"floor":54,"key":"DIG"}],"circlet_count":0,"master_deck":["AscendersBane","Skewer+1","Acrobatics+1","Acrobatics+1","Tactician+1","Reflex+1","Tactician+1","Backflip","Adrenaline","After Image","Grand Finale+1","Acrobatics+1","Adrenaline+1","Adrenaline","After Image","Adrenaline","CurseOfTheBell","After Image","After Image"],"relics":["Ring of the Snake","TungstenRod","Shovel","Boot","Singing Bowl","Old Coin","Blood Vial","Bottled Lightning","Smiling Mask","Incense Burner","Empty Cage","Chemical X","Membership Card","War Paint","Kunai","Potion Belt","Bottled Flame","Anchor","Matryoshka","StoneCalendar","Oddly Smooth Stone","Calling Bell","Akabeko","Question Card","Prayer Wheel","Medical Kit","MawBank","Ancient Tea Set","StrikeDummy","Frozen Egg 2","Nunchaku","The Courier","Ninja Scroll","Shuriken","Pen Nib","Gremlin Horn","Happy Flower","Whetstone","Centennial Puzzle","Bag of Preparation","Strawberry","Ginger"],"acts_visited":["Exordium","TheCity","TheBeyond","TheEnding"],"potions_floor_usage":[57,57],"damage_taken":[{"damage":0.0,"enemies":"Cultist","floor":1.0,"turns":2.0},{"damage":0.0,"enemies":"Jaw Worm","floor":2.0,"turns":1.0},{"damage":0.0,"enemies":"Small Slimes","floor":3.0,"turns":2.0},{"damage":0.0,"enemies":"Exordium Thugs","floor":4.0,"turns":2.0},{"damage":0.0,"enemies":"Lagavulin","floor":6.0,"turns":1.0},{"damage":0.0,"enemies":"Gremlin Nob","floor":8.0,"turns":1.0},{"damage":0.0,"enemies":"Lagavulin","floor":10.0,"turns":1.0},{"damage":2.0,"enemies":"3 Sentries","floor":11.0,"turns":4.0},{"damage":0.0,"enemies":"Gremlin Nob","floor":12.0,"turns":1.0},{"damage":0.0,"enemies":"Lagavulin","floor":14.0,"turns":1.0},{"damage":0.0,"enemies":"Hexaghost","floor":16.0,"turns":1.0},{"damage":0.0,"enemies":"3 Byrds","floor":18.0,"turns":1.0},{"damage":0,"enemies":"Slavers","floor":23,"turns":1},{"damage":0,"enemies":"Book of Stabbing","floor":24,"turns":1},{"damage":0,"enemies":"Gremlin Leader","floor":25,"turns":1},{"damage":0,"enemies":"Slavers","floor":27,"turns":1},{"damage":0,"enemies":"Gremlin Leader","floor":28,"turns":1},{"damage":0,"enemies":"Slavers","floor":31,"turns":1},{"damage":0,"enemies":"Automaton","floor":33,"turns":1},{"damage":0,"enemies":"Orb Walker","floor":35,"turns":1},{"damage":0,"enemies":"Reptomancer","floor":40,"turns":1},{"damage":0,"enemies":"Giant Head","floor":41,"turns":1},{"damage":0,"enemies":"Reptomancer","floor":42,"turns":1},{"damage":0,"enemies":"Giant Head","floor":43,"turns":1},{"damage":0,"enemies":"Nemesis","floor":45,"turns":1},{"damage":0,"enemies":"Reptomancer","floor":46,"turns":1},{"damage":0,"enemies":"Giant Head","floor":48,"turns":1},{"damage":0,"enemies":"Time Eater","floor":51,"turns":2},{"damage":0,"enemies":"Donu and Deca","floor":52,"turns":2},{"damage":0,"enemies":"Shield and Spear","floor":56,"turns":1},{"damage":0,"enemies":"The Heart","floor":57,"turns":5}],"seed_played":"4457126779097894521","potions_obtained":[{"floor":4.0,"key":"Regen Potion"},{"floor":6.0,"key":"CultistPotion"},{"floor":27,"key":"Fire Potion"},{"floor":28,"key":"SneckoOil"},{"floor":41,"key":"PowerPotion"}],"is_trial":true,"path_per_floor":["M","M","M","M","?","E","R","E","T","E","E","E","R","E","R","B",null,"M","$","?","?","$","E","E","E","T","E","E","$","R","E","R","B",null,"M","?","$","?","$","E","E","E","E","T","E","E","$","E","$","R","B","B",null,"R","$","E","B",null],"character_chosen":"THE_SILENT","items_purchased":["Chemical X","Membership Card","Medical Kit","Pen Nib","Happy Flower","Whetstone","Centennial Puzzle","Bag of Preparation","Strawberry"],"campfire_rested":0,"item_purchase_floors":[19,22,37,49,55,55,55,55,55],"current_hp_per_floor":[59,59,59,59,40,40,40,40,40,42,40,42,42,44,44,48,65,67,67,67,67,67,69,72,72,72,74,74,74,74,74,74,76,76,80,82,82,82,82,84,84,84,86,86,88,90,90,92,92,92,92,92,92,92,99,101,101],"gold":373,"neow_bonus":"","is_daily":false,"chose_seed":false,"campfire_upgraded":3,"win_rate":0.0,"timestamp":1614091536,"path_taken":["M","M","M","?","?","E","R","E","T","E","E","E","R","E","R","BOSS","M","$","?","?","$","E","E","E","T","E","E","$","R","E","R","BOSS","M","?","?","?","$","?","E","E","E","T","E","E","$","E","$","R","BOSS","BOSS","R","$","E","BOSS"],"items_purchased_type":["Relic","Relic","Relic","Relic","Relic","Relic","Relic","Relic","Relic"],"build_version":"2020-12-22","purchased_purges":3,"victory":true,"max_hp_per_floor":[66,66,66,66,66,66,66,66,66,68,68,68,68,68,68,70,70,70,70,70,70,70,70,72,72,72,74,74,74,74,74,74,76,76,80,82,82,82,82,84,84,84,86,86,88,90,90,92,92,92,92,92,92,92,99,101,101],"card_choices":[{"not_picked":["Heel Hook","Cloak And Dagger","Well Laid Plans"],"picked":"SKIP","floor":1.0},{"not_picked":["Poisoned Stab","Dodge and Roll"],"picked":"Backflip","floor":2.0},{"not_picked":["Backflip","Infinite Blades","Catalyst"],"picked":"SKIP","floor":3.0},{"not_picked":["Dagger Spray","Bane","Backflip"],"picked":"SKIP","floor":4.0},{"not_picked":["Envenom","A Thousand Cuts","Unload"],"picked":"SKIP","floor":6.0},{"not_picked":["Grand Finale","Tools of the Trade"],"picked":"Adrenaline","floor":8.0},{"not_picked":["Bullet Time","Glass Knife","Storm of Steel"],"picked":"Singing Bowl","floor":10.0},{"not_picked":["Wraith Form v2","Venomology"],"picked":"After Image","floor":11.0},{"not_picked":["Phantasmal Killer","Adrenaline"],"picked":"Grand Finale","floor":12.0},{"not_picked":["Bullet Time","Storm of Steel"],"picked":"Malaise","floor":14.0},{"not_picked":["Unload","Venomology","Phantasmal Killer"],"picked":"Singing Bowl","floor":16.0},{"not_picked":["Well Laid Plans","Cloak And Dagger"],"picked":"Acrobatics+1","floor":18.0},{"not_picked":["Corpse Explosion","Grand Finale"],"picked":"Adrenaline","floor":23},{"not_picked":["Bullet Time","Wraith Form v2","Night Terror"],"picked":"Singing Bowl","floor":24},{"not_picked":["Doppelganger","Unload"],"picked":"Adrenaline","floor":25},{"not_picked":["Unload","Grand Finale","Venomology"],"picked":"Singing Bowl","floor":27},{"not_picked":["Phantasmal Killer","Doppelganger"],"picked":"After Image","floor":28},{"not_picked":["Corpse Explosion","Envenom"],"picked":"Adrenaline","floor":31},{"not_picked":["Unload","Bullet Time","Venomology"],"picked":"Singing Bowl","floor":33},{"not_picked":["Setup","Dagger Spray","Dagger Throw","Acrobatics"],"picked":"Singing Bowl","floor":35},{"not_picked":["Bane","Heel Hook+1","Riddle With Holes","Cloak And Dagger+1"],"picked":"Singing Bowl","floor":35},{"not_picked":["Mind Blast","Transmutation","Purity","Flash of Steel"],"picked":"Singing Bowl","floor":36},{"not_picked":["Venomology","Adrenaline","Envenom","Wraith Form v2"],"picked":"Singing Bowl","floor":40},{"not_picked":["Wraith Form v2","Adrenaline","Grand Finale"],"picked":"After Image","floor":41},{"not_picked":["Phantasmal Killer","Die Die Die","Envenom"],"picked":"After Image","floor":42},{"not_picked":["Grand Finale","Bullet Time","Burst","Storm of Steel"],"picked":"Singing Bowl","floor":43},{"not_picked":["Phantasmal Killer","Bullet Time","Storm of Steel","A Thousand Cuts+1"],"picked":"Singing Bowl","floor":45},{"not_picked":["Grand Finale","Venomology","A Thousand Cuts+1","Doppelganger"],"picked":"Singing Bowl","floor":46},{"not_picked":["Doppelganger","Bullet Time","Grand Finale","Burst"],"picked":"Singing Bowl","floor":48},{"not_picked":["Storm of Steel","Night Terror","Phantasmal Killer","Burst"],"picked":"Singing Bowl","floor":56}],"player_experience":352250,"relics_obtained":[{"floor":6.0,"key":"Shovel"},{"floor":8.0,"key":"Boot"},{"floor":9.0,"key":"Singing Bowl"},{"floor":10.0,"key":"Old Coin"},{"floor":11.0,"key":"Blood Vial"},{"floor":12.0,"key":"Bottled Lightning"},{"floor":14.0,"key":"Smiling Mask"},{"floor":15.0,"key":"Incense Burner"},{"floor":23,"key":"War Paint"},{"floor":24,"key":"Kunai"},{"floor":25,"key":"Potion Belt"},{"floor":26,"key":"Bottled Flame"},{"floor":27,"key":"Anchor"},{"floor":28,"key":"Matryoshka"},{"floor":31,"key":"StoneCalendar"},{"floor":32,"key":"Oddly Smooth Stone"},{"floor":34,"key":"Akabeko"},{"floor":34,"key":"Question Card"},{"floor":34,"key":"Prayer Wheel"},{"floor":40,"key":"MawBank"},{"floor":41,"key":"Ancient Tea Set"},{"floor":42,"key":"StrikeDummy"},{"floor":43,"key":"Frozen Egg 2"},{"floor":44,"key":"Nunchaku"},{"floor":45,"key":"The Courier"},{"floor":46,"key":"Ninja Scroll"},{"floor":48,"key":"Shuriken"},{"floor":54,"key":"Gremlin Horn"},{"floor":56,"key":"Ginger"}],"event_choices":[{"damage_healed":0.0,"max_hp_gain":0.0,"max_hp_loss":0.0,"gold_gain":0.0,"event_name":"Shining Light","player_choice":"Entered Light","floor":5.0,"gold_loss":0.0,"damage_taken":20.0,"cards_upgraded":["Tactician","Tactician"]},{"damage_healed":0.0,"max_hp_gain":0.0,"max_hp_loss":0.0,"gold_gain":0.0,"event_name":"Vampires","player_choice":"Ignored","floor":20.0,"gold_loss":0.0,"damage_taken":0.0},{"damage_healed":0,"gold_gain":0,"player_choice":"0 cards matched","damage_taken":0,"max_hp_gain":0,"max_hp_loss":0,"event_name":"Match and Keep!","floor":21,"gold_loss":0,"cards_obtained":[]},{"damage_healed":0,"gold_gain":0,"player_choice":"Memory 1","damage_taken":0,"max_hp_gain":0,"max_hp_loss":0,"event_name":"SensoryStone","floor":36,"gold_loss":0}],"is_beta":false,"boss_relics":[{"not_picked":["Runic Pyramid","Snecko Eye"],"picked":"Empty Cage"},{"not_picked":["Astrolabe","Cursed Key"],"picked":"Calling Bell"}],"items_purged_floors":[19,22,29],"is_endless":false,"potions_floor_spawned":[4,6,8,10,14,27,28,31,41,43,45,56],"ascension_level":20}}