{"host":"kj5ejyofr70ax6r3","time":1614103184,"event":{"mods":["BaseMod","BetterRewards","Colored Map","Downfall","GifTheSpireLib","Minty Spire (QoL Compilation)","Replay The Spire","Shop Mod","StSLib"],"gold_per_floor":[99,116,128,128,20,20,20,34,47,64,99,116,133,133,148,243,243,230,244,451,106,106,126,126,126,126,144,44,54,67,78,88,88,88,88],"floor_reached":33,"language":"ENG","playtime":1560,"items_purged":["Parasite"],"score":331,"play_id":"f6ed046f-dd2d-4f8b-911d-b720f356fa1a","local_time":"20210223115944","is_ascension_mode":true,"campfire_choices":[{"floor":1,"key":"RECALL"},{"data":"Dramatic Entrance","floor":6,"key":"SMITH"},{"floor":28,"key":"REST"}],"circlet_count":0,"master_deck":["bronze:Strike","bronze:Strike","bronze:Strike","bronze:Strike","bronze:Defend","bronze:Defend","bronze:Defend","bronze:Defend","bronze:Replicate","bronze:Goto","Dramatic Entrance+1","bronze:Optimize","bronze:Frontload","bronze:InfiniteLoop","bronze:Overheat","bronze:Repair","bronze:OilSpill","bronze:ChildClass","bronze:Constructor","bronze:ItsAFeature+1","bronze:MaxOutput","bronze:FollowUp","bronze:Shell","bronze:ThunderWave","bronze:Terminator","bronze:Iterate","bronze:Shield","bronze:Repulsor","bronze:DelayedSlice","bronze:Branch","Normality","Pride","Necronomicurse","bronze:Backtrace+1","bronze:RecursiveStrike","bronze:WhirlingStrike","bronze:Backtrace","bronze:DigitalCarnage"],"relics":["bronze:BronzeCore","Replay:Multitool","Boot","Cursed Key","downfall:HeartBlessingRed","bronze:DonusWashers","Toy Ornithopter","Necronomicon","downfall:HeartBlessingBlue"],"acts_visited":["Exordium","TheCity"],"potions_floor_usage":[11,16,16,32,33],"damage_taken":[{"damage":6,"enemies":"2 Louse","floor":2,"turns":2},{"damage":1,"enemies":"Cultist","floor":3,"turns":4},{"damage":0,"enemies":"downfall:FleeingMerchant","floor":5,"turns":4},{"damage":2,"enemies":"Jaw Worm","floor":8,"turns":3},{"damage":15,"enemies":"Large Slime","floor":9,"turns":4},{"damage":0,"enemies":"3 Louse","floor":10,"turns":1},{"damage":13,"enemies":"Lagavulin","floor":11,"turns":3},{"damage":19,"enemies":"Exordium Thugs","floor":12,"turns":2},{"damage":6,"enemies":"Large Slime","floor":13,"turns":5},{"damage":9,"enemies":"downfall:LooterAlt","floor":15,"turns":3},{"damage":44,"enemies":"WA_ARCHETYPE_RETAIN","floor":16,"turns":8},{"damage":8,"enemies":"Spheric Guardian","floor":19,"turns":3},{"damage":5,"enemies":"downfall:FleeingMerchant","floor":21,"turns":4},{"damage":21,"enemies":"3 Byrds","floor":23,"turns":4},{"damage":3,"enemies":"Cultist and Chosen","floor":27,"turns":6},{"damage":9,"enemies":"Centurion and Healer","floor":29,"turns":5},{"damage":35,"enemies":"Snake Plant","floor":30,"turns":4},{"damage":22,"enemies":"Shelled Parasite and Fungi","floor":31,"turns":3},{"damage":0,"enemies":"Cultist and Chosen","floor":32,"turns":3},{"damage":71,"enemies":"IC_MUSHROOM_ARCHETYPE","floor":33,"turns":7}],"seed_played":"3052177022041874473","potions_obtained":[{"floor":3,"key":"Cursed Concoction"},{"floor":4,"key":"FairyPotion"},{"floor":4,"key":"Swift Potion"},{"floor":10,"key":"EssenceOfSteel"},{"floor":12,"key":"Toxic Potion"},{"floor":13,"key":"DuplicationPotion"},{"floor":16,"key":"Guardian:BlockOnCardUsePotion"},{"floor":23,"key":"sneckomod:MuddlingPotion"},{"floor":29,"key":"Energy Potion"},{"floor":32,"key":"hexamod:SoulburnPotion"}],"is_trial":false,"path_per_floor":["R","M","M","?","$","R","T","M","M","M","E","M","M","?","M","B",null,"R_BF","M","?","$","?","M","T","?","?","M","R","M","M","M","M","B"],"character_chosen":"THE_AUTOMATON","items_purchased":["bronze:Overheat","bronze:Repair","bronze:DonusWashers","bronze:Repulsor","bronze:DelayedSlice"],"campfire_rested":1,"item_purchase_floors":[5,5,21,21,21],"current_hp_per_floor":[70,64,63,63,63,63,63,68,60,60,47,28,32,49,50,16,70,70,69,52,54,54,33,33,33,17,21,54,55,20,8,13,0,0,0],"gold":88,"neow_bonus":"RANDOM_COLORLESS","is_daily":false,"chose_seed":false,"campfire_upgraded":1,"win_rate":0.0,"timestamp":1614103184,"path_taken":["R","M","M","?","$","R","T","?","M","M","E","M","M","?","M","BOSS","R_BF","M","?","$","?","?","T","?","?","M","R","M","M","M","M","BOSS"],"items_purchased_type":["Card","Card","Relic","Card","Card"],"build_version":"2020-12-22","purchased_purges":1,"victory":false,"max_hp_per_floor":[70,70,70,70,70,70,70,70,70,70,70,70,70,70,70,70,70,70,70,70,67,67,67,67,67,67,67,77,77,77,77,77,77,77,77],"card_choices":[{"not_picked":["Purity","ReplayTheSpireMod:Uncanny Aura"],"picked":"Dramatic Entrance","floor":0},{"not_picked":["bronze:Overheat","bronze:Shell"],"picked":"bronze:Optimize","floor":2},{"not_picked":["bronze:ForceShield","bronze:FineTuning"],"picked":"bronze:Frontload","floor":3},{"not_picked":["bronze:Repulsor","bronze:Allocate"],"picked":"bronze:InfiniteLoop","floor":5},{"not_picked":["bronze:Turbo","bronze:ForceShield"],"picked":"bronze:OilSpill","floor":8},{"not_picked":["bronze:Invalidate","bronze:Overheat"],"picked":"bronze:ChildClass","floor":9},{"not_picked":["bronze:Shell","bronze:CloningBeam"],"picked":"bronze:Constructor","floor":10},{"not_picked":["bronze:WhirlingStrike","bronze:Invalidate"],"picked":"bronze:ItsAFeature","floor":11},{"not_picked":["bronze:Deprecate","bronze:HyperBeam"],"picked":"bronze:MaxOutput","floor":12},{"not_picked":["bronze:Deprecate","bronze:ForceShield"],"picked":"bronze:FollowUp","floor":13},{"not_picked":["bronze:Overheat","bronze:CloningBeam"],"picked":"bronze:Shell","floor":15},{"not_picked":["bronze:FindAndReplace","bronze:HyperBeam"],"picked":"bronze:ThunderWave","floor":16},{"not_picked":["bronze:Separator","bronze:Shield+1"],"picked":"bronze:Terminator","floor":19},{"not_picked":["bronze:Overheat+1","bronze:CutThrough"],"picked":"bronze:Iterate","floor":20},{"not_picked":["bronze:BitShift","bronze:Branch"],"picked":"bronze:Shield","floor":21},{"not_picked":["bronze:CutThrough","bronze:Overheat"],"picked":"bronze:Branch","floor":23},{"not_picked":["bronze:OilSpill+1","bronze:Constructor+1"],"picked":"bronze:Backtrace+1","floor":27},{"not_picked":["bronze:WhirlingStrike","bronze:Invalidate"],"picked":"bronze:RecursiveStrike","floor":29},{"not_picked":["bronze:Philosophize","bronze:BugBarrage"],"picked":"bronze:WhirlingStrike","floor":30},{"not_picked":["bronze:Frontload","bronze:WildBeam"],"picked":"bronze:Backtrace","floor":31},{"not_picked":["bronze:NullPointer","bronze:Turbo"],"picked":"bronze:DigitalCarnage","floor":32}],"player_experience":203861,"relics_obtained":[{"floor":7,"key":"Replay:Multitool"},{"floor":11,"key":"Boot"},{"floor":26,"key":"Necronomicon"}],"event_choices":[{"damage_healed":0,"gold_gain":0,"player_choice":"Got Potions","damage_taken":0,"max_hp_gain":0,"max_hp_loss":0,"event_name":"Lab","floor":4,"gold_loss":0},{"damage_healed":17,"gold_gain":0,"player_choice":"Healed and dodged fight","damage_taken":0,"max_hp_gain":0,"max_hp_loss":0,"event_name":"Mushrooms","floor":14,"gold_loss":0,"cards_obtained":["Parasite"]},{"damage_healed":0,"gold_gain":0,"player_choice":"Stole Relic","damage_taken":0,"relics_obtained":["Toy Ornithopter"],"max_hp_gain":0,"max_hp_loss":0,"event_name":"Addict","floor":25,"gold_loss":0,"cards_obtained":["Pride"]}],"is_beta":false,"boss_relics":[{"not_picked":["Runic Dome","Replay:Drink Me"],"picked":"Cursed Key"}],"items_purged_floors":[21],"is_endless":false,"potions_floor_spawned":[3,9,10,12,13,16,23,29,30,32],"killed_by":"IC_MUSHROOM_ARCHETYPE","ascension_level":4}}