{"host":"c6u7e77myxvw4d0m","time":1614097676,"event":{"mods":["AchievementEnabler","BaseMod","Bestiary","Colored Map","Colored Powertips","Minty Spire (QoL Compilation)","Rare Cards Sparkle","Relic Stats","everything is the same but u backflip on backflip"],"gold_per_floor":[117,131,145,160,179,179,214,226,226,6,24,24,39,72,72,72,72],"floor_reached":16,"language":"ENG","playtime":1087,"items_purged":[],"score":232,"play_id":"c8b38050-e665-4e53-ae36-a285f6da825c","local_time":"20210223182756","is_ascension_mode":true,"campfire_choices":[{"data":"Poisoned Stab","floor":6,"key":"SMITH"},{"floor":12,"key":"REST"},{"data":"Bane","floor":15,"key":"SMITH"}],"circlet_count":0,"master_deck":["AscendersBane","Strike_G","Strike_G","Strike_G","Strike_G","Strike_G","Defend_G","Defend_G","Defend_G","Defend_G","Defend_G","Survivor","Neutralize","Deadly Poison","Dash","Bane+1","Deadly Poison","Poisoned Stab+1","Dodge and Roll","PiercingWail","Blur"],"relics":["Ring of the Snake","Darkstone Periapt","Mummified Hand","TwistedFunnel","Ornamental Fan"],"acts_visited":["Exordium"],"potions_floor_usage":[7,14,14,14],"damage_taken":[{"damage":1,"enemies":"Cultist","floor":1,"turns":5},{"damage":4,"enemies":"Jaw Worm","floor":2,"turns":6},{"damage":1,"enemies":"Small Slimes","floor":3,"turns":4},{"damage":2,"enemies":"3 Louse","floor":4,"turns":5},{"damage":1,"enemies":"Looter","floor":5,"turns":3},{"damage":18,"enemies":"Gremlin Nob","floor":7,"turns":4},{"damage":10,"enemies":"Red Slaver","floor":8,"turns":4},{"damage":0,"enemies":"2 Fungi Beasts","floor":11,"turns":2},{"damage":0,"enemies":"Blue Slaver","floor":13,"turns":2},{"damage":12,"enemies":"3 Sentries","floor":14,"turns":9},{"damage":38,"enemies":"Hexaghost","floor":16,"turns":9}],"seed_played":"-7832590369343992731","potions_obtained":[{"floor":3,"key":"Ancient Potion"},{"floor":7,"key":"GamblersBrew"},{"floor":13,"key":"EntropicBrew"}],"is_trial":false,"path_per_floor":["M","M","M","M","M","R","E","M","T","$","M","R","M","E","R","B"],"character_chosen":"THE_SILENT","items_purchased":["TwistedFunnel","Swift Potion"],"campfire_rested":1,"item_purchase_floors":[10,10],"current_hp_per_floor":[64,60,59,57,56,56,38,28,28,28,28,49,49,37,37,0,0],"gold":72,"neow_bonus":"TEN_PERCENT_HP_BONUS","is_daily":false,"chose_seed":false,"campfire_upgraded":2,"win_rate":0.0,"timestamp":1614097676,"path_taken":["M","M","M","M","M","R","E","M","T","$","M","R","M","E","R","BOSS"],"items_purchased_type":["Relic","Potion"],"build_version":"2020-12-22","purchased_purges":0,"victory":false,"max_hp_per_floor":[72,72,72,72,72,72,72,72,72,72,72,72,72,72,72,72,72],"relic_stats":{"Darkstone Periapt":0,"counters":[11,53],"Mummified Hand":[0],"Ornamental Fan":[0],"obtain_stats":[{"Darkstone Periapt":7,"TwistedFunnel":10,"Mummified Hand":9,"Ornamental Fan":14,"Ring of the Snake":0},{"Darkstone Periapt":6,"TwistedFunnel":7,"Mummified Hand":7,"Ornamental Fan":10,"Ring of the Snake":0},{"Darkstone Periapt":27,"TwistedFunnel":31,"Mummified Hand":31,"Ornamental Fan":44,"Ring of the Snake":0}],"Ring of the Snake":[22]},"card_choices":[{"not_picked":["PiercingWail","Dagger Throw"],"picked":"Deadly Poison","floor":1},{"not_picked":["Dodge and Roll","Sucker Punch"],"picked":"Dash","floor":2},{"not_picked":["Quick Slash","A Thousand Cuts"],"picked":"Bane","floor":3},{"not_picked":["Slice","Heel Hook"],"picked":"Deadly Poison","floor":4},{"not_picked":["Bane","Backflip"],"picked":"Poisoned Stab","floor":5},{"not_picked":["Deadly Poison","Flying Knee"],"picked":"Dodge and Roll","floor":7},{"not_picked":["Deflect","Unload","Deadly Poison"],"picked":"SKIP","floor":8},{"not_picked":["Cloak And Dagger","Dagger Throw"],"picked":"PiercingWail","floor":11},{"not_picked":["Sucker Punch","Deadly Poison","Reflex"],"picked":"SKIP","floor":13},{"not_picked":["Bane","Sucker Punch"],"picked":"Blur","floor":14}],"player_experience":880553,"relics_obtained":[{"floor":7,"key":"Darkstone Periapt"},{"floor":9,"key":"Mummified Hand"},{"floor":14,"key":"Ornamental Fan"}],"event_choices":[],"is_beta":false,"boss_relics":[],"items_purged_floors":[],"is_endless":false,"potions_floor_spawned":[3,7,13],"killed_by":"Hexaghost","ascension_level":20}}