{"host":"dl909bjyolgrn2uw","time":1614101472,"event":{"mods":["2.2 Compatiblity","AchievementEnabler","BaseMod","Bestiary","Better Altar","Better Note","Better Sensory Stone","Better Skull","Better Vampires","Better-Laid Plans","Colored Powertips","Conspire","Curses Come First","Disable Question Mark Monsters","Displayed Cursed Tome","Downfall","Emptier Cage","Minty Spire (QoL Compilation)","Morshu Shopkeeper","Permanent Neow","Quick Restart","Rare Cards Sparkle","Relic Stats","Shop Mod","Spicy Shops","StSLib","SuperFastMode","Transform Curses"],"gold_per_floor":[99,119,138,138,238,267,267,277,277,295,305,332,332,346,360,463,463,463,475,495,30,47,78,159,175,175,175,201,301,316,341,356,452,452,352,370,389,60,80,80,80,111,129,140,169,169,184,199,214,214],"floor_reached":51,"language":"ENG","playtime":5360,"items_purged":["hexamod:Strike"],"score":982,"play_id":"e38292f1-c7c8-4af7-83bf-d330efde1360","local_time":"20210223113112","is_ascension_mode":true,"campfire_choices":[{"data":"hexamod:Sear","floor":1.0,"key":"SMITH"},{"floor":9,"key":"REST"},{"data":"hexamod:PhantomCloak","floor":13,"key":"SMITH"},{"data":"hexamod:NightmareGuise","floor":18,"key":"SMITH"},{"floor":27,"key":"RECALL"},{"data":"hexamod:GhostShield","floor":35,"key":"SMITH"}],"circlet_count":0,"master_deck":["hexamod:Defend+1","hexamod:Defend+1","hexamod:Defend+1","hexamod:Defend+1","hexamod:Sear+1","hexamod:Float+1","hexamod:HexaLevel+1","hexamod:NightmareGuise+1","hexamod:GhostLash+1","hexamod:FastForward+1","hexamod:FlamesFromBeyond+1","hexamod:GhostShield+1","hexamod:AdvancingGuard+1","hexamod:PhantomCloak+1","hexamod:ThirdSeal","hexamod:NightmareGuise+1","hexamod:ThirdSeal","hexamod:GhostLash+1","hexamod:VolcanoVisage+1","hexamod:TimeOfNeed+1","hexamod:Haunt+1","hexamod:SixthSeal","hexamod:FlamesFromBeyond+1","hexamod:GhostShield+1","hexamod:FirstSeal","hexamod:FlamesFromBeyond+1","hexamod:VolcanoVisage+1","hexamod:PowerFromBeyond+1","hexamod:GhostLash+1","hexamod:HeatMetal+1","hexamod:FourthSeal","hexamod:PowerFromBeyond","hexamod:TimeOfNeed+1","hexamod:UnleashSpirits+1","hexamod:GhostShield+1","hexamod:Hexaguard+1","hexamod:ForkedFlame+1","hexamod:VolcanoVisage+1","hexamod:UnleashSpirits+1","hexamod:NightmareGuise+1","hexamod:GhostShield+1","hexamod:ExtraCrispy+1","hexamod:GhostShield+1","hexamod:GhostLash+1","hexamod:RecurringNightmare+1","hexamod:RecurringNightmare+1","hexamod:Hexaguard+1","hexamod:GhostShield+1","hexamod:FlamesFromBeyond+1"],"relics":["hexamod:SpiritBrand","MealTicket","Ornamental Fan","Orichalcum","Velvet Choker","hexamod:TheBrokenSeal","Lantern","DollysMirror","Bag of Marbles","Happy Flower","Mummified Hand","conspire:GiftBox","Pear","TungstenRod","Molten Egg 2","conspire:SpecialSausage","downfall:HeartBlessingRed","Membership Card","Girya","Question Card","Ice Cream","Bottled Lightning"],"acts_visited":["Exordium","TheCity","TheBeyond"],"potions_floor_usage":[6,12,12,14,16,16,25,29,33,36,43,50],"damage_taken":[{"damage":0,"enemies":"conspire:RoseBush","floor":2,"turns":3},{"damage":5,"enemies":"Small Slimes","floor":3,"turns":3},{"damage":16,"enemies":"downfall:Heads","floor":5,"turns":5},{"damage":9,"enemies":"Lagavulin","floor":6,"turns":8},{"damage":11,"enemies":"Jaw Worm","floor":8,"turns":6},{"damage":0,"enemies":"Large Slime","floor":10,"turns":8},{"damage":12,"enemies":"Exordium Wildlife","floor":11,"turns":7},{"damage":5,"enemies":"Gremlin Nob","floor":12,"turns":5},{"damage":6,"enemies":"Exordium Thugs","floor":14,"turns":6},{"damage":2,"enemies":"Blue Slaver","floor":15,"turns":9},{"damage":4,"enemies":"WA_ARCHETYPE_RETAIN","floor":16,"turns":11},{"damage":10,"enemies":"conspire:FuzzyDice","floor":19,"turns":8},{"damage":14,"enemies":"Shell Parasite","floor":20,"turns":7},{"damage":0,"enemies":"downfall:FleeingMerchant","floor":21,"turns":4},{"damage":5,"enemies":"Snecko","floor":22,"turns":6},{"damage":14,"enemies":"Book of Stabbing","floor":23,"turns":6},{"damage":0,"enemies":"Chosen and Byrds","floor":25,"turns":3},{"damage":0,"enemies":"conspire:Head Lice","floor":28,"turns":6},{"damage":2,"enemies":"Colosseum Nobs","floor":29,"turns":3},{"damage":9,"enemies":"conspire:HollyBat","floor":30,"turns":6},{"damage":0,"enemies":"conspire:MimicChest","floor":31,"turns":6},{"damage":0,"enemies":"Snecko","floor":32,"turns":6},{"damage":17,"enemies":"DF_ARCHETYPE_CLAW","floor":33,"turns":9},{"damage":1,"enemies":"3 Darklings","floor":36,"turns":5},{"damage":7,"enemies":"Orb Walker","floor":37,"turns":6},{"damage":0,"enemies":"downfall:FleeingMerchant","floor":38,"turns":4},{"damage":1,"enemies":"Spire Growth","floor":39,"turns":7},{"damage":0,"enemies":"Reptomancer","floor":42,"turns":7},{"damage":14,"enemies":"Jaw Worm Horde","floor":43,"turns":4},{"damage":0,"enemies":"Transient","floor":44,"turns":5},{"damage":2,"enemies":"Nemesis","floor":45,"turns":5},{"damage":8,"enemies":"Maw","floor":47,"turns":6},{"damage":0,"enemies":"3 Darklings","floor":48,"turns":4},{"damage":6,"enemies":"Writhing Mass","floor":49,"turns":7},{"damage":12,"enemies":"IC_BLOCK_ARCHETYPE","floor":50,"turns":7}],"seed_played":"-2978763649327132607","potions_obtained":[{"floor":3,"key":"BlessingOfTheForge"},{"floor":5,"key":"ColorlessPotion"},{"floor":8,"key":"Slimebound:ThreeZeroPotion"},{"floor":10,"key":"DistilledChaos"},{"floor":11,"key":"SkillPotion"},{"floor":12,"key":"Energy Potion"},{"floor":12,"key":"Weak Potion"},{"floor":14,"key":"hexamod:InfernoChargePotion"},{"floor":19,"key":"CultistPotion"},{"floor":22,"key":"GamblersBrew"},{"floor":25,"key":"SkillPotion"},{"floor":28,"key":"Slimebound:ThreeZeroPotion"},{"floor":28,"key":"hexamod:SoulburnPotion"},{"floor":29,"key":"DuplicationPotion"},{"floor":33,"key":"EntropicBrew"},{"floor":36,"key":"Weak Potion"},{"floor":44,"key":"SneckoOil"},{"floor":44,"key":"ColorlessPotion"},{"floor":45,"key":"DuplicationPotion"}],"is_trial":false,"path_per_floor":["R","M","M","?","?","E","T","M","R","M","M","E","R","M","M","B",null,"R","M","M","$","M","E","T","M","?","R","E","?","M","?","M","B",null,"R","M","M","$","M","?","T","E","M","M","E","?","M","M","M","B",null],"character_chosen":"THE_SPIRIT","items_purchased":["Lantern","DollysMirror","Bag of Marbles","Membership Card","hexamod:GhostShield","Girya"],"campfire_rested":1,"item_purchase_floors":[21,21,21,38,38,38],"current_hp_per_floor":[70,70,65,65,49,40,40,29,50,50,38,40,40,41,46,49,70,70,67,74,80,80,73,73,80,80,80,80,90,88,90,90,80,90,90,90,90,90,90,90,90,90,83,83,88,88,87,87,88,83],"gold":214,"neow_bonus":"ONE_RANDOM_RARE_CARD","is_daily":false,"chose_seed":false,"campfire_upgraded":4,"win_rate":0.0,"timestamp":1614101472,"path_taken":["R","M","M","?","?","E","T","M","R","M","M","E","R","M","M","BOSS","R","M","M","$","M","E","T","M","?","R","E","?","M","?","M","BOSS","R","M","M","$","M","?","T","E","M","M","E","?","M","M","M","BOSS"],"items_purchased_type":["Relic","Relic","Relic","Relic","Card","Relic"],"build_version":"2020-12-22","purchased_purges":1,"victory":true,"max_hp_per_floor":[70,70,70,70,70,70,70,70,70,70,70,70,70,70,70,70,70,70,70,80,80,80,80,80,80,80,80,80,90,90,90,90,90,90,90,90,90,90,90,90,90,90,90,90,90,90,90,90,90,90],"relic_stats":{"Happy Flower":[35],"counters":[35,208],"Ornamental Fan":[20],"Mummified Hand":[185],"MealTicket":6,"Orichalcum":[84],"Question Card":18,"obtain_stats":[{"Ice Cream":42,"Girya":38,"Lantern":21,"Pear":29,"Happy Flower":23,"downfall:HeartBlessingRed":35,"Velvet Choker":17,"hexamod:TheBrokenSeal":20,"conspire:SpecialSausage":34,"Orichalcum":12,"Question Card":41,"conspire:GiftBox":28,"downfall:BrokenWingStatue":4,"Ornamental Fan":7,"DollysMirror":21,"Mummified Hand":24,"MealTicket":6,"Molten Egg 2":31,"Bag of Marbles":21,"Membership Card":38,"Bottled Lightning":45,"hexamod:SpiritBrand":0,"TungstenRod":29},{"Ice Cream":28,"Girya":26,"Lantern":14,"Pear":19,"Happy Flower":16,"downfall:HeartBlessingRed":23,"Velvet Choker":11,"hexamod:TheBrokenSeal":13,"conspire:SpecialSausage":23,"Orichalcum":8,"Question Card":27,"conspire:GiftBox":18,"downfall:BrokenWingStatue":2,"Ornamental Fan":4,"DollysMirror":14,"Mummified Hand":16,"MealTicket":4,"Molten Egg 2":21,"Bag of Marbles":14,"Membership Card":26,"Bottled Lightning":31,"hexamod:SpiritBrand":0,"TungstenRod":19},{"Ice Cream":170,"Girya":156,"Lantern":90,"Pear":114,"Happy Flower":102,"downfall:HeartBlessingRed":141,"Velvet Choker":71,"hexamod:TheBrokenSeal":83,"conspire:SpecialSausage":141,"Orichalcum":45,"Question Card":163,"conspire:GiftBox":111,"downfall:BrokenWingStatue":6,"Ornamental Fan":19,"DollysMirror":90,"Mummified Hand":102,"MealTicket":19,"Molten Egg 2":126,"Bag of Marbles":90,"Membership Card":156,"Bottled Lightning":184,"hexamod:SpiritBrand":0,"TungstenRod":114}],"TungstenRod":14},"card_choices":[{"not_picked":["hexamod:PhantomCloak","hexamod:AdvancingGuard"],"picked":"hexamod:NightmareGuise","floor":2},{"not_picked":["hexamod:AdvancingGuard","hexamod:RecurringNightmare"],"picked":"hexamod:GhostLash","floor":3},{"not_picked":["hexamod:SwordOfDarkness","hexamod:SkipABeat"],"picked":"hexamod:FastForward","floor":5},{"not_picked":["hexamod:SecondSeal","hexamod:FirstSeal"],"picked":"hexamod:FourthSeal","floor":6},{"not_picked":["hexamod:TurnItUp","hexamod:CatchUp"],"picked":"hexamod:FlamesFromBeyond","floor":6},{"not_picked":["hexamod:ThermalTransfer","hexamod:StepThrough"],"picked":"hexamod:GhostShield","floor":8},{"not_picked":["hexamod:FirstSeal","hexamod:FourthSeal"],"picked":"hexamod:SixthSeal","floor":8},{"not_picked":["hexamod:SixthSeal","hexamod:SecondSeal"],"picked":"hexamod:ThirdSeal","floor":10},{"not_picked":["hexamod:GhostLash","hexamod:GhostOfSpirePast","hexamod:EtherealExpedition"],"picked":"SKIP","floor":10},{"not_picked":["hexamod:ThirdSeal","hexamod:SecondSeal"],"picked":"hexamod:FirstSeal","floor":11},{"not_picked":["hexamod:ThermalTransfer","hexamod:PhantomFireball"],"picked":"hexamod:AdvancingGuard","floor":11},{"not_picked":["hexamod:FastForward","hexamod:Firestarter","hexamod:SpectralAdrenaline"],"picked":"SKIP","floor":11},{"not_picked":["hexamod:FlamesFromBeyond","hexamod:ThirdSeal"],"picked":"hexamod:PhantomCloak","floor":12},{"not_picked":["hexamod:SwordOfDarkness","hexamod:InspiringFlames","hexamod:FastForward"],"picked":"SKIP","floor":12},{"not_picked":["hexamod:SixthSeal","hexamod:FourthSeal"],"picked":"hexamod:ThirdSeal","floor":14},{"not_picked":["hexamod:GhostOfSpireFuture","hexamod:FirstSeal"],"picked":"hexamod:NightmareGuise","floor":14},{"not_picked":["hexamod:FirstSeal","hexamod:FourthSeal"],"picked":"hexamod:ThirdSeal","floor":15},{"not_picked":["hexamod:AdvancingGuard","hexamod:PhantomFireball"],"picked":"hexamod:GhostLash","floor":15},{"not_picked":["hexamod:FourthSeal","hexamod:RainOfEmbers","hexamod:UnlimitedPower"],"picked":"SKIP","floor":15},{"not_picked":["hexamod:NightmareStrike","hexamod:RadiantFlame","hexamod:BacktrackSmack"],"picked":"SKIP","floor":15},{"not_picked":["hexamod:SearingWound","hexamod:WildfireWeapon"],"picked":"hexamod:VolcanoVisage","floor":16},{"not_picked":["hexamod:GhostflameInferno","hexamod:GhostOfSpirePresent"],"picked":"hexamod:TimeOfNeed","floor":16},{"not_picked":["hexamod:FirstSeal","hexamod:FourthSeal"],"picked":"hexamod:SecondSeal","floor":19},{"not_picked":["hexamod:ThermalTransfer+1","hexamod:NightmareGuise"],"picked":"hexamod:Haunt+1","floor":19},{"not_picked":["hexamod:GhostOfSpireFuture+1","hexamod:ShieldOfDarkness","hexamod:SwordOfDarkness"],"picked":"SKIP","floor":19},{"not_picked":["hexamod:BurningTouch","hexamod:ThirdSeal","hexamod:SwordOfDarkness"],"picked":"SKIP","floor":19},{"not_picked":["hexamod:SecondSeal","hexamod:FirstSeal"],"picked":"hexamod:SixthSeal","floor":20},{"not_picked":["hexamod:SpectralAdrenaline+1","hexamod:ThermalTransfer"],"picked":"hexamod:FlamesFromBeyond","floor":20},{"not_picked":["hexamod:Again","hexamod:ShieldOfDarkness"],"picked":"hexamod:GhostShield+1","floor":20},{"not_picked":["hexamod:RetreatToShadows","hexamod:HexaLevel","hexamod:HauntingEcho"],"picked":"SKIP","floor":20},{"not_picked":["hexamod:HauntingEcho","hexamod:HeatMetal+1"],"picked":"hexamod:FirstSeal","floor":21},{"not_picked":["hexamod:Firestarter+1","hexamod:HeatShield"],"picked":"hexamod:FlamesFromBeyond","floor":21},{"not_picked":["hexamod:HeatCrush+1","hexamod:BurningTouch","hexamod:InspiringFlames"],"picked":"SKIP","floor":21},{"not_picked":["hexamod:GiftsFromTheDead","hexamod:Incineration"],"picked":"hexamod:PowerFromBeyond+1","floor":22},{"not_picked":["hexamod:RadiantFlame+1","hexamod:RainOfEmbers","hexamod:FastForward+1"],"picked":"SKIP","floor":22},{"not_picked":["hexamod:RetreatToShadows","hexamod:FirstSeal","hexamod:InspiringFlames"],"picked":"SKIP","floor":22},{"not_picked":["hexamod:BurningTouch","hexamod:RadiantFlame"],"picked":"hexamod:GhostLash+1","floor":23},{"not_picked":["hexamod:HauntingEcho","hexamod:RainOfEmbers"],"picked":"hexamod:HeatMetal","floor":23},{"not_picked":["hexamod:NightmareGuise","hexamod:FastForward"],"picked":"hexamod:FourthSeal","floor":23},{"not_picked":["hexamod:ShieldOfDarkness","hexamod:RainOfEmbers+1"],"picked":"hexamod:PowerFromBeyond","floor":25},{"not_picked":["hexamod:SpectersWail","hexamod:NightmareStrike","hexamod:EtherealExpedition"],"picked":"SKIP","floor":25},{"not_picked":["hexamod:GhostOfSpirePast+1","hexamod:SkipABeat","hexamod:FastForward"],"picked":"SKIP","floor":25},{"not_picked":["hexamod:GhostflameInferno","hexamod:HexaLevel"],"picked":"hexamod:TimeOfNeed","floor":28},{"not_picked":["hexamod:ThermalTransfer","hexamod:InspiringFlames","hexamod:ShieldOfDarkness"],"picked":"SKIP","floor":28},{"not_picked":["hexamod:HauntingEcho","hexamod:InspiringFlames","hexamod:DynamicBlow"],"picked":"SKIP","floor":28},{"not_picked":["hexamod:GhostflameBarrier","hexamod:Haunt","hexamod:ShieldOfDarkness"],"picked":"SKIP","floor":28},{"not_picked":["hexamod:SecondSeal","hexamod:RadiantFlame"],"picked":"hexamod:UnleashSpirits","floor":29},{"not_picked":["hexamod:HauntingEcho","hexamod:BacktrackSmack"],"picked":"hexamod:GhostShield","floor":30},{"not_picked":["hexamod:SwordOfDarkness","hexamod:ShieldOfDarkness"],"picked":"hexamod:Hexaguard+1","floor":30},{"not_picked":["hexamod:SecondSeal","hexamod:SpectralAdrenaline","hexamod:EtherealExpedition+1"],"picked":"SKIP","floor":30},{"not_picked":["hexamod:InspiringFlames","hexamod:BacktrackSmack+1"],"picked":"hexamod:ForkedFlame+1","floor":32},{"not_picked":["hexamod:GhostOfSpirePast","hexamod:RainOfEmbers+1","hexamod:NightmareGuise"],"picked":"SKIP","floor":32},{"not_picked":["hexamod:GhostLash+1","hexamod:FastForward","hexamod:SwordOfDarkness+1"],"picked":"SKIP","floor":32},{"not_picked":["hexamod:TurnItUp","hexamod:TimeOfNeed"],"picked":"hexamod:VolcanoVisage","floor":33},{"not_picked":["hexamod:GhostOfSpirePresent","hexamod:SearingWound"],"picked":"hexamod:UnleashSpirits+1","floor":33},{"not_picked":["hexamod:InspiringFlames+1","hexamod:NightmareStrike+1"],"picked":"hexamod:NightmareGuise+1","floor":36},{"not_picked":["hexamod:BacktrackSmack+1","hexamod:FlamesFromBeyond"],"picked":"hexamod:GhostShield+1","floor":36},{"not_picked":["hexamod:FastForward+1","hexamod:HeatShield","hexamod:HauntingEcho+1"],"picked":"SKIP","floor":36},{"not_picked":["hexamod:InspiringFlames+1","hexamod:BurningTouch+1"],"picked":"hexamod:ExtraCrispy+1","floor":37},{"not_picked":["hexamod:BacktrackSmack+1","hexamod:Firestarter+1","hexamod:FirstSeal"],"picked":"SKIP","floor":37},{"not_picked":["hexamod:SpectersWail+1","hexamod:BurningTouch","hexamod:NightmareStrike+1"],"picked":"SKIP","floor":37},{"not_picked":["hexamod:ThermalTransfer+1","hexamod:ShieldOfDarkness+1","hexamod:GhostOfSpireFuture+1"],"picked":"SKIP","floor":38},{"not_picked":["hexamod:BurningTouch+1","hexamod:PhantomFireball+1","hexamod:WildfireWeapon"],"picked":"SKIP","floor":38},{"not_picked":["hexamod:SpectersWail+1","hexamod:Rewind+1"],"picked":"hexamod:GhostLash+1","floor":39},{"not_picked":["hexamod:PhantomCloak","hexamod:SecondSeal","hexamod:CatchUp+1"],"picked":"SKIP","floor":39},{"not_picked":["hexamod:FastForward","hexamod:GhostLash+1","hexamod:BacktrackSmack+1"],"picked":"SKIP","floor":39},{"not_picked":["hexamod:ParanormalForm","hexamod:BacktrackSmack+1","hexamod:SixthSeal"],"picked":"hexamod:RecurringNightmare+1","floor":42},{"not_picked":["hexamod:GhostflameBarrier+1","hexamod:HexaLevel","hexamod:SpectersWail+1"],"picked":"hexamod:RecurringNightmare+1","floor":42},{"not_picked":["hexamod:RainOfEmbers+1","hexamod:RecurringNightmare","hexamod:Hexaguard","hexamod:NightmareGuise"],"picked":"SKIP","floor":42},{"not_picked":["hexamod:EmpoweredFlame","hexamod:ShieldOfDarkness+1","hexamod:NightmareGuise","hexamod:GhostLash+1"],"picked":"SKIP","floor":43},{"not_picked":["hexamod:SpectersWail+1","hexamod:TurnItUp","hexamod:ThirdSeal","hexamod:NightmareStrike+1"],"picked":"SKIP","floor":43},{"not_picked":["hexamod:BacktrackSmack+1","hexamod:AdvancingGuard","hexamod:FourthSeal","hexamod:EmpoweredFlame"],"picked":"SKIP","floor":44},{"not_picked":["hexamod:RainOfEmbers+1","hexamod:Hexaguard","hexamod:FastForward","hexamod:Firestarter+1"],"picked":"SKIP","floor":44},{"not_picked":["hexamod:NightmareGuise","hexamod:StepThrough+1","hexamod:Firestarter+1"],"picked":"hexamod:Hexaguard+1","floor":45},{"not_picked":["hexamod:FastForward","hexamod:PhantomFireball+1","hexamod:FlamesFromBeyond+1"],"picked":"hexamod:GhostShield+1","floor":45},{"not_picked":["hexamod:HeatCrush+1","hexamod:ShieldOfDarkness","hexamod:CatchUp","hexamod:Haunt"],"picked":"SKIP","floor":45},{"not_picked":["hexamod:SwordOfDarkness+1","hexamod:ThirdSeal","hexamod:Again"],"picked":"hexamod:FlamesFromBeyond+1","floor":47},{"not_picked":["hexamod:AdvancingGuard","hexamod:DynamicBlow+1","hexamod:CatchUp+1","hexamod:BacktrackSmack+1"],"picked":"SKIP","floor":47},{"not_picked":["hexamod:Firestarter+1","hexamod:HeatShield+1","hexamod:SearingWound","hexamod:AdvancingGuard+1"],"picked":"SKIP","floor":47},{"not_picked":["hexamod:ThermalTransfer+1","hexamod:HeatMetal+1","hexamod:AdvancingGuard+1","hexamod:PhantomCloak"],"picked":"SKIP","floor":48},{"not_picked":["hexamod:InspiringFlames","hexamod:HauntingEcho+1","hexamod:CatchUp+1","hexamod:HeatMetal+1"],"picked":"SKIP","floor":49},{"not_picked":["hexamod:Haunt","hexamod:Hexaguard","hexamod:HauntingEcho+1","hexamod:Firestarter+1"],"picked":"SKIP","floor":49},{"not_picked":["hexamod:SwordOfDarkness+1","hexamod:CatchUp","hexamod:PhantomCloak","hexamod:NecessarySacrifice"],"picked":"SKIP","floor":49}],"player_experience":529499,"relics_obtained":[{"floor":6,"key":"MealTicket"},{"floor":7,"key":"Ornamental Fan"},{"floor":12,"key":"Orichalcum"},{"floor":23,"key":"Happy Flower"},{"floor":24,"key":"Mummified Hand"},{"floor":28,"key":"conspire:GiftBox"},{"floor":29,"key":"Pear"},{"floor":29,"key":"TungstenRod"},{"floor":31,"key":"Molten Egg 2"},{"floor":41,"key":"Question Card"},{"floor":42,"key":"Ice Cream"},{"floor":45,"key":"Bottled Lightning"}],"event_choices":[{"damage_healed":0,"gold_gain":0,"player_choice":"Leave","damage_taken":0,"max_hp_gain":0,"max_hp_loss":0,"event_name":"conspire:Investor","floor":40,"gold_loss":0}],"is_beta":false,"boss_relics":[{"not_picked":["SacredBark","conspire:RoyalGoblet"],"picked":"Velvet Choker"},{"not_picked":["Pandora\u0027s Box","hexamod:UnbrokenSoul"],"picked":"conspire:SpecialSausage"}],"items_purged_floors":[21],"is_endless":false,"potions_floor_spawned":[3,5,11,12,14,22,23,28,29,32,33,37,39,44,45],"ascension_level":1}}