{"host":"fawhrnsdtsa3msx1","time":1614053659,"event":{"mods":["AchievementEnabler","BaseMod","Colored Map","DeckTracker","Keyboard Shortcuts","Minty Spire (QoL Compilation)","Permanent Neow","Quick Restart","SuperFastMode"],"gold_per_floor":[115,131,150,67,67,99,99,99,174,105,105,140,159,178,178,307,307,286,309,309,309,309],"floor_reached":21,"language":"KOR","playtime":790,"items_purged":[],"score":217,"play_id":"b3f85e8d-b02b-467f-a649-3a782b1227d6","local_time":"20210223131419","is_ascension_mode":true,"campfire_choices":[{"data":"Shrug It Off","floor":8,"key":"SMITH"},{"floor":15,"key":"REST"}],"circlet_count":0,"master_deck":["Strike_R","Strike_R","Strike_R","Defend_R","Defend_R","Defend_R","Defend_R","Bash","Shockwave","Flex","Flame Barrier","Entrench","Shrug It Off+1","Corruption","Battle Trance","Twin Strike","Pommel Strike","Headbutt"],"relics":["Black Blood","MealTicket","Golden Idol","White Beast Statue","Dream Catcher","Matryoshka"],"acts_visited":["Exordium","TheCity"],"potions_floor_usage":[6,12,16,16],"damage_taken":[{"damage":7,"enemies":"Small Slimes","floor":1,"turns":3},{"damage":15,"enemies":"Jaw Worm","floor":2,"turns":5},{"damage":6,"enemies":"Cultist","floor":3,"turns":4},{"damage":15,"enemies":"Gremlin Nob","floor":6,"turns":5},{"damage":65,"enemies":"3 Sentries","floor":12,"turns":13},{"damage":11,"enemies":"Red Slaver","floor":13,"turns":3},{"damage":5,"enemies":"3 Louse","floor":14,"turns":5},{"damage":25,"enemies":"The Guardian","floor":16,"turns":13},{"damage":46,"enemies":"2 Thieves","floor":18,"turns":5},{"damage":60,"enemies":"Spheric Guardian","floor":19,"turns":8},{"damage":16,"enemies":"Cultist and Chosen","floor":21,"turns":2}],"seed_played":"-4089738657787517981","potions_obtained":[{"floor":2,"key":"Fire Potion"},{"floor":6,"key":"GamblersBrew"},{"floor":11,"key":"FairyPotion"},{"floor":11,"key":"Block Potion"},{"floor":11,"key":"BlessingOfTheForge"},{"floor":12,"key":"PowerPotion"},{"floor":13,"key":"FairyPotion"},{"floor":16,"key":"AttackPotion"},{"floor":18,"key":"Block Potion"},{"floor":19,"key":"Explosive Potion"}],"is_trial":false,"path_per_floor":["M","M","M","$","?","E","?","R","T","$","?","E","M","M","R","B",null,"M","M","T","M"],"character_chosen":"IRONCLAD","items_purchased":["Entrench","Shrug It Off","Battle Trance"],"campfire_rested":1,"item_purchase_floors":[4,4,10],"current_hp_per_floor":[55,46,46,46,46,37,37,37,37,52,52,18,13,14,36,17,74,40,15,15,0,0],"gold":309,"neow_bonus":"REMOVE_TWO","is_daily":false,"chose_seed":false,"campfire_upgraded":1,"win_rate":0.0,"timestamp":1614053659,"path_taken":["M","M","M","$","?","E","?","R","T","$","?","E","M","M","R","BOSS","M","M","?","M"],"items_purchased_type":["Card","Card","Card"],"build_version":"2020-12-22","purchased_purges":0,"victory":false,"max_hp_per_floor":[80,80,80,80,80,80,74,74,74,74,74,74,74,74,74,74,74,74,74,74,74,74],"card_choices":[{"not_picked":["Iron Wave","Clothesline"],"picked":"Shockwave","floor":1},{"not_picked":["Pummel","Clothesline"],"picked":"Flex","floor":2},{"not_picked":["Sever Soul","Headbutt"],"picked":"Flame Barrier","floor":3},{"not_picked":["Warcry","Clash"],"picked":"Corruption","floor":6},{"not_picked":["Clash","Double Tap"],"picked":"Twin Strike","floor":12},{"not_picked":["Rage","Feel No Pain","Infernal Blade"],"picked":"SKIP","floor":13},{"not_picked":["Thunderclap","Clothesline"],"picked":"Pommel Strike","floor":14},{"not_picked":["Cleave","Clash"],"picked":"Headbutt","floor":18},{"not_picked":["Infernal Blade","Flame Barrier","Armaments"],"picked":"SKIP","floor":19}],"player_experience":139066,"relics_obtained":[{"floor":6,"key":"MealTicket"},{"floor":9,"key":"White Beast Statue"},{"floor":12,"key":"Dream Catcher"},{"floor":20,"key":"Matryoshka"}],"event_choices":[{"damage_healed":0,"gold_gain":0,"player_choice":"Ignored","damage_taken":0,"max_hp_gain":0,"max_hp_loss":0,"event_name":"Liars Game","floor":5,"gold_loss":0},{"damage_healed":0,"gold_gain":0,"player_choice":"Lose Max HP","damage_taken":0,"relics_obtained":["Golden Idol"],"max_hp_gain":0,"max_hp_loss":6,"event_name":"Golden Idol","floor":7,"gold_loss":0},{"damage_healed":0,"gold_gain":0,"player_choice":"Got Potions","damage_taken":0,"max_hp_gain":0,"max_hp_loss":0,"event_name":"Lab","floor":11,"gold_loss":0}],"is_beta":false,"boss_relics":[{"not_picked":["Cursed Key","Empty Cage"],"picked":"Black Blood"}],"items_purged_floors":[],"is_endless":false,"potions_floor_spawned":[2,6,12,13,14,16,18,19],"killed_by":"Cultist and Chosen","ascension_level":3}}