{"host":"og6lam4kt3nibbw0","time":1614103252,"event":{"mods":["AchievementEnabler","BaseMod","Colored Map","DeckTracker","Highlight Path","Keyboard Shortcuts","Minty Spire (QoL Compilation)","Permanent Neow","Quick Restart","StSLib","SuperFastMode"],"gold_per_floor":[364,439,44,44,55,55,69,69,69,79,79,111,11,63,63,138,138,155,173,121,132,132,132,144,144,144,171,184,184,197,222,222,222,222],"floor_reached":33,"language":"KOR","playtime":1689,"items_purged":["Strike_P","Defend_P"],"score":530,"play_id":"a6d55c8d-e3d5-4255-8b4e-f4bf94c6b861","local_time":"20210224030052","is_ascension_mode":true,"campfire_choices":[{"floor":6.0,"key":"DIG"},{"floor":8.0,"key":"DIG"},{"floor":11.0,"key":"DIG"},{"floor":15.0,"key":"DIG"},{"floor":23.0,"key":"DIG"},{"floor":25.0,"key":"DIG"},{"floor":32,"key":"DIG"}],"circlet_count":0,"master_deck":["AscendersBane","Strike_P","Strike_P","Strike_P","Defend_P","Defend_P","Eruption","Vigilance","Halt","Consecrate","Vault","Meditate","Indignation","DeusExMachina","JustLucky+1","Scrawl","ThirdEye"],"relics":["PureWater","Shovel","MealTicket","Boot","Sundial","Mummified Hand","Akabeko","PreservedInsect","Dead Branch","SlaversCollar","Gremlin Horn","Anchor","Bottled Lightning","Red Mask","Bronze Scales"],"acts_visited":["Exordium","TheCity"],"potions_floor_usage":[33,33],"damage_taken":[{"damage":9.0,"enemies":"Jaw Worm","floor":1.0,"turns":5.0},{"damage":6.0,"enemies":"Small Slimes","floor":5.0,"turns":6.0},{"damage":2.0,"enemies":"Cultist","floor":7.0,"turns":3.0},{"damage":9.0,"enemies":"Red Slaver","floor":10.0,"turns":4.0},{"damage":5.0,"enemies":"Lagavulin","floor":12.0,"turns":8.0},{"damage":27.0,"enemies":"The Guardian","floor":16.0,"turns":11.0},{"damage":14.0,"enemies":"Chosen","floor":18.0,"turns":4.0},{"damage":19.0,"enemies":"2 Thieves","floor":19.0,"turns":5.0},{"damage":0.0,"enemies":"Shelled Parasite and Fungi","floor":21.0,"turns":4.0},{"damage":9.0,"enemies":"Centurion and Healer","floor":24.0,"turns":3.0},{"damage":3.0,"enemies":"Slavers","floor":27.0,"turns":4.0},{"damage":16,"enemies":"Snake Plant","floor":28,"turns":3},{"damage":0,"enemies":"Chosen and Byrds","floor":30,"turns":3},{"damage":0,"enemies":"Masked Bandits","floor":31,"turns":3},{"damage":45,"enemies":"Champ","floor":33,"turns":12}],"seed_played":"682399521862894024","potions_obtained":[{"floor":10.0,"key":"LiquidBronze"},{"floor":16.0,"key":"ColorlessPotion"},{"floor":18.0,"key":"SkillPotion"},{"floor":21.0,"key":"StancePotion"},{"floor":30,"key":"BlessingOfTheForge"}],"is_trial":false,"path_per_floor":["M","?","$","?","M","R","M","R","T","M","R","E","$","T","R","B",null,"M","M","$","M","?","R","M","R","T","E","M","?","M","?","R","B"],"character_chosen":"WATCHER","items_purchased":["Shovel","ThirdEye"],"campfire_rested":0,"item_purchase_floors":[3,20],"current_hp_per_floor":[52,41,41,41,35,35,33,33,33,24,24,19,34,34,34,7,48,34,15,30,30,62,62,53,53,53,50,34,34,34,34,34,0,0],"gold":222,"neow_bonus":"TWO_FIFTY_GOLD","is_daily":false,"chose_seed":false,"campfire_upgraded":0,"win_rate":0.0,"timestamp":1614103252,"path_taken":["M","?","$","?","M","R","?","R","T","M","R","E","$","?","R","BOSS","M","M","$","M","?","R","?","R","T","E","M","?","M","?","R","BOSS"],"items_purchased_type":["Relic","Card"],"build_version":"2020-12-22","purchased_purges":2,"victory":false,"max_hp_per_floor":[62,62,62,62,62,62,62,62,62,62,62,62,62,62,62,62,62,62,62,62,62,62,62,62,62,62,62,62,62,62,62,62,62,62],"card_choices":[{"not_picked":["Protect","SashWhip"],"picked":"Halt","floor":1.0},{"not_picked":["BattleHymn","FollowUp"],"picked":"Consecrate","floor":5.0},{"not_picked":["Consecrate","SashWhip"],"picked":"Vault","floor":7.0},{"not_picked":["ReachHeaven","FlurryOfBlows"],"picked":"Meditate","floor":10.0},{"not_picked":["EmptyFist","Halt"],"picked":"Indignation","floor":12.0},{"not_picked":["Omniscience","Establishment"],"picked":"DeusExMachina","floor":16.0},{"not_picked":["SashWhip","Consecrate"],"picked":"JustLucky+1","floor":18.0},{"not_picked":["Wireheading","Pray"],"picked":"Scrawl","floor":19.0},{"not_picked":["BattleHymn","WindmillStrike","Worship"],"picked":"SKIP","floor":21.0},{"not_picked":["EmptyFist","CrushJoints+1","Halt"],"picked":"SKIP","floor":24.0},{"not_picked":["Swivel","Indignation","EmptyFist"],"picked":"SKIP","floor":27.0},{"not_picked":["WreathOfFlame","BowlingBash+1","CrushJoints"],"picked":"SKIP","floor":28},{"not_picked":["Swivel","Consecrate","Prostrate"],"picked":"SKIP","floor":30}],"player_experience":1001466,"relics_obtained":[{"floor":6.0,"key":"MealTicket"},{"floor":8.0,"key":"Boot"},{"floor":9.0,"key":"Sundial"},{"floor":11.0,"key":"Mummified Hand"},{"floor":12.0,"key":"Akabeko"},{"floor":14.0,"key":"PreservedInsect"},{"floor":15.0,"key":"Dead Branch"},{"floor":23.0,"key":"Gremlin Horn"},{"floor":25.0,"key":"Anchor"},{"floor":27.0,"key":"Bottled Lightning"},{"floor":31,"key":"Red Mask"},{"floor":32,"key":"Bronze Scales"}],"event_choices":[{"damage_healed":0.0,"max_hp_gain":0.0,"max_hp_loss":0.0,"gold_gain":75.0,"event_name":"World of Goop","player_choice":"Gather Gold","floor":2.0,"gold_loss":0.0,"damage_taken":11.0},{"damage_healed":0.0,"max_hp_gain":0.0,"max_hp_loss":0.0,"gold_gain":0.0,"cards_transformed":["Defend_P"],"event_name":"Transmorgrifier","player_choice":"Transformed","floor":4.0,"gold_loss":0.0,"damage_taken":0.0,"cards_obtained":["LikeWater"]},{"cards_removed":["LikeWater"],"damage_healed":32.0,"max_hp_gain":0.0,"max_hp_loss":0.0,"gold_gain":0.0,"event_name":"Bonfire Elementals","player_choice":"Offered Uncommon","floor":22.0,"gold_loss":0.0,"damage_taken":0.0},{"damage_healed":0,"gold_gain":0,"player_choice":"Ignored","damage_taken":0,"max_hp_gain":0,"max_hp_loss":0,"event_name":"Ghosts","floor":29,"gold_loss":0},{"damage_healed":0,"gold_gain":0,"player_choice":"Fought Bandits","damage_taken":0,"max_hp_gain":0,"max_hp_loss":0,"event_name":"Masked Bandits","floor":31,"gold_loss":0}],"is_beta":false,"boss_relics":[{"not_picked":["HolyWater","Runic Dome"],"picked":"SlaversCollar"}],"items_purged_floors":[3,13],"is_endless":false,"potions_floor_spawned":[10,16,18,21,30,31],"killed_by":"Champ","ascension_level":20}}