{"host":"67g331d0qdac7k8o","time":1614074761,"event":{"mods":["BaseMod","BetterRewards","Colored Map","Colored Powertips","Friendly Minions","Lobotomy","Minty Spire (QoL Compilation)","Replay The Spire","SIMod","Shop Mod","StSLib","SuperFastMode","The Animator","The Bug Knight","UnlockEverythingMod","Yuri Mod","noobMod"],"gold_per_floor":[121,138,169,186,186,213,52,77,155,169,169,208,218,235,235,335,335,354,382,399,410,220,270,58,93,93,110,110,147,159,170,170,271,271,289,299,299,314,186,213,246,272,354,354,354,8,19,58,58,58],"floor_reached":51,"language":"ZHS","playtime":4128,"items_purged":["Regret","animator:Defend","Pain","animator:Strike"],"score":965,"play_id":"42269092-9186-4590-a59f-68269415adf5","local_time":"20210223180601","is_ascension_mode":false,"campfire_choices":[{"floor":15,"key":"RECALL"},{"data":"animator:Boros","floor":28,"key":"SMITH"},{"data":"animator:Melzalgald","floor":32,"key":"SMITH"},{"data":"animator:Biyorigo","floor":49,"key":"SMITH"}],"circlet_count":0,"master_deck":["animator:Strike_OnePunchMan","animator:Defend_OnePunchMan","animator:Strike","animator:Strike","animator:Defend+1","animator:Defend","animator:Genos","animator:MumenRider","animator:Saber","animator:Illya","animator:Witch+1","animator:Sonic","animator:MetalKnight","animator:Shiro+1","animator:GuildGirl","animator:Shichika","animator:Melzalgald+1","animator:Tet","animator:Boros+1","animator:Viivi+1","animator:Berserker","animator:DolaRiku+1","animator:DolaStephanie","animator:Alexander+1","animator:GoblinSlayer","animator:Biyorigo+1","animator:Emonzaemon+1","animator:Archer","animator:Jibril+1","animator:ChlammyZell+1","animator:TakanashiRikka","animator:Geryuganshoop"],"relics":["animator:LivingPicture","animator:TheMissingPiece","ice","Smiling Mask","Mummified Hand","Charon\u0027s Ashes","Calipers","SacredBark","MerchantsRug","Orichalcum","Onion Ring","Mercury Hourglass","WingedGreaves","animator:WornHelmet","Mark of Pain","WarpedTongs","animator:ShionDessert","Bird Faced Urn","Gremlin Food","HollowMod:LifeEnderRelic","War Paint","Pet Ghost"],"acts_visited":["Exordium","TheCity","TheBeyond"],"potions_floor_usage":[25,41],"damage_taken":[{"damage":0,"enemies":"Small Slimes","floor":1,"turns":3},{"damage":21,"enemies":"Jaw Worm","floor":2,"turns":2},{"damage":4,"enemies":"Cultist","floor":3,"turns":2},{"damage":19,"enemies":"Exordium Thugs","floor":4,"turns":4},{"damage":17,"enemies":"Gremlin Nob","floor":6,"turns":4},{"damage":16,"enemies":"3 Sentries","floor":8,"turns":5},{"damage":21,"enemies":"Blue Slaver","floor":10,"turns":3},{"damage":10,"enemies":"Large Slime","floor":12,"turns":5},{"damage":0,"enemies":"Red Slaver","floor":13,"turns":2},{"damage":0,"enemies":"Looter","floor":14,"turns":2},{"damage":0,"enemies":"Fading Forest","floor":16,"turns":8},{"damage":0,"enemies":"2 Thieves","floor":18,"turns":2},{"damage":0,"enemies":"3 Byrds","floor":19,"turns":2},{"damage":0,"enemies":"Sentry and Sphere","floor":20,"turns":1},{"damage":6,"enemies":"Cultist and Chosen","floor":21,"turns":3},{"damage":0,"enemies":"animator:HornedBat","floor":23,"turns":3},{"damage":0,"enemies":"Slavers","floor":25,"turns":1},{"damage":12,"enemies":"Snake Plant","floor":27,"turns":2},{"damage":8,"enemies":"Book of Stabbing","floor":29,"turns":2},{"damage":0,"enemies":"Snecko","floor":30,"turns":2},{"damage":0,"enemies":"Shelled Parasite and Fungi","floor":31,"turns":1},{"damage":11,"enemies":"Champ","floor":33,"turns":5},{"damage":0,"enemies":"Orb Walker","floor":35,"turns":2},{"damage":5,"enemies":"3 Shapes","floor":36,"turns":1},{"damage":0,"enemies":"Sphere and 2 Shapes","floor":38,"turns":1},{"damage":0,"enemies":"Giant Head","floor":40,"turns":3},{"damage":24,"enemies":"Nemesis","floor":41,"turns":3},{"damage":0,"enemies":"Reptomancer","floor":42,"turns":2},{"damage":0,"enemies":"3 Darklings","floor":47,"turns":2},{"damage":0,"enemies":"Transient","floor":48,"turns":5},{"damage":13,"enemies":"Replay:Hell Engine","floor":50,"turns":3}],"seed_played":"3871026168571701328","potions_obtained":[{"floor":8,"key":"Dexterity Potion"},{"floor":10,"key":"Strength Potion"},{"floor":12,"key":"Swift Potion"},{"floor":13,"key":"LiquidMemories"},{"floor":27,"key":"ColorlessPotion"},{"floor":41,"key":"SpeedPotion"},{"floor":47,"key":"BlessingOfTheForge"},{"floor":48,"key":"SkillPotion"}],"is_trial":false,"path_per_floor":["M","M","M","M","?","E","$","E","T","M","?","M","M","M","R","B",null,"M","M","M","M","$","E","$","E","T","M","R","E","M","M","R","B",null,"M","M","?","M","$","E","E","E","T","?","?","$","M","M","R","B",null],"character_chosen":"THE_ANIMATOR","items_purchased":["animator:Shiro+1","MerchantsRug","Onion Ring","animator:Archer","animator:TakanashiRikka","Pet Ghost"],"campfire_rested":0,"item_purchase_floors":[7,22,24,39,46,46],"current_hp_per_floor":[61,40,36,17,17,57,57,41,41,20,20,10,70,70,70,71,74,74,74,74,68,68,68,68,68,68,57,57,49,49,49,49,38,92,92,87,87,87,87,87,63,67,67,67,67,67,67,87,87,78],"gold":58,"neow_bonus":"THREE_RARE_CARDS","is_daily":false,"chose_seed":false,"campfire_upgraded":3,"win_rate":0.0,"timestamp":1614074761,"path_taken":["M","M","M","M","?","E","$","E","T","M","?","M","M","M","R","BOSS","M","M","M","M","$","E","$","E","T","M","R","E","M","M","R","BOSS","M","M","?","M","?","E","E","E","T","?","?","$","M","M","R","BOSS"],"items_purchased_type":["Card","Relic","Relic","Card","Card","Relic"],"build_version":"2020-12-22","purchased_purges":4,"victory":true,"max_hp_per_floor":[61,61,61,61,61,63,63,67,67,69,69,70,70,71,71,74,74,75,75,75,78,78,84,84,84,84,88,88,90,90,90,90,92,92,93,96,96,96,96,96,100,100,100,100,100,100,100,104,104,108],"card_choices":[{"not_picked":["animator:Boros","animator:HigakiRinne"],"picked":"animator:Saber","floor":0},{"not_picked":["animator:Gillette","animator:Ciel"],"picked":"animator:Illya","floor":1},{"not_picked":["animator:HighElfArcher","animator:DwarfShaman"],"picked":"animator:Witch","floor":2},{"not_picked":["animator:ZankiKiguchi","animator:Chung"],"picked":"animator:Sonic","floor":3},{"not_picked":["animator:Emonzaemon","animator:UneriGinkaku"],"picked":"animator:MetalKnight","floor":6},{"not_picked":["animator:Nanami","animator:Togame"],"picked":"animator:GuildGirl","floor":8},{"not_picked":["animator:LizardPriest","animator:RinTohsaka"],"picked":"animator:Shichika","floor":10},{"not_picked":["animator:SilverFang","animator:Geryuganshoop"],"picked":"animator:Melzalgald","floor":12},{"not_picked":["animator:ShinjiMatou","animator:UneriGinkaku","animator:Caster"],"picked":"SKIP","floor":13},{"not_picked":["animator:Priestess","animator:Shichika"],"picked":"animator:Tet","floor":14},{"not_picked":["animator:GoblinSlayer","animator:Sora"],"picked":"animator:Boros","floor":16},{"not_picked":["animator:ShinjiMatou","animator:Rider"],"picked":"animator:Viivi+1","floor":18},{"not_picked":["animator:Assassin","animator:RinTohsaka"],"picked":"animator:Berserker","floor":19},{"not_picked":["animator:ChlammyZell","animator:LizardPriest"],"picked":"animator:DolaRiku+1","floor":20},{"not_picked":["animator:Raven","animator:Guy+1","animator:Illya"],"picked":"SKIP","floor":21},{"not_picked":["animator:Raven","animator:HighElfArcher"],"picked":"animator:DolaStephanie","floor":23},{"not_picked":["animator:ShinjiMatou","animator:ChaikaBohdan+1"],"picked":"animator:Alexander+1","floor":27},{"not_picked":["animator:HighElfArcher","animator:LizardPriest","animator:Ciel"],"picked":"SKIP","floor":29},{"not_picked":["animator:RinTohsaka","animator:Alexander"],"picked":"animator:GoblinSlayer","floor":30},{"not_picked":["animator:Eve","animator:Boros"],"picked":"animator:Biyorigo","floor":33},{"not_picked":["animator:Laby+1","animator:SakuraMatou"],"picked":"animator:Emonzaemon+1","floor":35},{"not_picked":["animator:DolaRiku+1","animator:ChaikaBohdan","animator:Gillette+1"],"picked":"SKIP","floor":36},{"not_picked":["animator:Gillette+1","animator:Melzalgald+1","animator:TsurugaMeisai+1"],"picked":"SKIP","floor":38},{"not_picked":["animator:Fredrika","animator:Azekura"],"picked":"animator:Jibril+1","floor":41},{"not_picked":["animator:RinTohsaka","animator:MumenRider"],"picked":"animator:ChlammyZell+1","floor":42},{"not_picked":["animator:DolaCouronne","animator:Sonic+1","animator:AcuraTooru"],"picked":"SKIP","floor":47},{"not_picked":["animator:Sonic","animator:Genos"],"picked":"animator:Geryuganshoop","floor":48}],"player_experience":150466,"relics_obtained":[{"floor":6,"key":"Mummified Hand"},{"floor":8,"key":"Charon\u0027s Ashes"},{"floor":23,"key":"Orichalcum"},{"floor":25,"key":"Mercury Hourglass"},{"floor":26,"key":"WingedGreaves"},{"floor":29,"key":"animator:WornHelmet"},{"floor":40,"key":"animator:ShionDessert"},{"floor":41,"key":"Bird Faced Urn"},{"floor":42,"key":"Gremlin Food"},{"floor":43,"key":"HollowMod:LifeEnderRelic"},{"floor":45,"key":"War Paint"}],"event_choices":[{"damage_healed":0,"gold_gain":0,"player_choice":"Box","damage_taken":0,"relics_obtained":["Smiling Mask"],"max_hp_gain":0,"max_hp_loss":0,"event_name":"Big Fish","floor":5,"gold_loss":0,"cards_obtained":["Regret"]},{"damage_healed":0,"gold_gain":0,"player_choice":"Gave Potion","damage_taken":0,"relics_obtained":["Calipers"],"max_hp_gain":0,"max_hp_loss":0,"event_name":"WeMeetAgain","floor":11,"gold_loss":0},{"damage_healed":0,"gold_gain":0,"player_choice":"Rummage","damage_taken":0,"relics_obtained":["WarpedTongs"],"max_hp_gain":0,"max_hp_loss":0,"event_name":"Accursed Blacksmith","floor":37,"gold_loss":0,"cards_obtained":["Pain"]},{"damage_healed":0,"gold_gain":0,"player_choice":"Relic","damage_taken":0,"max_hp_gain":0,"max_hp_loss":0,"event_name":"Wheel of Change","floor":45,"gold_loss":0}],"is_beta":false,"boss_relics":[{"not_picked":["Replay:Bronze Core","Replay:Ancient Bell"],"picked":"SacredBark"},{"not_picked":["Runic Dome","Busted Crown"],"picked":"Mark of Pain"}],"items_purged_floors":[7,22,39,46],"is_endless":false,"potions_floor_spawned":[8,10,12,13,14,16,19,20,27,30,31,35,41,47,48],"ascension_level":0}}