{"host":"ox77rn1xcurm2t5a","time":1614115435,"event":{"mods":["2.2 Compatiblity","AchievementEnabler","Act Like it!","Aspiration","BaseMod","Best Route Mod","Better Match","Better Note","Better Sensory Stone","Block Reminder","Colored Map","Colored Powertips","Conjunction","Conspire","Custom Start","Energized Spire","GifTheSpireLib","Gold Saver","Gremlin Skip","Halation","Highlight Path","Hubris","Infinite Spire","Minty Spire (QoL Compilation)","Pale of the Ancients","Quick Restart","Reliquary","Replay The Spire","Reworked Bosses","ShortenTheSpire","Spire Exporter","StSLib","Stuff the Spire","Wandering Minibosses"],"gold_per_floor":[132,132,57,69,80,80,80,99,149,3,33,67,79,79,79,179,179,198,158,158,158,58,58,87,101,101,101,101],"floor_reached":27,"language":"ENG","playtime":665,"items_purged":["Defend_R","Defend_R"],"score":347,"play_id":"12538a79-df14-492b-a025-df968207c39f","local_time":"20210223232355","is_ascension_mode":true,"campfire_choices":[{"floor":6,"key":"RECALL"},{"data":"Metallicize","floor":15,"key":"SMITH"},{"data":"Bash","floor":23,"key":"SMITH"}],"circlet_count":0,"master_deck":["AscendersBane","Strike_R","Strike_R","Strike_R","Strike_R","Strike_R","Defend_R","Defend_R","Bash+1","Metallicize+1","Rage","Metallicize+1","Clash"],"relics":["Burning Blood","NeowsBlessing","StuffTheSpire:Gunfinga","StuffTheSpire:Experiment12","conspire:SpecialSausage","ReplayTheSpireMod:Lightbulb","reliquary:PartyBalloon"],"acts_visited":["Exordium","TheCity"],"potions_floor_usage":[11,12,13,18,24],"damage_taken":[{"damage":0,"enemies":"2 Louse","floor":1,"turns":1},{"damage":0,"enemies":"Cultist","floor":4,"turns":1},{"damage":0,"enemies":"Small Slimes","floor":5,"turns":1},{"damage":3,"enemies":"Looter","floor":8,"turns":3},{"damage":1,"enemies":"Blue Slaver","floor":11,"turns":3},{"damage":37,"enemies":"3 Sentries","floor":12,"turns":12},{"damage":13,"enemies":"Lots of Slimes","floor":13,"turns":5},{"damage":51,"enemies":"The Guardian","floor":16,"turns":15},{"damage":4,"enemies":"Chosen","floor":18,"turns":5},{"damage":63,"enemies":"Slavers","floor":24,"turns":10},{"damage":9,"enemies":"Spheric Guardian","floor":25,"turns":5},{"damage":10,"enemies":"Centurion and Healer","floor":27,"turns":4}],"seed_played":"281651973700232112","potions_obtained":[{"floor":1,"key":"ColorlessPotion"},{"floor":4,"key":"Regen Potion"},{"floor":12,"key":"Strength Potion"},{"floor":16,"key":"Adrenaline Potion"},{"floor":18,"key":"Conjunction:LightningMarble"}],"is_trial":false,"path_per_floor":["M","?","$","M","M","R","T","M","T","$","M","E","M","?","R","B",null,"M","?","?","?","$","R","E","M","T","M"],"character_chosen":"IRONCLAD","items_purchased":["StuffTheSpire:Experiment12"],"campfire_rested":0,"item_purchase_floors":[10],"current_hp_per_floor":[78,80,80,80,80,80,80,80,80,80,80,64,57,72,72,27,67,69,69,69,69,69,69,12,9,9,0,0],"gold":101,"neow_bonus":"THREE_ENEMY_KILL","is_daily":false,"chose_seed":false,"campfire_upgraded":2,"win_rate":0.0,"timestamp":1614115435,"path_taken":["M","?","$","M","?","R","?","M","T","$","M","E","M","?","R","BOSS","M","?","?","?","?","R","E","?","T","M"],"items_purchased_type":["Relic"],"build_version":"2020-12-22","purchased_purges":2,"victory":false,"max_hp_per_floor":[80,80,80,80,80,80,80,80,80,80,80,80,80,80,80,80,80,80,80,80,80,80,80,80,80,80,80,80],"card_choices":[{"not_picked":["Havoc","ReplayTheSpireMod:Limb From Limb"],"picked":"Metallicize","floor":1},{"not_picked":["Replay:Undeath\u0027s Touch","Iron Wave"],"picked":"Rage","floor":4},{"not_picked":["Shrug It Off","True Grit","Wild Strike"],"picked":"SKIP","floor":5},{"not_picked":["Havoc","Wild Strike","Fire Breathing"],"picked":"SKIP","floor":8},{"not_picked":["StuffTheSpire:Slingshot","Flex","Evolve"],"picked":"SKIP","floor":11},{"not_picked":["Wild Strike","Shrug It Off"],"picked":"Metallicize","floor":12},{"not_picked":["Pummel","hubris:CleavingFinish","Clothesline"],"picked":"SKIP","floor":13},{"not_picked":["Havoc","Shrug It Off","Warcry"],"picked":"SKIP","floor":18},{"not_picked":["Twin Strike","StuffTheSpire:Pyroclast"],"picked":"Clash","floor":24},{"not_picked":["Wild Strike","StuffTheSpire:RockThrow","Fire Breathing"],"picked":"SKIP","floor":25}],"player_experience":3235663,"relics_obtained":[{"floor":7,"key":"StuffTheSpire:Gunfinga"},{"floor":24,"key":"ReplayTheSpireMod:Lightbulb"},{"floor":26,"key":"reliquary:PartyBalloon"}],"event_choices":[{"damage_healed":0,"gold_gain":0,"player_choice":"Upgrade","damage_taken":0,"max_hp_gain":0,"max_hp_loss":0,"event_name":"Designer","floor":19,"gold_loss":40,"cards_upgraded":["Metallicize"]},{"damage_healed":0,"gold_gain":0,"player_choice":"Ignored","damage_taken":0,"max_hp_gain":0,"max_hp_loss":0,"event_name":"betterNote:BetterNote","floor":20,"gold_loss":0,"cards_obtained":["Strike_P"]}],"is_beta":false,"boss_relics":[{"not_picked":["halation:Prosthetics","hubris:BlackHole"],"picked":"conspire:SpecialSausage"}],"items_purged_floors":[3,22],"is_endless":false,"potions_floor_spawned":[1,4,12,16,18],"killed_by":"Centurion and Healer","ascension_level":10}}