{"host":"uexz8m6e0pxi7xat","time":1614066525,"event":{"mods":["BaseMod","Bestiary","Minty Spire (QoL Compilation)","Relic Stats","ojb\u0027s Info Mod"],"gold_per_floor":[116,10,30,44,55,80,80,112,163,128,148,168,168,181,181,255,255,273,287,297,91,91,122,202,202,202,230,6,56,156,181,193,277,289,317,93,93,103,113,113,140,140,167,200,104,104,116,116,116,116,116,116,116,28,54,54],"floor_reached":57,"language":"ENG","playtime":7174,"items_purged":["Strike_B","Strike_B","Defend_B","Defend_B","Rebound"],"score":2877,"play_id":"75f04cde-be35-4da2-9068-49ba73fef9ac","local_time":"20210223204845","is_ascension_mode":true,"campfire_choices":[{"data":"Go for the Eyes","floor":7.0,"key":"SMITH"},{"data":"Seek","floor":13.0,"key":"SMITH"},{"data":"Doom and Gloom","floor":15.0,"key":"SMITH"},{"data":"Defragment","floor":25.0,"key":"SMITH"},{"floor":32.0,"key":"REST"},{"data":"Multi-Cast","floor":40,"key":"SMITH"},{"floor":46,"key":"RECALL"},{"data":"Coolheaded","floor":49,"key":"SMITH"},{"data":"Glacier","floor":53,"key":"SMITH"}],"circlet_count":0,"master_deck":["AscendersBane","Defend_B","Zap","Dualcast","Glacier+1","Ball Lightning","Go for the Eyes+1","Doom and Gloom","Coolheaded+1","Seek+1","Doom and Gloom+1","Compile Driver+1","Multi-Cast+1","Streamline+1","Defragment+1","Sunder+1","Loop+1","Fusion","Buffer+1","Genetic Algorithm+1","Defragment+1","Capacitor+1","Glacier+1","Conserve Battery+1","Loop+1","Loop+1"],"relics":["Empty Cage","DataDisk","HornCleat","Tiny Chest","Odd Mushroom","Snecko Eye","Membership Card","Vajra","White Beast Statue","Bronze Scales","Frozen Egg 2","Incense Burner","Pantograph","MawBank","Runic Dome","Toxic Egg 2","Blood Vial","Symbiotic Virus","Whetstone","Bottled Tornado","CaptainsWheel"],"acts_visited":["Exordium","TheCity","TheBeyond","TheEnding"],"potions_floor_usage":[41,56,56],"damage_taken":[{"damage":1.0,"enemies":"Cultist","floor":1.0,"turns":3.0},{"damage":1.0,"enemies":"Jaw Worm","floor":3.0,"turns":3.0},{"damage":4.0,"enemies":"2 Louse","floor":4.0,"turns":2.0},{"damage":15.0,"enemies":"Exordium Wildlife","floor":5.0,"turns":5.0},{"damage":9.0,"enemies":"3 Sentries","floor":6.0,"turns":8.0},{"damage":4.0,"enemies":"Lagavulin","floor":8.0,"turns":7.0},{"damage":12.0,"enemies":"The Mushroom Lair","floor":11.0,"turns":6.0},{"damage":2.0,"enemies":"Lots of Slimes","floor":12.0,"turns":3.0},{"damage":2.0,"enemies":"Blue Slaver","floor":14.0,"turns":4.0},{"damage":20.0,"enemies":"Slime Boss","floor":16.0,"turns":7.0},{"damage":1.0,"enemies":"Shell Parasite","floor":18.0,"turns":5.0},{"damage":4.0,"enemies":"2 Thieves","floor":19.0,"turns":3.0},{"damage":7.0,"enemies":"Snake Plant","floor":20.0,"turns":3.0},{"damage":15.0,"enemies":"Book of Stabbing","floor":23.0,"turns":4.0},{"damage":11.0,"enemies":"Slavers","floor":27.0,"turns":5.0},{"damage":5.0,"enemies":"Colosseum Slavers","floor":30.0,"turns":4.0},{"damage":2.0,"enemies":"Colosseum Nobs","floor":30.0,"turns":3.0},{"damage":10.0,"enemies":"Gremlin Leader","floor":31.0,"turns":4.0},{"damage":11.0,"enemies":"Automaton","floor":33.0,"turns":12.0},{"damage":0.0,"enemies":"3 Shapes","floor":35.0,"turns":7.0},{"damage":0,"enemies":"Orb Walker","floor":38,"turns":6},{"damage":2,"enemies":"Jaw Worm Horde","floor":39,"turns":4},{"damage":38,"enemies":"Reptomancer","floor":41,"turns":7},{"damage":0,"enemies":"Nemesis","floor":44,"turns":5},{"damage":0,"enemies":"Maw","floor":47,"turns":6},{"damage":16,"enemies":"Time Eater","floor":50,"turns":14},{"damage":0,"enemies":"Donu and Deca","floor":51,"turns":11},{"damage":2,"enemies":"Shield and Spear","floor":55,"turns":5},{"damage":5,"enemies":"The Heart","floor":56,"turns":10}],"seed_played":"5837811579471482738","potions_obtained":[{"floor":1.0,"key":"Dexterity Potion"},{"floor":5.0,"key":"EssenceOfDarkness"},{"floor":14.0,"key":"Explosive Potion"},{"floor":23.0,"key":"Regen Potion"},{"floor":27.0,"key":"DuplicationPotion"},{"floor":30.0,"key":"ColorlessPotion"},{"floor":31.0,"key":"Fruit Juice"},{"floor":33.0,"key":"ColorlessPotion"},{"floor":35.0,"key":"CultistPotion"},{"floor":41,"key":"SteroidPotion"},{"floor":44,"key":"FocusPotion"}],"is_trial":false,"path_per_floor":["M","$","M","M","M","E","R","E","T","?","?","M","R","M","R","B",null,"M","M","M","$","?","E","T","R","T","E","$","?","?","E","R","B",null,"M","$","?","M","M","R","E","T","T","E","$","R","M","?","R","B","B",null,"R","$","E","B",null],"character_chosen":"DEFECT","items_purchased":["Ball Lightning","Fire Potion","Membership Card","Frozen Egg 2","Loop+1","Toxic Egg 2","Defragment+1","Loop+1"],"campfire_rested":1,"item_purchase_floors":[2,2,21,28,28,36,36,45],"current_hp_per_floor":[63,63,62,58,43,34,34,30,30,47,35,33,33,31,31,11,56,55,51,44,44,44,29,29,29,29,32,32,32,25,15,36,55,71,71,71,71,71,69,69,31,31,31,33,33,33,35,35,35,46,72,72,72,72,70,67],"gold":54,"neow_bonus":"BOSS_RELIC","is_daily":false,"chose_seed":false,"campfire_upgraded":7,"win_rate":0.0,"timestamp":1614066525,"path_taken":["M","$","M","M","?","E","R","E","T","?","?","M","R","M","R","BOSS","M","M","M","$","?","E","?","R","T","E","$","?","?","E","R","BOSS","M","$","?","M","M","R","E","?","T","E","$","R","?","?","R","BOSS","BOSS","R","$","E","BOSS"],"items_purchased_type":["Card","Potion","Relic","Relic","Card","Relic","Card","Card"],"build_version":"2020-12-22","purchased_purges":5,"victory":true,"max_hp_per_floor":[71,71,71,71,71,71,71,71,71,71,71,71,71,71,71,71,71,71,71,71,71,71,71,71,71,71,71,71,71,71,71,71,76,76,76,76,72,72,72,72,72,72,72,72,72,72,72,72,72,72,72,72,72,72,72,72],"relic_stats":{"Blood Vial":10,"counters":[29,165],"Bronze Scales":[380],"Pantograph":74,"Snecko Eye":[177,184,210,189],"Tiny Chest":2,"Whetstone":["Sunder","Compile Driver"],"MawBank":60,"obtain_stats":[{"Vajra":23,"Incense Burner":30,"Whetstone":43,"Odd Mushroom":11,"Frozen Egg 2":28,"Bottled Tornado":44,"Empty Cage":0,"MawBank":31,"White Beast Statue":26,"Blood Vial":41,"Runic Dome":34,"DataDisk":6,"CaptainsWheel":55,"HornCleat":8,"Bronze Scales":27,"Pantograph":30,"Snecko Eye":17,"Tiny Chest":9,"Membership Card":21,"Toxic Egg 2":36,"Cracked Core":0,"Symbiotic Virus":42},{"Vajra":14,"Incense Burner":17,"Whetstone":23,"Odd Mushroom":7,"Frozen Egg 2":15,"Bottled Tornado":24,"Empty Cage":0,"MawBank":18,"White Beast Statue":14,"Blood Vial":23,"Runic Dome":19,"DataDisk":5,"CaptainsWheel":28,"HornCleat":6,"Bronze Scales":15,"Pantograph":17,"Snecko Eye":10,"Tiny Chest":6,"Membership Card":13,"Toxic Egg 2":20,"Cracked Core":0,"Symbiotic Virus":23},{"Vajra":63,"Incense Burner":75,"Whetstone":114,"Odd Mushroom":34,"Frozen Egg 2":68,"Bottled Tornado":119,"Empty Cage":0,"MawBank":79,"White Beast Statue":63,"Blood Vial":114,"Runic Dome":91,"DataDisk":21,"CaptainsWheel":155,"HornCleat":28,"Bronze Scales":68,"Pantograph":75,"Snecko Eye":48,"Tiny Chest":28,"Membership Card":59,"Toxic Egg 2":98,"Cracked Core":0,"Symbiotic Virus":114}]},"card_choices":[{"not_picked":["Turbo","Cold Snap"],"picked":"Glacier","floor":1.0},{"not_picked":["Conserve Battery","Blizzard"],"picked":"Rebound","floor":3.0},{"not_picked":["Turbo","Redo","Gash"],"picked":"SKIP","floor":4.0},{"not_picked":["Redo","Conserve Battery"],"picked":"Go for the Eyes","floor":5.0},{"not_picked":["BootSequence","Glacier"],"picked":"Doom and Gloom","floor":6.0},{"not_picked":["Redo","Go for the Eyes"],"picked":"Coolheaded","floor":8.0},{"not_picked":["Gash","Lockon"],"picked":"Seek","floor":11.0},{"not_picked":["Steam Power","BootSequence"],"picked":"Doom and Gloom","floor":12.0},{"not_picked":["Leap","Fusion"],"picked":"Compile Driver","floor":14.0},{"not_picked":["Fission","All For One"],"picked":"Multi-Cast","floor":16.0},{"not_picked":["Tempest","Beam Cell"],"picked":"Streamline+1","floor":18.0},{"not_picked":["Redo","Cold Snap","Steam"],"picked":"SKIP","floor":19.0},{"not_picked":["Redo","FTL"],"picked":"Defragment","floor":20.0},{"not_picked":["Machine Learning","Barrage","Melter"],"picked":"SKIP","floor":23.0},{"not_picked":["Darkness","Machine Learning"],"picked":"Sunder","floor":27.0},{"not_picked":["Steam Power","Compile Driver"],"picked":"Fusion","floor":31.0},{"not_picked":["Electrodynamics+1","Seek"],"picked":"Buffer+1","floor":33.0},{"not_picked":["Darkness+1","Self Repair+1"],"picked":"Genetic Algorithm+1","floor":35.0},{"not_picked":["Doom and Gloom+1","Beam Cell"],"picked":"Capacitor+1","floor":38},{"not_picked":["Beam Cell","Lockon","Redo+1"],"picked":"SKIP","floor":39},{"not_picked":["Conserve Battery+1","Fusion+1"],"picked":"Glacier+1","floor":41},{"not_picked":["Compile Driver","Aggregate+1"],"picked":"Conserve Battery+1","floor":44},{"not_picked":["Beam Cell","Go for the Eyes+1"],"picked":"Loop+1","floor":47},{"not_picked":["Barrage","Thunder Strike","Rebound"],"picked":"SKIP","floor":55}],"player_experience":1088148,"relics_obtained":[{"floor":6.0,"key":"DataDisk"},{"floor":8.0,"key":"HornCleat"},{"floor":9.0,"key":"Tiny Chest"},{"floor":11.0,"key":"Odd Mushroom"},{"floor":23.0,"key":"Vajra"},{"floor":26.0,"key":"White Beast Statue"},{"floor":27.0,"key":"Bronze Scales"},{"floor":30.0,"key":"Incense Burner"},{"floor":30.0,"key":"Pantograph"},{"floor":31.0,"key":"MawBank"},{"floor":41,"key":"Blood Vial"},{"floor":42,"key":"Symbiotic Virus"},{"floor":43,"key":"Whetstone"},{"floor":44,"key":"Bottled Tornado"},{"floor":55,"key":"CaptainsWheel"}],"event_choices":[{"damage_healed":17.0,"max_hp_gain":0.0,"max_hp_loss":0.0,"gold_gain":0.0,"event_name":"The Cleric","player_choice":"Healed","floor":10.0,"gold_loss":35.0,"damage_taken":0.0},{"damage_healed":0.0,"max_hp_gain":0.0,"max_hp_loss":0.0,"gold_gain":0.0,"event_name":"Mushrooms","player_choice":"Fought Mushrooms","floor":11.0,"gold_loss":0.0,"damage_taken":0.0},{"cards_removed":["Strike_B"],"damage_healed":0.0,"max_hp_gain":0.0,"max_hp_loss":0.0,"gold_gain":0.0,"event_name":"Purifier","player_choice":"Purged","floor":22.0,"gold_loss":0.0,"damage_taken":0.0},{"damage_healed":0.0,"max_hp_gain":0.0,"max_hp_loss":0.0,"gold_gain":50.0,"event_name":"Nest","player_choice":"Stole From Cult","floor":29.0,"gold_loss":0.0,"damage_taken":0.0},{"damage_healed":0.0,"max_hp_gain":0.0,"max_hp_loss":0.0,"gold_gain":0.0,"event_name":"Colosseum","player_choice":"Fight","floor":30.0,"gold_loss":0.0,"damage_taken":0.0},{"damage_healed":0.0,"max_hp_gain":0.0,"max_hp_loss":0.0,"gold_gain":0.0,"event_name":"Colosseum","player_choice":"Fought Nobs","floor":30.0,"gold_loss":0.0,"damage_taken":0.0},{"damage_healed":0,"gold_gain":0,"player_choice":"Max HP","damage_taken":0,"max_hp_gain":0,"max_hp_loss":4,"event_name":"Winding Halls","floor":37,"gold_loss":0},{"damage_healed":0,"gold_gain":0,"player_choice":"Ignored","damage_taken":0,"max_hp_gain":0,"max_hp_loss":0,"event_name":"The Moai Head","floor":48,"gold_loss":0}],"is_beta":false,"boss_relics":[{"not_picked":["SacredBark","Inserter"],"picked":"Snecko Eye"},{"not_picked":["Busted Crown","Tiny House"],"picked":"Runic Dome"}],"items_purged_floors":[21,28,36,45,54],"is_endless":false,"potions_floor_spawned":[1,5,14,23,27,30,30,31,33,35,38,39,41,44,47,55],"ascension_level":20}}