{"host":"mnpd8gh7cwxsn5kh","time":1614113629,"event":{"mods":["BaseMod","Bestiary","Block Reminder","Colored Map","Colored Powertips","Highlight Path","Minty Spire (QoL Compilation)","Relic Sorter","Relic Stats"],"gold_per_floor":[110,110,128,128,139,139,169,186,186,186,221,221,221,237,237,311,311,321,40,90,101,120,148,148,164,219,250,260,287,287,297,297,371,371,383,400,233,250,250,250,261,275,275,307,307,232,263,263,263,263,263],"floor_reached":52,"language":"ENG","playtime":4223,"items_purged":["Strike_R"],"score":1914,"play_id":"0465df4e-fefa-4fa1-9fff-76bc1c668316","local_time":"20210223215349","is_ascension_mode":true,"campfire_choices":[{"data":"True Grit","floor":6.0,"key":"SMITH"},{"floor":10.0,"key":"REST"},{"data":"Rampage","floor":12.0,"key":"SMITH"},{"data":"Body Slam","floor":15.0,"key":"SMITH"},{"data":"Uppercut","floor":24.0,"key":"SMITH"},{"data":"Uppercut","floor":32.0,"key":"SMITH"},{"data":"Demon Form","floor":40.0,"key":"SMITH"},{"data":"Feel No Pain","floor":45.0,"key":"SMITH"},{"data":"Bludgeon","floor":49.0,"key":"SMITH"}],"circlet_count":0,"master_deck":["AscendersBane","Strike_R","Strike_R","Strike_R","Defend_R","Defend_R","Defend_R","Defend_R","Bash+1","Feel No Pain+1","True Grit+1","Ghostly Armor","Corruption","Rampage+1","Impervious","Shrug It Off","Perfected Strike","Uppercut+1","Uppercut+1","Perfected Strike","Bludgeon","Demon Form+1","CurseOfTheBell","Entrench+1","Bludgeon+1","Shrug It Off","True Grit+1","Demon Form+1"],"relics":["Burning Blood","Orichalcum","Mercury Hourglass","Ancient Tea Set","Oddly Smooth Stone","Snecko Eye","Eternal Feather","HornCleat","Happy Flower","Mango","Red Skull","Calling Bell","Tiny Chest","Darkstone Periapt","Magic Flower","Centennial Puzzle","TungstenRod","Bottled Tornado"],"acts_visited":["Exordium","TheCity","TheBeyond"],"potions_floor_usage":[51],"damage_taken":[{"damage":14.0,"enemies":"Jaw Worm","floor":1.0,"turns":5.0},{"damage":7.0,"enemies":"2 Louse","floor":3.0,"turns":3.0},{"damage":2.0,"enemies":"Small Slimes","floor":5.0,"turns":5.0},{"damage":37.0,"enemies":"Lagavulin","floor":7.0,"turns":9.0},{"damage":6.0,"enemies":"Exordium Thugs","floor":8.0,"turns":5.0},{"damage":36.0,"enemies":"Gremlin Nob","floor":11.0,"turns":5.0},{"damage":7.0,"enemies":"Blue Slaver","floor":14.0,"turns":3.0},{"damage":2.0,"enemies":"Hexaghost","floor":16.0,"turns":9.0},{"damage":0.0,"enemies":"Chosen","floor":18.0,"turns":4.0},{"damage":2.0,"enemies":"Shell Parasite","floor":21.0,"turns":3.0},{"damage":2.0,"enemies":"3 Cultists","floor":22.0,"turns":4.0},{"damage":23.0,"enemies":"Slavers","floor":23.0,"turns":8.0},{"damage":0.0,"enemies":"Centurion and Healer","floor":25.0,"turns":5.0},{"damage":4.0,"enemies":"Book of Stabbing","floor":27.0,"turns":3.0},{"damage":12.0,"enemies":"Shelled Parasite and Fungi","floor":28.0,"turns":4.0},{"damage":19.0,"enemies":"Gremlin Leader","floor":29.0,"turns":6.0},{"damage":4.0,"enemies":"Snake Plant","floor":31.0,"turns":2.0},{"damage":77.0,"enemies":"Automaton","floor":33.0,"turns":11.0},{"damage":0.0,"enemies":"Orb Walker","floor":35.0,"turns":3.0},{"damage":12.0,"enemies":"3 Shapes","floor":36.0,"turns":4.0},{"damage":36.0,"enemies":"3 Darklings","floor":38.0,"turns":9.0},{"damage":0.0,"enemies":"Transient","floor":41.0,"turns":6.0},{"damage":9.0,"enemies":"Sphere and 2 Shapes","floor":42.0,"turns":4.0},{"damage":7.0,"enemies":"Reptomancer","floor":44.0,"turns":6.0},{"damage":2.0,"enemies":"Giant Head","floor":47.0,"turns":6.0},{"damage":17,"enemies":"Time Eater","floor":50,"turns":9},{"damage":33,"enemies":"Awakened One","floor":51,"turns":11}],"seed_played":"292351373904507424","potions_obtained":[{"floor":1.0,"key":"ElixirPotion"},{"floor":3.0,"key":"PowerPotion"},{"floor":11.0,"key":"SpeedPotion"},{"floor":16.0,"key":"Block Potion"},{"floor":18.0,"key":"BloodPotion"},{"floor":22.0,"key":"Fire Potion"},{"floor":25.0,"key":"Energy Potion"},{"floor":33.0,"key":"SteroidPotion"},{"floor":35.0,"key":"Strength Potion"},{"floor":42.0,"key":"HeartOfIron"}],"is_trial":false,"path_per_floor":["M","?","M","$","M","R","E","M","T","R","E","R","?","M","R","B",null,"M","$","?","M","M","E","R","M","T","E","M","E","?","M","R","B",null,"M","M","$","M","?","R","M","M","T","E","R","$","E","?","R","B","B",null],"character_chosen":"IRONCLAD","items_purchased":["Eternal Feather","Bludgeon"],"campfire_rested":1,"item_purchase_floors":[19,37],"current_hp_per_floor":[60,55,54,54,58,58,27,27,27,49,19,19,12,11,11,15,60,66,66,66,70,74,57,69,75,75,89,83,70,70,72,84,13,70,79,76,76,49,49,64,73,73,73,75,89,89,89,89,89,81,57],"gold":263,"neow_bonus":"UPGRADE_CARD","is_daily":false,"chose_seed":false,"campfire_upgraded":8,"win_rate":0.0,"timestamp":1614113629,"path_taken":["M","?","M","$","M","R","E","M","T","R","E","R","?","M","R","BOSS","M","$","?","M","M","E","R","M","T","E","M","E","?","?","R","BOSS","M","M","$","M","?","R","M","M","T","E","R","$","E","?","R","BOSS","BOSS"],"items_purchased_type":["Relic","Card"],"build_version":"2020-12-22","purchased_purges":1,"victory":true,"max_hp_per_floor":[75,75,75,75,75,75,75,75,75,75,75,75,75,75,75,75,75,75,75,75,75,75,75,75,75,75,89,89,89,89,89,89,89,89,89,89,89,89,89,89,89,89,89,89,89,89,89,89,89,89,89],"relic_stats":{"Darkstone Periapt":0,"Happy Flower":[28],"counters":[27,151],"Magic Flower":[24],"Eternal Feather":53,"Orichalcum":[258],"Burning Blood":180,"Mercury Hourglass":[502],"Centennial Puzzle":[12],"Snecko Eye":[168,187,198,184],"Tiny Chest":0,"obtain_stats":[{"Darkstone Periapt":34,"Happy Flower":26,"Oddly Smooth Stone":11,"Magic Flower":34,"Eternal Feather":19,"Mango":27,"Orichalcum":2,"Bottled Tornado":47,"Ancient Tea Set":9,"Burning Blood":0,"Mercury Hourglass":7,"Calling Bell":34,"Centennial Puzzle":43,"HornCleat":23,"Snecko Eye":17,"Tiny Chest":34,"Red Skull":29,"TungstenRod":44},{"Darkstone Periapt":18,"Happy Flower":13,"Oddly Smooth Stone":6,"Magic Flower":18,"Eternal Feather":9,"Mango":14,"Orichalcum":1,"Bottled Tornado":25,"Ancient Tea Set":5,"Burning Blood":0,"Mercury Hourglass":4,"Calling Bell":18,"Centennial Puzzle":23,"HornCleat":12,"Snecko Eye":8,"Tiny Chest":18,"Red Skull":16,"TungstenRod":24},{"Darkstone Periapt":93,"Happy Flower":67,"Oddly Smooth Stone":32,"Magic Flower":93,"Eternal Feather":47,"Mango":70,"Orichalcum":5,"Bottled Tornado":131,"Ancient Tea Set":27,"Burning Blood":0,"Mercury Hourglass":22,"Calling Bell":93,"Centennial Puzzle":119,"HornCleat":62,"Snecko Eye":43,"Tiny Chest":93,"Red Skull":80,"TungstenRod":125}],"TungstenRod":11},"card_choices":[{"not_picked":["Iron Wave","Flex"],"picked":"Feel No Pain","floor":1.0},{"not_picked":["Pommel Strike","Inflame"],"picked":"True Grit","floor":3.0},{"not_picked":["Cleave","Intimidate"],"picked":"Ghostly Armor","floor":5.0},{"not_picked":["Sword Boomerang","Armaments"],"picked":"Corruption","floor":7.0},{"not_picked":["Warcry","True Grit"],"picked":"Body Slam","floor":8.0},{"not_picked":["Anger","Pommel Strike"],"picked":"Rampage","floor":11.0},{"not_picked":["Pommel Strike","Cleave","Flex"],"picked":"SKIP","floor":14.0},{"not_picked":["Pommel Strike","Cleave","Flex"],"picked":"SKIP","floor":14.0},{"not_picked":["Offering","Bludgeon"],"picked":"Impervious","floor":16.0},{"not_picked":["Flex","Body Slam"],"picked":"Shrug It Off","floor":18.0},{"not_picked":["Spot Weakness","Battle Trance","Clash"],"picked":"SKIP","floor":21.0},{"not_picked":["Havoc","Thunderclap"],"picked":"Perfected Strike","floor":22.0},{"not_picked":["Headbutt","Inflame"],"picked":"Uppercut","floor":23.0},{"not_picked":["Spot Weakness","Headbutt"],"picked":"Uppercut","floor":25.0},{"not_picked":["Shrug It Off","Thunderclap"],"picked":"Perfected Strike","floor":27.0},{"not_picked":["Rage","Hemokinesis","Pommel Strike"],"picked":"SKIP","floor":28.0},{"not_picked":["Sever Soul","Fire Breathing","Reckless Charge"],"picked":"SKIP","floor":29.0},{"not_picked":["Sever Soul","Fire Breathing","Reckless Charge"],"picked":"SKIP","floor":29.0},{"not_picked":["Armaments+1","Headbutt"],"picked":"Bludgeon","floor":31.0},{"not_picked":["Brutality","Exhume"],"picked":"Demon Form","floor":33.0},{"not_picked":["Searing Blow","Second Wind","Warcry"],"picked":"SKIP","floor":35.0},{"not_picked":["Heavy Blade","Pummel"],"picked":"Entrench+1","floor":36.0},{"not_picked":["Pummel+1","Burning Pact+1","Twin Strike"],"picked":"SKIP","floor":38.0},{"not_picked":["Iron Wave","Flex","Entrench"],"picked":"SKIP","floor":41.0},{"not_picked":["True Grit","Flex"],"picked":"Shrug It Off","floor":42.0},{"not_picked":["Havoc+1","Twin Strike+1"],"picked":"True Grit+1","floor":44.0},{"not_picked":["Fire Breathing","Iron Wave","Corruption"],"picked":"SKIP","floor":47.0}],"player_experience":697059,"relics_obtained":[{"floor":7.0,"key":"Mercury Hourglass"},{"floor":9.0,"key":"Ancient Tea Set"},{"floor":11.0,"key":"Oddly Smooth Stone"},{"floor":23.0,"key":"HornCleat"},{"floor":26.0,"key":"Happy Flower"},{"floor":27.0,"key":"Mango"},{"floor":29.0,"key":"Red Skull"},{"floor":34.0,"key":"Tiny Chest"},{"floor":34.0,"key":"Darkstone Periapt"},{"floor":34.0,"key":"Magic Flower"},{"floor":43.0,"key":"Centennial Puzzle"},{"floor":44.0,"key":"TungstenRod"},{"floor":47.0,"key":"Bottled Tornado"}],"event_choices":[{"damage_healed":0.0,"max_hp_gain":0.0,"max_hp_loss":0.0,"gold_gain":0.0,"event_name":"Scrap Ooze","player_choice":"Success","floor":2.0,"gold_loss":0.0,"damage_taken":5.0,"relics_obtained":["Orichalcum"]},{"cards_removed":["Strike_R"],"damage_healed":0.0,"max_hp_gain":0.0,"max_hp_loss":0.0,"gold_gain":0.0,"event_name":"Golden Wing","player_choice":"Card Removal","floor":13.0,"gold_loss":0.0,"damage_taken":7.0},{"damage_healed":0.0,"max_hp_gain":0.0,"max_hp_loss":0.0,"gold_gain":50.0,"event_name":"Nest","player_choice":"Stole From Cult","floor":20.0,"gold_loss":0.0,"damage_taken":0.0},{"damage_healed":0.0,"max_hp_gain":0.0,"max_hp_loss":0.0,"gold_gain":0.0,"event_name":"Vampires","player_choice":"Ignored","floor":30.0,"gold_loss":0.0,"damage_taken":0.0},{"cards_removed":["Body Slam"],"damage_healed":0.0,"max_hp_gain":0.0,"max_hp_loss":0.0,"gold_gain":0.0,"event_name":"Falling","player_choice":"Removed Attack","floor":39.0,"gold_loss":0.0,"damage_taken":0.0},{"damage_healed":0.0,"max_hp_gain":0.0,"max_hp_loss":0.0,"gold_gain":0.0,"event_name":"Duplicator","player_choice":"Copied","floor":48.0,"gold_loss":0.0,"damage_taken":0.0,"cards_obtained":["Demon Form"]}],"is_beta":false,"boss_relics":[{"not_picked":["Pandora\u0027s Box","Astrolabe"],"picked":"Snecko Eye"},{"not_picked":["Sozu","Philosopher\u0027s Stone"],"picked":"Calling Bell"}],"items_purged_floors":[46],"is_endless":false,"potions_floor_spawned":[1,3,11,16,18,22,25,33,35,38,42],"ascension_level":20}}