{"host":"3zb2ho7bzwxq1psp","time":1614059992,"event":{"mods":["AchievementEnabler","AlwaysNeverKeys","Aspiration","BaseMod","BetterRewards","CatGirl Mod","Colored Map","Hubris","Minty Spire (QoL Compilation)","Permanent Neow","Quick Restart","Rare Cards Sparkle","Replay The Spire","Shop Mod","StSLib","The Judge","The Jungle","Unceasing Turn Reminder"],"gold_per_floor":[114,128,128,145,145,145,170,190,190,190,204,218,218,248,248,321,321,321,321,321,321,321,321,321,321,321,321,321,321,321,321,321,321,321,321,321,321,321,321,321,321,321,321,321,321,321,321,321,321,321,321,321,167,167,167],"floor_reached":56,"language":"ENG","playtime":2358,"items_purged":["Strike_G","Strike_G","Strike_G","Strike_G","Defend_G","Defend_G","Strike_G","Defend_G","Defend_G","Survivor","Defend_G"],"score":3491,"play_id":"9551055d-842d-4baa-a24e-ee2bff0ab5ef","local_time":"20210222215952","is_ascension_mode":true,"campfire_choices":[{"data":"Backstab","floor":6,"key":"SMITH"},{"data":"Footwork","floor":6,"key":"SMITH"},{"data":"Noxious Fumes","floor":10,"key":"SMITH"},{"data":"Bane","floor":10,"key":"SMITH"},{"data":"Neutralize","floor":13,"key":"SMITH"},{"data":"Poisoned Stab","floor":13,"key":"SMITH"},{"data":"Slice","floor":15,"key":"SMITH"},{"floor":32,"key":"REST"},{"floor":40,"key":"REST"},{"floor":46,"key":"REST"}],"circlet_count":0,"master_deck":["AscendersBane","Neutralize+1","Slice+1","Noxious Fumes+1","hubris:DuctTapeCard+2","Terror+1","Deadly Poison+1","Slice+1","Poisoned Stab+1","Footwork+1","Noxious Fumes+1","Bane+1","Deadly Poison+1","Poisoned Stab+1","Backstab+1","Deflect+1","Catalyst+1","Deadly Poison+1","Bouncing Flask+1","Terror+1","Deadly Poison+1","Noxious Fumes+1","PiercingWail+1","Backflip+1","Crippling Poison+1","Bane+1","Catalyst+1","Catalyst+1","Dodge and Roll+1","Noxious Fumes+1","Burst+1","Noxious Fumes+1","Adrenaline+1","Poisoned Strike+1","Dramatic Entrance+1","Swift Strike+1"],"relics":["Ring of the Snake","MerchantsRug","hubris:EmptyBottle","Juzu Bracelet","Lantern","Bronze Scales","PreservedInsect","aspiration:VileToxins","TwistedFunnel","CaptainsWheel","Membership Card","Thread and Needle","Toxic Egg 2","Bag of Preparation","hubris:DuctTape","Kunai","Vajra","ClockworkSouvenir","hubris:SlimyHat","White Beast Statue","aspiration:FetidBarrel","Oddly Smooth Stone","Bag of Marbles","Happy Flower","Turnip","Ice Cream","Potion Belt","The Specimen","Frozen Egg 2","Guide Book","Golden Egg","Replay:Arrowhead","Snake Skull","Unceasing Top","Mummified Hand","Tiny Chest","hubris:OldNail","aspiration:DSix","hubris:Metronome","Ectoplasm","aspiration:Stabinomicon","Blue Doll","ReplayTheSpireMod:Ninjato","hubris:MysteriousPyramids","hubris:BundleOfHerbs","ReplayTheSpireMod:Lightbulb","hubris:ScarierMask","Ring of Fury","aspiration:Lifesprig","Bottled Tornado","Replay:Mystery Machine","Replay:Multitool","Replay:Rubber Ducky","Boot","ReplayTheSpireMod:ShopPack","Snack Pack"],"acts_visited":["Exordium","TheCity","TheBeyond","TheEnding"],"potions_floor_usage":[14,16,16,19,19,24,33,33,50,50,50,50,50,50,50,50,55,55,55,55,55],"damage_taken":[{"damage":0,"enemies":"Small Slimes","floor":1,"turns":1},{"damage":0,"enemies":"Jaw Worm","floor":2,"turns":1},{"damage":0,"enemies":"Cultist","floor":4,"turns":1},{"damage":0,"enemies":"Lagavulin","floor":7,"turns":1},{"damage":0,"enemies":"2 Fungi Beasts","floor":8,"turns":1},{"damage":0,"enemies":"Gremlin Gang","floor":11,"turns":1},{"damage":0,"enemies":"Large Slime","floor":12,"turns":1},{"damage":0,"enemies":"3 Sentries","floor":14,"turns":1},{"damage":0,"enemies":"Fading Forest","floor":16,"turns":2},{"damage":0,"enemies":"Chosen","floor":18,"turns":1},{"damage":0,"enemies":"Shell Parasite","floor":19,"turns":1},{"damage":0,"enemies":"Replay:Snechameleon","floor":23,"turns":1},{"damage":0,"enemies":"Shelled Parasite and Fungi","floor":24,"turns":1},{"damage":0,"enemies":"Slavers","floor":27,"turns":2},{"damage":0,"enemies":"Cultist and Chosen","floor":28,"turns":1},{"damage":0,"enemies":"Book of Stabbing","floor":29,"turns":1},{"damage":0,"enemies":"3 Cultists","floor":31,"turns":1},{"damage":0,"enemies":"Champ","floor":33,"turns":3},{"damage":0,"enemies":"Orb Walker","floor":35,"turns":1},{"damage":4,"enemies":"3 Shapes","floor":37,"turns":2},{"damage":0,"enemies":"Nemesis","floor":41,"turns":1},{"damage":0,"enemies":"Writhing Mass","floor":44,"turns":1},{"damage":0,"enemies":"2 Orb Walkers","floor":47,"turns":1},{"damage":0,"enemies":"Reptomancer","floor":48,"turns":1},{"damage":0,"enemies":"Time Eater","floor":50,"turns":2},{"damage":0,"enemies":"Shield and Spear","floor":54,"turns":1},{"damage":42,"enemies":"The Heart","floor":55,"turns":3}],"seed_played":"-2746056573526920097","potions_obtained":[{"floor":1,"key":"Poison Potion"},{"floor":4,"key":"DistilledChaos"},{"floor":11,"key":"EntropicBrew"},{"floor":12,"key":"DuplicationPotion"},{"floor":16,"key":"LiquidMemories"},{"floor":19,"key":"ColorlessPotion"},{"floor":35,"key":"Regen Potion"},{"floor":52,"key":"LiquidBronze"},{"floor":52,"key":"Milkshake"}],"is_trial":false,"path_per_floor":["M","M","?","M","T","R","E","M","T","R","M","M","R","E","R","B",null,"M","M","?","?","?","E","M","T","T","E","M","E","?","M","R","B",null,"M","$","M","?","?","R","E","T","T","M","$","R","?","E","R","B",null,"R","$","E","B",null],"character_chosen":"THE_SILENT","items_purchased":["MerchantsRug","hubris:EmptyBottle","Venom Potion","Juzu Bracelet","Noxious Fumes","Lantern","Bronze Scales","PreservedInsect","Lee\u0027s Waffle","aspiration:VileToxins","TwistedFunnel","Strawberry","CaptainsWheel","Noxious Fumes","Membership Card","Thread and Needle","Toxic Egg 2","Slice+1","Bag of Preparation","Noxious Fumes","hubris:DuctTape","Terror+1","Deadly Poison+1","Slice","Kunai","Poisoned Stab","Footwork","Noxious Fumes+1","Vajra","Bane","Deadly Poison+1","Poisoned Stab","ClockworkSouvenir","hubris:SlimyHat","Backstab","Deflect+1","Catalyst+1","Deadly Poison+1","White Beast Statue","SkillPotion","Dexterity Potion","Whetstone","aspiration:FetidBarrel","Bouncing Flask+1","Oddly Smooth Stone","Pear","Bag of Marbles","Terror+1","Deadly Poison+1","Happy Flower","Turnip","Noxious Fumes","Ice Cream","PiercingWail+1","Backflip+1","Potion Belt","The Specimen","Crippling Poison+1","Bane","Frozen Egg 2","Catalyst+1","Dodge and Roll+1","Noxious Fumes+1","Guide Book","Golden Egg","Replay:Arrowhead","War Paint","Snake Skull","Unceasing Top","Boot","ReplayTheSpireMod:ShopPack"],"campfire_rested":3,"item_purchase_floors":[0,0,0,0,0,0,0,0,0,0,0,0,0,0,0,0,0,0,0,0,0,0,0,0,0,0,0,0,0,0,0,0,0,0,0,0,0,0,0,0,0,0,0,0,0,0,0,0,0,0,0,0,0,0,0,0,0,0,0,0,0,0,0,0,0,0,0,0,0,53,53],"current_hp_per_floor":[90,90,90,90,90,90,90,90,90,90,90,90,90,90,90,90,90,90,90,69,69,69,69,69,69,69,69,69,69,72,72,93,93,93,93,93,89,76,76,93,93,93,93,93,93,93,93,93,93,93,93,63,63,63,25],"gold":167,"neow_bonus":"","is_daily":false,"chose_seed":false,"campfire_upgraded":7,"win_rate":0.0,"timestamp":1614059992,"path_taken":["M","M","?","M","?","R","E","M","T","R","M","M","R","E","R","BOSS","M","M","?","?","?","E","M","?","T","E","M","E","?","M","R","BOSS","M","$","M","?","?","R","E","?","T","M","?","R","?","E","R","BOSS","R","$","E","BOSS"],"items_purchased_type":["Relic","Relic","Potion","Relic","Card","Relic","Relic","Relic","Relic","Relic","Relic","Relic","Relic","Card","Relic","Relic","Relic","Card","Relic","Card","Relic","Card","Card","Card","Relic","Card","Card","Card","Relic","Card","Card","Card","Relic","Relic","Card","Card","Card","Card","Relic","Potion","Potion","Relic","Relic","Card","Relic","Relic","Relic","Card","Card","Relic","Relic","Card","Relic","Card","Card","Relic","Relic","Card","Card","Relic","Card","Card","Card","Relic","Relic","Relic","Relic","Relic","Relic","Relic","Relic"],"build_version":"2020-12-22","purchased_purges":11,"victory":true,"max_hp_per_floor":[90,90,90,90,90,90,90,90,90,90,90,90,90,90,90,90,90,90,90,90,90,90,90,90,90,90,90,90,90,93,93,93,93,93,93,93,93,93,93,93,93,93,93,93,93,93,93,93,93,93,93,93,93,93,93],"card_choices":[{"not_picked":["Toxin Wave+1","Outmaneuver+1","Well Laid Plans+1"],"picked":"SKIP","floor":1},{"not_picked":["Bane","Flying Knee","Crippling Poison+1"],"picked":"SKIP","floor":2},{"not_picked":["Hidden Blade+1","Poisoned Stab","Deflect+1"],"picked":"SKIP","floor":4},{"not_picked":["Sneak Up+1","Crippling Poison+1","Backflip+1"],"picked":"SKIP","floor":7},{"not_picked":["Replay:Poison Smokescreen+1","hubris:Counter","ReplayTheSpireMod:Exploit Weakness+1"],"picked":"SKIP","floor":8},{"not_picked":["Backflip+1","Underhanded Strike","Calculated Gamble+1"],"picked":"SKIP","floor":11},{"not_picked":["Distraction+1","hubris:TrickCloak+1","hubris:SlightOfHand+1"],"picked":"SKIP","floor":12},{"not_picked":["Acrobatics+1","Sucker Punch","Masterful Stab"],"picked":"SKIP","floor":14},{"not_picked":["Doppelganger+1","Wraith Form v2+1"],"picked":"Burst+1","floor":16},{"not_picked":["Concentrate+1","Leg Sweep+1","Expertise+1"],"picked":"SKIP","floor":18},{"not_picked":["Prepared+1","Blade Dance+1","Dagger Throw"],"picked":"SKIP","floor":19},{"not_picked":["Heel Hook","ReplayTheSpireMod:Tripwire+1","Dagger Spray"],"picked":"SKIP","floor":23},{"not_picked":["Toxin Wave+1","Expertise+1","hubris:SlightOfHand+1"],"picked":"SKIP","floor":24},{"not_picked":["Backstab","Quick Slash","Backflip+1"],"picked":"SKIP","floor":27},{"not_picked":["Replay:Poison Smokescreen+1","Hidden Blade+1","Prepared+1"],"picked":"SKIP","floor":28},{"not_picked":["Replay:Poison Smokescreen+1","Poisoned Stab","ReplayTheSpireMod:Speed Training+1"],"picked":"SKIP","floor":29},{"not_picked":["Blade Dance+1","Deadly Poison+1","Dash"],"picked":"SKIP","floor":31},{"not_picked":["Choke","Flying Knee","PiercingWail+1"],"picked":"SKIP","floor":35},{"not_picked":["Dagger Spray","Hidden Blade+1","Outmaneuver+1"],"picked":"SKIP","floor":37},{"not_picked":["Crippling Poison+1","Blade Dance+1"],"picked":"Noxious Fumes+1","floor":41},{"not_picked":["Dodge and Roll+1","Poisoned Stab","Riddle With Holes"],"picked":"SKIP","floor":44},{"not_picked":["PiercingWail+1","Bane","hubris:SlightOfHand+1"],"picked":"SKIP","floor":48},{"not_picked":["Outmaneuver+1","Sneak Up+1"],"picked":"Adrenaline+1","floor":52},{"not_picked":["Violence","The Bomb"],"picked":"Poisoned Strike","floor":53},{"not_picked":["Transmutation","Dark Shackles"],"picked":"Dramatic Entrance","floor":53},{"not_picked":["ReplayTheSpireMod:Private Reserves","Mind Blast"],"picked":"Swift Strike","floor":53},{"not_picked":["Poisoned Stab","Backflip+1","Skewer"],"picked":"SKIP","floor":54}],"player_experience":225348,"relics_obtained":[{"floor":5,"key":"Tiny Chest"},{"floor":7,"key":"hubris:OldNail"},{"floor":9,"key":"aspiration:DSix"},{"floor":14,"key":"hubris:Metronome"},{"floor":20,"key":"aspiration:Stabinomicon"},{"floor":23,"key":"Blue Doll"},{"floor":25,"key":"ReplayTheSpireMod:Ninjato"},{"floor":26,"key":"hubris:MysteriousPyramids"},{"floor":27,"key":"hubris:BundleOfHerbs"},{"floor":29,"key":"ReplayTheSpireMod:Lightbulb"},{"floor":39,"key":"Ring of Fury"},{"floor":41,"key":"aspiration:Lifesprig"},{"floor":42,"key":"Bottled Tornado"},{"floor":43,"key":"Replay:Mystery Machine"},{"floor":47,"key":"Replay:Multitool"},{"floor":48,"key":"Replay:Rubber Ducky"},{"floor":54,"key":"Snack Pack"}],"event_choices":[{"damage_healed":0,"gold_gain":0,"player_choice":"Ignored","damage_taken":0,"max_hp_gain":0,"max_hp_loss":0,"event_name":"Golden Idol","floor":3,"gold_loss":0},{"damage_healed":0,"gold_gain":0,"player_choice":"Obtained Book","damage_taken":21,"max_hp_gain":0,"max_hp_loss":0,"event_name":"Cursed Tome","floor":20,"gold_loss":0},{"damage_healed":0,"gold_gain":0,"player_choice":"Ignored","damage_taken":0,"max_hp_gain":0,"max_hp_loss":0,"event_name":"Vampires","floor":21,"gold_loss":0},{"damage_healed":0,"gold_gain":0,"player_choice":"Ignored","damage_taken":0,"max_hp_gain":0,"max_hp_loss":0,"event_name":"Upgrade Shrine","floor":22,"gold_loss":0},{"damage_healed":0,"gold_gain":0,"player_choice":"Damaged","damage_taken":13,"max_hp_gain":0,"max_hp_loss":0,"event_name":"Wheel of Change","floor":38,"gold_loss":0},{"damage_healed":0,"gold_gain":0,"player_choice":"Fight","damage_taken":0,"max_hp_gain":0,"max_hp_loss":0,"event_name":"Mysterious Sphere","floor":47,"gold_loss":0}],"is_beta":false,"boss_relics":[{"not_picked":["hubris:VirtuousBlindfold","Kintsugi"],"picked":"Ectoplasm"},{"not_picked":["aspiration:RitualDagger","Snecko Eye"],"picked":"hubris:ScarierMask"}],"items_purged_floors":[0,0,0,0,0,0,0,0,0,0,0],"is_endless":false,"potions_floor_spawned":[1,2,4,7,8,11,12,14,16,18,19,23,24,27,28,29,31,33,35,37,41,44,47,48,54],"ascension_level":16}}