{"host":"k2fk6k4lf3fy23m9","time":1614120336,"event":{"mods":["AchievementEnabler","BaseMod","Card Forge","CatGirl Mod","Colored Map","DeckTracker","FoggyMod","Fox Events","Hermit","Minty Spire (QoL Compilation)","READ ME - Snecko Mod","SIMod","Shop Mod","StSLib","Synergy Search","The Servant 0.9.4","The Vixen","TheHero","UnlockEverythingMod","Waifu the Spire"],"gold_per_floor":[114,114,188,188,188,188,219,219,219,219,233,233,260,63,63,162,162,177,177,196,196,196,196,196],"floor_reached":23,"language":"DEU","playtime":694,"items_purged":[],"score":268,"play_id":"4ec1dd0c-91cf-49e9-ae9c-e35ed81dc98f","local_time":"20210223234536","is_ascension_mode":false,"campfire_choices":[{"floor":6,"key":"RECALL"},{"data":"theCatGirl:HungerClaw","floor":8,"key":"SMITH"},{"floor":15,"key":"REST"}],"circlet_count":0,"master_deck":["theCatGirl:Strike+1","theCatGirl:Strike+1","theCatGirl:Strike+1","theCatGirl:Strike+1","theCatGirl:Defend+1","theCatGirl:Defend+1","theCatGirl:Defend+1","theCatGirl:ClawStrike+1","theCatGirl:Evasion+1","theCatGirl:Claws","theCatGirl:HungerClaw+1","theCatGirl:ExtremeSpeed","theCatGirl:FinishingMove","Madness","theCatGirl:BodyBlow","theCatGirl:Beastification","theCatGirl:BloodScent","theCatGirl:SevenLives","theCatGirl:ShockedWitness+1","theCatGirl:ScratchFlurry+1"],"relics":["theCatGirl:TrainedRelic","Hammer of Thor","Seething Fire","Anvil of the Gods","NeowsBlessing","theCatGirl:Ambush","Centennial Puzzle","Akabeko","Gremlin Horn","Lantern","Runic Pyramid","Eternal Feather","Ancient Tea Set","Potion Belt"],"acts_visited":["Exordium","TheCity"],"potions_floor_usage":[],"damage_taken":[{"damage":0,"enemies":"2 Louse","floor":1,"turns":1},{"damage":0,"enemies":"3 Sentries","floor":7,"turns":1},{"damage":0,"enemies":"Jaw Worm","floor":11,"turns":1},{"damage":14,"enemies":"Gremlin Nob","floor":13,"turns":3},{"damage":0,"enemies":"Slime Boss","floor":16,"turns":6},{"damage":42,"enemies":"3 Byrds","floor":18,"turns":5},{"damage":20,"enemies":"2 Thieves","floor":20,"turns":3},{"damage":12,"enemies":"Slavers","floor":23,"turns":1}],"seed_played":"-3335466065146508201","potions_obtained":[{"floor":7,"key":"Explosive Potion"},{"floor":18,"key":"Explosive Potion"}],"is_trial":false,"path_per_floor":["M","?","?","?","?","R","E","R","T","?","M","?","E","$","R","B",null,"M","T","M","T","?","E"],"character_chosen":"THE_CATGIRL","items_purchased":["theCatGirl:BloodScent","Lantern"],"campfire_rested":1,"item_purchase_floors":[14,14],"current_hp_per_floor":[70,70,70,67,67,67,67,67,67,67,67,67,53,53,70,70,70,28,28,12,12,12,0,0],"gold":196,"neow_bonus":"THREE_ENEMY_KILL","is_daily":false,"chose_seed":false,"campfire_upgraded":1,"win_rate":0.0,"timestamp":1614120336,"path_taken":["M","?","?","?","?","R","E","R","T","?","?","?","E","$","R","BOSS","M","?","?","?","?","E"],"items_purchased_type":["Card","Relic"],"build_version":"2020-12-22","purchased_purges":0,"victory":false,"max_hp_per_floor":[70,70,70,70,70,70,70,70,70,70,70,70,70,70,70,70,70,70,70,74,74,74,74,74],"card_choices":[{"not_picked":["theCatGirl:UnrelentingAssault","theCatGirl:ChangeOfPlans"],"picked":"theCatGirl:Claws","floor":1},{"not_picked":["theCatGirl:Stalk","theCatGirl:TwoStep"],"picked":"theCatGirl:ExtremeSpeed","floor":7},{"not_picked":["theCatGirl:ScratchFlurry","theCatGirl:Slip"],"picked":"theCatGirl:FinishingMove","floor":11},{"not_picked":["theCatGirl:ExtremeSpeed","theCatGirl:FinishingMove"],"picked":"theCatGirl:Beastification","floor":13},{"not_picked":["theCatGirl:LearnThePattern","theCatGirl:HungerClaw"],"picked":"theCatGirl:SevenLives","floor":16},{"not_picked":["theCatGirl:Meow","theCatGirl:ClenchYourTeeth+1"],"picked":"theCatGirl:ShockedWitness+1","floor":18},{"not_picked":["theCatGirl:ClenchYourTeeth+1","theCatGirl:Prepared"],"picked":"theCatGirl:ScratchFlurry+1","floor":20}],"player_experience":215993,"relics_obtained":[{"floor":7,"key":"Centennial Puzzle"},{"floor":9,"key":"Akabeko"},{"floor":13,"key":"Gremlin Horn"},{"floor":19,"key":"Eternal Feather"},{"floor":21,"key":"Ancient Tea Set"}],"event_choices":[{"damage_healed":0,"gold_gain":0,"cards_transformed":["theCatGirl:Defend"],"player_choice":"Change","damage_taken":0,"max_hp_gain":0,"max_hp_loss":0,"event_name":"Living Wall","floor":2,"gold_loss":0,"cards_obtained":["theCatGirl:HungerClaw"]},{"damage_healed":0,"gold_gain":74,"player_choice":"Gained Gold","damage_taken":0,"max_hp_gain":0,"max_hp_loss":0,"event_name":"Golden Wing","floor":3,"gold_loss":0},{"damage_healed":0,"gold_gain":0,"player_choice":"Success","damage_taken":3,"relics_obtained":["theCatGirl:Ambush"],"max_hp_gain":0,"max_hp_loss":0,"event_name":"Scrap Ooze","floor":4,"gold_loss":0},{"damage_healed":0,"gold_gain":0,"player_choice":"Leave","damage_taken":0,"max_hp_gain":0,"max_hp_loss":0,"event_name":"The Cleric","floor":5,"gold_loss":0},{"damage_healed":0,"gold_gain":0,"player_choice":"Ignored","damage_taken":0,"max_hp_gain":0,"max_hp_loss":0,"event_name":"Golden Idol","floor":10,"gold_loss":0},{"damage_healed":0,"gold_gain":0,"player_choice":"2 cards matched","damage_taken":0,"max_hp_gain":0,"max_hp_loss":0,"event_name":"Match and Keep!","floor":12,"gold_loss":0,"cards_obtained":["Madness","theCatGirl:BodyBlow"]},{"damage_healed":0,"gold_gain":0,"player_choice":"Opened","damage_taken":0,"relics_obtained":["Potion Belt"],"max_hp_gain":0,"max_hp_loss":0,"event_name":"The Mausoleum","floor":22,"gold_loss":0}],"is_beta":false,"boss_relics":[{"not_picked":["Black Star","Pandora\u0027s Box"],"picked":"Runic Pyramid"}],"items_purged_floors":[],"is_endless":false,"potions_floor_spawned":[7,18],"killed_by":"Slavers","ascension_level":0}}