{"host":"df48i9djcn92c5sx","time":1614084816,"event":{"mods":["Act Like it!","Arknights","BaseMod","Decade(王小明)","Downfall","Gensokyo","Marisa（F雨　魔理沙）","Minty Spire (QoL Compilation)","READ ME - Guardian Mod","READ ME - Snecko Mod","Reimu（博丽灵梦）","Remilia（蕾米莉亚）","Shop Mod","StSLib","The Jungle","The Servant 0.9.4"],"gold_per_floor":[113,113,133,153,67,67,67,67,367,367,385,385,399,418,418,418,418],"floor_reached":16,"language":"ZHS","playtime":266,"items_purged":[],"score":166,"play_id":"5521add0-8cf7-47a6-ba33-7c12cc68f72d","local_time":"20210223205336","is_ascension_mode":true,"campfire_choices":[{"data":"Rip and Tear","floor":8,"key":"SMITH"},{"data":"Conserve Battery","floor":10,"key":"SMITH"},{"data":"Fusion","floor":12,"key":"SMITH"},{"data":"Steam","floor":15,"key":"SMITH"}],"circlet_count":0,"master_deck":["AscendersBane","Strike_B","Strike_B","Strike_B","Defend_B","Defend_B","Defend_B","Defend_B","Zap","Dualcast","Conserve Battery+1","Rebound","Streamline+1","Rip and Tear+1","Fusion+1","Steam+1"],"relics":["Cracked Core","NeowsBlessing","Golden Idol","Old Coin"],"acts_visited":["Exordium"],"potions_floor_usage":[14],"damage_taken":[{"damage":0,"enemies":"Small Slimes","floor":1,"turns":1},{"damage":0,"enemies":"Cultist","floor":3,"turns":1},{"damage":0,"enemies":"2 Louse","floor":4,"turns":1},{"damage":27,"enemies":"Exordium Thugs","floor":11,"turns":4},{"damage":8,"enemies":"Large Slime","floor":13,"turns":6},{"damage":5,"enemies":"Gremlin Gang","floor":14,"turns":2},{"damage":27,"enemies":"The Guardian","floor":16,"turns":5}],"seed_played":"806067403627045251","potions_obtained":[{"floor":13,"key":"AttackPotion"}],"is_trial":false,"path_per_floor":["M","?","M","M","$","?","?","R","T","R","M","R","M","M","R","B"],"character_chosen":"DEFECT","items_purchased":["Rip and Tear"],"campfire_rested":0,"item_purchase_floors":[5],"current_hp_per_floor":[64,64,64,64,64,64,64,64,64,64,37,37,29,24,24,0,0],"gold":418,"neow_bonus":"THREE_ENEMY_KILL","is_daily":false,"chose_seed":false,"campfire_upgraded":4,"win_rate":0.0,"timestamp":1614084816,"path_taken":["M","?","?","M","$","?","?","R","T","R","?","R","M","M","R","BOSS"],"items_purchased_type":["Card"],"build_version":"2020-12-22","purchased_purges":0,"victory":false,"max_hp_per_floor":[71,71,71,71,71,64,64,64,64,64,64,64,64,64,64,64,64],"card_choices":[{"not_picked":["Beam Cell","Leap"],"picked":"Conserve Battery","floor":1},{"not_picked":["Leap","Ball Lightning"],"picked":"Rebound","floor":3},{"not_picked":["Force Field","Defragment"],"picked":"Streamline","floor":4},{"not_picked":["Ball Lightning","Recycle"],"picked":"Fusion","floor":11},{"not_picked":["Coolheaded","Steam Power"],"picked":"Steam","floor":13},{"not_picked":["Heatsinks","Barrage","Conserve Battery"],"picked":"SKIP","floor":14}],"player_experience":1620956,"relics_obtained":[{"floor":9,"key":"Old Coin"}],"event_choices":[{"cards_removed":["Strike_B"],"damage_healed":0,"gold_gain":0,"player_choice":"Offered Basic","damage_taken":0,"max_hp_gain":0,"max_hp_loss":0,"event_name":"Bonfire Elementals","floor":2,"gold_loss":0},{"damage_healed":0,"gold_gain":0,"player_choice":"Lose Max HP","damage_taken":0,"relics_obtained":["Golden Idol"],"max_hp_gain":0,"max_hp_loss":7,"event_name":"Golden Idol","floor":6,"gold_loss":0},{"damage_healed":0,"gold_gain":0,"player_choice":"Upgraded","damage_taken":0,"max_hp_gain":0,"max_hp_loss":0,"event_name":"Upgrade Shrine","floor":7,"gold_loss":0,"cards_upgraded":["Streamline"]}],"is_beta":false,"boss_relics":[],"items_purged_floors":[],"is_endless":false,"potions_floor_spawned":[13],"killed_by":"The Guardian","ascension_level":16}}