{"host":"2mhgakmjhthqu3yt","time":1614093666,"event":{"mods":["AchievementEnabler","BaseMod","Block Reminder","Colored Powertips","Highlight Path","Minty Spire (QoL Compilation)","Quick Restart"],"gold_per_floor":[110,128,83,101,120,120,137,165,165,183,193,193,219,238,238,339,389,400,419,4,4,4],"floor_reached":21,"language":"ENG","playtime":1482,"items_purged":[],"score":205,"play_id":"2020b15b-cf12-4390-98f1-3f27c86ce4e7","local_time":"20210223162106","is_ascension_mode":true,"campfire_choices":[{"floor":6.0,"key":"REST"},{"floor":12.0,"key":"REST"},{"floor":15.0,"key":"REST"}],"circlet_count":0,"master_deck":["Strike_B","Strike_B","Strike_B","Strike_B","Defend_B","Defend_B","Defend_B","Defend_B","Zap","Dualcast","Melter","Cold Snap","Leap","Steam","Cold Snap","Capacitor","Gash","Conserve Battery+1","Loop","Hyperbeam","Coolheaded","Buffer","Defragment","Redo"],"relics":["Inserter","Torii","Pocketwatch","Tiny House","Juzu Bracelet","OrangePellets"],"acts_visited":["Exordium","TheCity"],"potions_floor_usage":[21,21,21],"damage_taken":[{"damage":4.0,"enemies":"2 Louse","floor":1.0,"turns":4.0},{"damage":5.0,"enemies":"Small Slimes","floor":2.0,"turns":4.0},{"damage":7.0,"enemies":"Cultist","floor":4.0,"turns":5.0},{"damage":6.0,"enemies":"Looter","floor":5.0,"turns":3.0},{"damage":3.0,"enemies":"2 Fungi Beasts","floor":7.0,"turns":5.0},{"damage":26.0,"enemies":"Lagavulin","floor":8.0,"turns":8.0},{"damage":0.0,"enemies":"Red Slaver","floor":10.0,"turns":5.0},{"damage":1.0,"enemies":"Blue Slaver","floor":11.0,"turns":6.0},{"damage":24.0,"enemies":"3 Sentries","floor":13.0,"turns":9.0},{"damage":10.0,"enemies":"2 Fungi Beasts","floor":14.0,"turns":4.0},{"damage":35.0,"enemies":"Slime Boss","floor":16.0,"turns":16.0},{"damage":2.0,"enemies":"Shell Parasite","floor":18.0,"turns":8.0},{"damage":54.0,"enemies":"2 Thieves","floor":19.0,"turns":4.0},{"damage":28,"enemies":"Snake Plant","floor":21,"turns":2}],"seed_played":"-7137465156986526623","potions_obtained":[{"floor":5.0,"key":"CultistPotion"},{"floor":8.0,"key":"LiquidMemories"},{"floor":10.0,"key":"SteroidPotion"},{"floor":13.0,"key":"PowerPotion"}],"is_trial":false,"path_per_floor":["M","M","$","M","M","R","M","E","T","M","M","R","E","M","R","B",null,"M","M","$","M"],"character_chosen":"DEFECT","items_purchased":["Leap","Defragment","Redo","Juzu Bracelet","OrangePellets"],"campfire_rested":3,"item_purchase_floors":[3,20,20,20,20],"current_hp_per_floor":[71,66,66,59,53,75,72,46,46,46,45,67,43,33,55,20,80,78,24,24,0,0],"gold":4,"neow_bonus":"BOSS_RELIC","is_daily":false,"chose_seed":false,"campfire_upgraded":0,"win_rate":0.0,"timestamp":1614093666,"path_taken":["M","M","$","M","M","R","M","E","T","M","M","R","E","M","R","BOSS","M","M","$","M"],"items_purchased_type":["Card","Card","Card","Relic","Relic"],"build_version":"2020-12-22","purchased_purges":0,"victory":false,"max_hp_per_floor":[75,75,75,75,75,75,75,75,75,75,75,75,75,75,75,75,80,80,80,80,80,80],"card_choices":[{"not_picked":["Gash","Loop"],"picked":"Melter","floor":1.0},{"not_picked":["Sweeping Beam","Rip and Tear"],"picked":"Cold Snap","floor":2.0},{"not_picked":["Melter","Aggregate"],"picked":"Steam","floor":4.0},{"not_picked":["Genetic Algorithm","Tempest","Undo"],"picked":"SKIP","floor":5.0},{"not_picked":["Beam Cell","Reprogram"],"picked":"Cold Snap","floor":7.0},{"not_picked":["Barrage","Glacier"],"picked":"Capacitor","floor":8.0},{"not_picked":["Cold Snap","Electrodynamics","Leap"],"picked":"SKIP","floor":10.0},{"not_picked":["Genetic Algorithm","White Noise"],"picked":"Gash","floor":11.0},{"not_picked":["Turbo","Streamline"],"picked":"Conserve Battery","floor":13.0},{"not_picked":["Coolheaded","White Noise"],"picked":"Loop","floor":14.0},{"not_picked":["Seek","Echo Form"],"picked":"Hyperbeam","floor":16.0},{"not_picked":["Heatsinks","Go for the Eyes+1"],"picked":"Coolheaded","floor":18.0},{"not_picked":["White Noise","Auto Shields"],"picked":"Buffer","floor":19.0}],"player_experience":101142,"relics_obtained":[{"floor":8.0,"key":"Torii"},{"floor":13.0,"key":"Pocketwatch"}],"event_choices":[],"is_beta":false,"boss_relics":[{"not_picked":["Sozu","Busted Crown"],"picked":"Tiny House"}],"items_purged_floors":[],"is_endless":false,"potions_floor_spawned":[5,8,10,11,13,14,16,18],"killed_by":"Snake Plant","ascension_level":1}}