{"host":"bf5upntvbdompq33","time":1614040831,"event":{"mods":["BaseMod","Bestiary","Colored Map","Colored Powertips","Curses Come First","Highlight Path","Minty Spire (QoL Compilation)","StSLib","ojb\u0027s Info Mod"],"gold_per_floor":[114,189,17,30,49,49,78,78,78,78,78,11,40,52,52,131,131,141,156,171,171,171,171,24,53,53,63,63,82,82,82],"floor_reached":30,"language":"ENG","playtime":1101,"items_purged":[],"score":467,"play_id":"8097227a-8220-4891-8569-7383759a70a3","local_time":"20210222174031","is_ascension_mode":true,"campfire_choices":[{"data":"Seeing Red","floor":6,"key":"SMITH"},{"data":"Perfected Strike","floor":8,"key":"SMITH"},{"data":"Bash","floor":10,"key":"SMITH"},{"data":"Pommel Strike","floor":15,"key":"SMITH"},{"floor":23,"key":"REST"}],"circlet_count":0,"master_deck":["AscendersBane","Strike_R","Strike_R","Strike_R","Strike_R","Strike_R","Defend_R","Defend_R","Defend_R","Defend_R","Bash+1","Perfected Strike+1","Twin Strike","Shrug It Off","Twin Strike","Seeing Red+1","Twin Strike","Fire Breathing","Armaments","Pommel Strike+1","Reaper","Headbutt","Wild Strike","Flame Barrier+1","Wild Strike","Madness","Spot Weakness","Reckless Charge","Pommel Strike"],"relics":["Burning Blood","Sling","Art of War","Darkstone Periapt","Ginger","Velvet Choker","Strawberry","Pear"],"acts_visited":["Exordium","TheCity"],"potions_floor_usage":[16,16,22,27],"damage_taken":[{"damage":6,"enemies":"Cultist","floor":1,"turns":3},{"damage":4,"enemies":"Small Slimes","floor":4,"turns":3},{"damage":1,"enemies":"2 Louse","floor":5,"turns":2},{"damage":16,"enemies":"Gremlin Nob","floor":7,"turns":3},{"damage":10,"enemies":"3 Sentries","floor":13,"turns":7},{"damage":8,"enemies":"Blue Slaver","floor":14,"turns":2},{"damage":38,"enemies":"Hexaghost","floor":16,"turns":7},{"damage":34,"enemies":"2 Thieves","floor":18,"turns":4},{"damage":0,"enemies":"Chosen","floor":19,"turns":4},{"damage":51,"enemies":"Centurion and Healer","floor":20,"turns":5},{"damage":0,"enemies":"Snake Plant","floor":22,"turns":2},{"damage":25,"enemies":"Book of Stabbing","floor":25,"turns":4},{"damage":22,"enemies":"Sentry and Sphere","floor":27,"turns":4},{"damage":34,"enemies":"3 Cultists","floor":29,"turns":5},{"damage":39,"enemies":"Colosseum Slavers","floor":30,"turns":3}],"seed_played":"-2400396684316956243","potions_obtained":[{"floor":7,"key":"FearPotion"},{"floor":13,"key":"Swift Potion"},{"floor":16,"key":"Swift Potion"},{"floor":20,"key":"SmokeBomb"},{"floor":27,"key":"FairyPotion"},{"floor":29,"key":"Swift Potion"}],"is_trial":false,"path_per_floor":["M","?","$","M","M","R","E","R","T","R","?","$","E","M","R","B",null,"M","M","M","?","M","R","$","E","T","M","$","M","?"],"character_chosen":"IRONCLAD","items_purchased":["Sling","Shrug It Off","Fire Breathing","Wild Strike","Madness"],"campfire_rested":1,"item_purchase_floors":[3,3,12,24,24],"current_hp_per_floor":[68,57,57,59,64,64,54,54,54,54,59,59,55,53,53,21,65,45,51,14,8,17,41,41,29,39,23,23,35,0,0],"gold":82,"neow_bonus":"THREE_CARDS","is_daily":false,"chose_seed":false,"campfire_upgraded":4,"win_rate":0.0,"timestamp":1614040831,"path_taken":["M","?","$","M","M","R","E","R","T","R","?","$","E","M","R","BOSS","M","M","M","?","?","R","?","E","T","M","$","M","?"],"items_purchased_type":["Relic","Card","Card","Card","Card"],"build_version":"2020-12-22","purchased_purges":0,"victory":false,"max_hp_per_floor":[75,75,75,75,75,75,75,75,75,75,80,80,80,80,80,80,80,80,80,80,80,80,80,80,87,97,97,97,97,97,97],"card_choices":[{"not_picked":["Cleave","Sentinel"],"picked":"Perfected Strike","floor":0},{"not_picked":["Carnage","Iron Wave"],"picked":"Twin Strike","floor":1},{"not_picked":["Clothesline","True Grit"],"picked":"Twin Strike","floor":4},{"not_picked":["Thunderclap","Flex"],"picked":"Seeing Red","floor":5},{"not_picked":["Havoc","True Grit"],"picked":"Twin Strike","floor":7},{"not_picked":["Body Slam","Iron Wave"],"picked":"Armaments","floor":13},{"not_picked":["Perfected Strike","Searing Blow"],"picked":"Pommel Strike","floor":14},{"not_picked":["Corruption","Feed"],"picked":"Reaper","floor":16},{"not_picked":["Rampage","Sentinel+1"],"picked":"Headbutt","floor":18},{"not_picked":["Blood for Blood","Ghostly Armor"],"picked":"Wild Strike","floor":19},{"not_picked":["Headbutt","Body Slam"],"picked":"Flame Barrier+1","floor":20},{"not_picked":["Carnage","Anger"],"picked":"Spot Weakness","floor":25},{"not_picked":["True Grit","Flex"],"picked":"Reckless Charge","floor":27},{"not_picked":["Corruption","Searing Blow+1"],"picked":"Pommel Strike","floor":29}],"player_experience":1706740,"relics_obtained":[{"floor":7,"key":"Art of War"},{"floor":9,"key":"Darkstone Periapt"},{"floor":13,"key":"Ginger"},{"floor":25,"key":"Strawberry"},{"floor":26,"key":"Pear"}],"event_choices":[{"damage_healed":0,"gold_gain":75,"player_choice":"Gather Gold","damage_taken":11,"max_hp_gain":0,"max_hp_loss":0,"event_name":"World of Goop","floor":2,"gold_loss":0},{"damage_healed":0,"gold_gain":0,"player_choice":"Donut","damage_taken":0,"max_hp_gain":5,"max_hp_loss":0,"event_name":"Big Fish","floor":11,"gold_loss":0},{"damage_healed":0,"gold_gain":0,"player_choice":"","damage_taken":6,"max_hp_gain":0,"max_hp_loss":0,"event_name":"Knowing Skull","floor":21,"potions_obtained":[],"gold_loss":0,"cards_obtained":[]},{"damage_healed":0,"gold_gain":0,"player_choice":"Fight","damage_taken":0,"max_hp_gain":0,"max_hp_loss":0,"event_name":"Colosseum","floor":30,"gold_loss":0}],"is_beta":false,"boss_relics":[{"not_picked":["Snecko Eye","Runic Cube"],"picked":"Velvet Choker"}],"items_purged_floors":[],"is_endless":false,"potions_floor_spawned":[7,13,14,16,20,27,29],"killed_by":"Colosseum Slavers","ascension_level":14}}