{"host":"tn4vcbjll0ykc2jj","time":1614078366,"event":{"mods":["ATMod(°¢èªMod)","Act Like it!","BaseMod","Colored Powertips","Gensokyo","Library of Ruina","Lobotomy","LobotomyExtend","Minty Spire (QoL Compilation)","MostiFishMod","Quick Restart","Relic Filter Mod","StSLib","TestMod","¡¾ÒÅÎï¿¨ÅÆ¡¿REMEMod"],"gold_per_floor":[13,28,28,28,428,454,473,66,66,82,162,162,189,114,114,114,114],"floor_reached":16,"language":"ZHS","playtime":878,"items_purged":["LightDefense"],"score":98,"play_id":"0666a1da-3be6-46d7-8ce7-fe9213ab461e","local_time":"20210223190606","is_ascension_mode":false,"campfire_choices":[{"data":"AT_FamilyPortrait","floor":15,"key":"SMITH"}],"circlet_count":0,"master_deck":["Dodge","LightAttack","LightAttack","LightAttack","LightDefense","LightDefense","LightDefense","ChargeAndCover","FocusedStrikes","Secret Technique","AT_FamilyPortrait+1","Faith","TheRedNotes","CoordinatedAssault"],"relics":["PageOfLibrarian","AT_ATBox","testmod-TestBox","REME_ComplimentaryCards","GuanYuAspect","testmod-MagicalMallet","SynthV:TestCard","LetterFromLob","testmod-Brilliant","AT_SunfireAegis","AT_BellowingDragoncrestRing","PageOfHappyTeddyBear","Happy Flower","AT_SpeedBoots"],"acts_visited":["Gensokyo:Gensokyo"],"potions_floor_usage":[],"damage_taken":[{"damage":0,"enemies":"Gensokyo:3_Fairies","floor":1,"turns":3},{"damage":3,"enemies":"Gensokyo:Python","floor":2,"turns":2},{"damage":41,"enemies":"Gensokyo:Aya","floor":6,"turns":6},{"damage":0,"enemies":"Gensokyo:Gryphon","floor":7,"turns":1},{"damage":0,"enemies":"Gensokyo:2_Rabbits","floor":10,"turns":1},{"damage":20,"enemies":"Gensokyo:Yukari","floor":16,"turns":2}],"seed_played":"6254010757213945443","potions_obtained":[{"floor":2,"key":"testmod-TimePotion"},{"floor":10,"key":"SpeedPotion"}],"is_trial":false,"path_per_floor":["M","M","COS","?","?","E","M","$","T","M","?","?","T","$","R","B"],"character_chosen":"Librarian","items_purchased":["AT_SunfireAegis","AT_BellowingDragoncrestRing"],"campfire_rested":0,"item_purchase_floors":[8,8],"current_hp_per_floor":[36,38,38,38,38,3,6,6,6,11,11,11,11,11,11,0,0],"gold":114,"neow_bonus":"TWENTY_PERCENT_HP_BONUS","is_daily":false,"chose_seed":false,"campfire_upgraded":1,"win_rate":0.0,"timestamp":1614078366,"path_taken":["M","M","COS","?","?","E","M","$","T","M","?","?","?","?","R","BOSS"],"items_purchased_type":["Relic","Relic"],"build_version":"2020-12-22","purchased_purges":1,"victory":false,"max_hp_per_floor":[46,38,38,38,38,52,52,52,52,52,52,52,52,52,46,46,46],"card_choices":[{"not_picked":["FleetFootsteps","EnergyShield","Quickness","InnerArdor","WillOfThePrescript","Castigation","CoordinatedAssault","DarkCloud"],"picked":"Faith","floor":1},{"not_picked":["Thrust","FleetEdge","CutIn","FlowOfTheSword","CoordinatedAssault","TrashDisposal","Quickness","AutomatedMovement","Bvapour","DefenseOrder"],"picked":"TheRedNotes","floor":2},{"not_picked":["QuickSuppression","ViolentFlame","GuidanceOfTheGears","TheArtOfRapidSteps","DesperateStruggle","FieryWaltz","UnforgettableMelody","Mutilate","ToWhereThePrescriptPoints","Reload"],"picked":"FaintMemories","floor":6},{"not_picked":["BulkyImpact","SmokingPipe","Riposte","Eliminate","WillOfThePrescript","PreemptiveStrike","SilentNight","Reload","DriedUp","PinpointShot"],"picked":"CoordinatedAssault","floor":7},{"not_picked":["AsThePrescriptOrders","PuppetBlockade","Leap_lor","StrongStrike","UpbeatPerformance","HandleRequest","RulesOfTheBackstreets","GreatSerpentsImpact","DriedUp","WillBeTasty","DarkCloud"],"picked":"SKIP","floor":10}],"player_experience":117853,"relics_obtained":[{"floor":1,"key":"SynthV:TestCard"},{"floor":1,"key":"LetterFromLob"},{"floor":6,"key":"testmod-Brilliant"},{"floor":9,"key":"PageOfHappyTeddyBear"},{"floor":13,"key":"AT_SpeedBoots"}],"event_choices":[{"damage_healed":0,"gold_gain":400,"player_choice":"Sell","damage_taken":0,"max_hp_gain":0,"max_hp_loss":0,"event_name":"¶÷ÂåË¹µÄÅÌ×Ó","floor":5,"relics_lost":["DaveBox"],"gold_loss":0}],"is_beta":false,"boss_relics":[],"items_purged_floors":[14],"is_endless":false,"potions_floor_spawned":[2,10],"killed_by":"Gensokyo:Yukari","ascension_level":0}}