{"host":"8anmd7ibyxevnonj","time":1614075511,"event":{"mods":["BaseMod","Curses Come First","Downfall","Minty Spire (QoL Compilation)","Reliquary","StSLib"],"gold_per_floor":[0,13,13,32,44,57,57,91,91,91,123,138,138,150,167,263,263,263,275,275,0,0,0,0,18,31,31,31,31],"floor_reached":27,"language":"ENG","playtime":1869,"items_purged":[],"score":248,"play_id":"2a5e3290-3d84-4dec-a89f-dc54b18f0b5b","local_time":"20210223111831","is_ascension_mode":true,"campfire_choices":[{"data":"Slimebound:Split","floor":1,"key":"SMITH"},{"data":"Slimebound:SplitSpecialist","floor":13,"key":"SMITH"},{"data":"Slimebound:PrepareCrush","floor":18,"key":"SMITH"}],"circlet_count":0,"master_deck":["Slimebound:Strike_Slimebound","Slimebound:Strike_Slimebound","Slimebound:Tackle","Slimebound:Defend_Slimebound","Slimebound:Defend_Slimebound","Slimebound:Defend_Slimebound","Slimebound:Defend_Slimebound+1","Slimebound:Split+1","Slimebound:CorrosiveSpit","Slimebound:DisruptingSlam","Slimebound:Gluttony","Slimebound:FlameTackle","Slimebound:Nibble","Slimebound:PressTheAttack+1","Slimebound:LeadByExample+1","Slimebound:SplitSpecialist+1","Slimebound:ForwardTackle","Slimebound:Repurpose","Slimebound:PrepareCrush+1","Slimebound:SplitSpecialist","Slimebound:Prepare","Slimebound:LivingWall","Slimebound:RollThrough","Slimebound:Gluttony"],"relics":["Slimebound:AbsorbEndCombat","Gambling Chip","Ornamental Fan","reliquary:Firecrackers","reliquary:JackalopeAntler","Mango","reliquary:WritOfMandamus","Matryoshka","Nilry\u0027s Codex","Nunchaku"],"acts_visited":["Exordium","TheCity"],"potions_floor_usage":[15],"damage_taken":[{"damage":3,"enemies":"Jaw Worm","floor":2,"turns":4},{"damage":3,"enemies":"Cultist","floor":4,"turns":4},{"damage":2,"enemies":"Small Slimes","floor":5,"turns":3},{"damage":8,"enemies":"Blue Slaver","floor":6,"turns":4},{"damage":7,"enemies":"Lagavulin","floor":8,"turns":6},{"damage":28,"enemies":"3 Sentries","floor":11,"turns":6},{"damage":6,"enemies":"3 Louse","floor":12,"turns":3},{"damage":3,"enemies":"Red Slaver","floor":14,"turns":4},{"damage":0,"enemies":"Large Slime","floor":15,"turns":4},{"damage":34,"enemies":"WA_ARCHETYPE_RETAIN","floor":16,"turns":6},{"damage":15,"enemies":"Shell Parasite","floor":19,"turns":4},{"damage":0,"enemies":"downfall:FleeingMerchant","floor":21,"turns":4},{"damage":8,"enemies":"Chosen","floor":25,"turns":4},{"damage":12,"enemies":"Snake Plant","floor":26,"turns":4},{"damage":49,"enemies":"Slavers","floor":27,"turns":2}],"seed_played":"-8441878428714427973","potions_obtained":[{"floor":5,"key":"BlessingOfTheForge"},{"floor":8,"key":"SneckoOil"},{"floor":11,"key":"PowerPotion"},{"floor":16,"key":"BlessingOfTheForge"},{"floor":25,"key":"GamblersBrew"}],"is_trial":false,"path_per_floor":["R","M","?","M","M","M","T","E","?","?","E","M","R","M","M","B",null,"R","M","?","$","?","?","T","M","M","E"],"character_chosen":"SLIMEBOUND","items_purchased":["Matryoshka"],"campfire_rested":0,"item_purchase_floors":[21],"current_hp_per_floor":[65,65,65,65,65,61,61,58,58,58,50,46,46,49,57,31,79,79,70,70,78,78,62,62,60,48,0,0,0],"gold":31,"neow_bonus":"ONE_RARE_RELIC","is_daily":false,"chose_seed":false,"campfire_upgraded":3,"win_rate":0.0,"timestamp":1614075511,"path_taken":["R","M","?","M","M","?","T","E","?","?","E","M","R","M","M","BOSS","R","M","?","$","?","?","T","M","M","E"],"items_purchased_type":["Relic"],"build_version":"2020-12-13","purchased_purges":0,"victory":false,"max_hp_per_floor":[65,65,65,65,65,65,65,65,65,65,79,79,79,79,79,79,79,79,79,79,79,79,79,79,79,79,79,79,79],"card_choices":[{"not_picked":["Slimebound:SplitBruiser","Slimebound:GoopSpray"],"picked":"Slimebound:DisruptingSlam","floor":2},{"not_picked":["Slimebound:HungryTackle","Slimebound:SamplingLick"],"picked":"Slimebound:FlameTackle","floor":4},{"not_picked":["Slimebound:SamplingLick","Slimebound:ItLooksTasty"],"picked":"Slimebound:Nibble","floor":5},{"not_picked":["Slimebound:PrepareCrush","Slimebound:ForwardTackle"],"picked":"Slimebound:PressTheAttack","floor":6},{"not_picked":["Slimebound:RejuvenatingLick","Slimebound:Schlurp"],"picked":"Slimebound:LeadByExample","floor":8},{"not_picked":["Slimebound:SlimeBrawl","Slimebound:RainOfGoop"],"picked":"Slimebound:SplitSpecialist","floor":11},{"not_picked":["Slimebound:LivingWall","Slimebound:RollThrough"],"picked":"Slimebound:ForwardTackle","floor":12},{"not_picked":["Slimebound:RollThrough","Slimebound:LeechingTouch","Slimebound:SplitBruiser"],"picked":"SKIP","floor":14},{"not_picked":["Slimebound:ProtectTheBoss","Slimebound:SplitAcid"],"picked":"Slimebound:Repurpose","floor":15},{"not_picked":["Slimebound:WasteNot","Slimebound:SlimeSlap"],"picked":"Slimebound:PrepareCrush","floor":16},{"not_picked":["Slimebound:Nibble+1","Slimebound:FlameTackle"],"picked":"Slimebound:SplitSpecialist","floor":19},{"not_picked":["Slimebound:Grow","Slimebound:LeechEnergy"],"picked":"Slimebound:LivingWall","floor":21},{"not_picked":["Slimebound:LivingWall","Slimebound:ViciousTackle"],"picked":"Slimebound:RollThrough","floor":25},{"not_picked":["Slimebound:GoopTackle","Slimebound:SplitLeeching"],"picked":"Slimebound:Gluttony","floor":26}],"player_experience":187457,"relics_obtained":[{"floor":7,"key":"Ornamental Fan"},{"floor":8,"key":"reliquary:Firecrackers"},{"floor":11,"key":"Mango"},{"floor":23,"key":"Nilry\u0027s Codex"},{"floor":24,"key":"Nunchaku"}],"event_choices":[{"damage_healed":0,"gold_gain":0,"player_choice":"Read","damage_taken":0,"max_hp_gain":0,"max_hp_loss":0,"event_name":"The Library","floor":20,"gold_loss":0,"cards_obtained":["Slimebound:Prepare"]}],"is_beta":false,"boss_relics":[{"not_picked":["Fusion Hammer","Slimebound:TarBlob"],"picked":"reliquary:WritOfMandamus"}],"items_purged_floors":[],"is_endless":false,"potions_floor_spawned":[5,8,11,16,25],"killed_by":"Slavers","ascension_level":2}}