{"host":"3y2rtlgteqp2nuo3","time":1614104689,"event":{"mods":["2.2 Compatiblity","AchievementEnabler","BaseMod","Colored Map","DeckTracker","Highlight Path","Keyboard Shortcuts","Minty Spire (QoL Compilation)","Permanent Neow","Quick Restart","StSLib","SuperFastMode","everything is the same but u backflip on backflip"],"gold_per_floor":[110,123,134,152,165,165,176,205,232,23,50,50,68,68,68,141,141,155,173,88,25,37,49,49],"floor_reached":23,"language":"KOR","playtime":575,"items_purged":["Strike_B"],"score":376,"play_id":"86e997ae-76cf-467a-951b-a210ec9e6b65","local_time":"20210224032449","is_ascension_mode":true,"campfire_choices":[{"data":"Zap","floor":6,"key":"SMITH"},{"data":"Electrodynamics","floor":12,"key":"SMITH"},{"data":"Go for the Eyes","floor":15,"key":"SMITH"}],"circlet_count":0,"master_deck":["AscendersBane","Strike_B","Defend_B","Defend_B","Defend_B","Defend_B","Zap+1","Dualcast","Hologram","Electrodynamics+1","BootSequence","Leap","Reinforced Body","Go for the Eyes+1","Cold Snap","Darkness+1","Steam+1","Amplify+1","Sweeping Beam","Biased Cognition","Genetic Algorithm+1","Coolheaded+1","Decay"],"relics":["Cracked Core","Toxic Egg 2","MealTicket","Boot","Runic Pyramid","MawBank"],"acts_visited":["Exordium","TheCity"],"potions_floor_usage":[11],"damage_taken":[{"damage":2.0,"enemies":"Cultist","floor":1.0,"turns":4.0},{"damage":16,"enemies":"Jaw Worm","floor":2,"turns":5},{"damage":3,"enemies":"Small Slimes","floor":3,"turns":4},{"damage":11,"enemies":"Exordium Thugs","floor":4,"turns":4},{"damage":7,"enemies":"Lots of Slimes","floor":5,"turns":3},{"damage":0,"enemies":"2 Fungi Beasts","floor":7,"turns":3},{"damage":13,"enemies":"Lagavulin","floor":8,"turns":8},{"damage":3,"enemies":"3 Sentries","floor":11,"turns":5},{"damage":0,"enemies":"Large Slime","floor":13,"turns":6},{"damage":8,"enemies":"Hexaghost","floor":16,"turns":12},{"damage":12,"enemies":"3 Byrds","floor":18,"turns":4},{"damage":19,"enemies":"Shell Parasite","floor":19,"turns":5},{"damage":16,"enemies":"Book of Stabbing","floor":23,"turns":5}],"seed_played":"6446906741940703670","potions_obtained":[{"floor":2,"key":"PotionOfCapacity"},{"floor":4,"key":"FearPotion"},{"floor":11,"key":"EssenceOfSteel"}],"is_trial":false,"path_per_floor":["M","M","M","M","M","R","M","E","T","$","E","R","M","$","R","B",null,"M","M","?","?","?","E"],"character_chosen":"DEFECT","items_purchased":["Darkness+1","Steam+1"],"campfire_rested":0,"item_purchase_floors":[10,10],"current_hp_per_floor":[62,46,43,32,25,25,25,12,12,27,24,24,24,39,39,31,61,49,30,30,30,30,14,14],"gold":49,"neow_bonus":"REMOVE_CARD","is_daily":false,"chose_seed":false,"campfire_upgraded":3,"win_rate":0.0,"timestamp":1614104689,"path_taken":["M","M","M","M","M","R","?","E","T","$","E","R","M","$","R","BOSS","M","?","?","?","?","E"],"items_purchased_type":["Card","Card"],"build_version":"2020-12-22","purchased_purges":1,"victory":false,"max_hp_per_floor":[71,71,71,71,71,71,71,71,71,71,71,71,71,71,71,71,71,71,71,71,71,71,71,71],"card_choices":[{"not_picked":["Beam Cell","Rebound"],"picked":"Hologram","floor":1.0},{"not_picked":["Redo","Loop"],"picked":"Electrodynamics","floor":2},{"not_picked":["Compile Driver","Force Field"],"picked":"BootSequence","floor":3},{"not_picked":["Heatsinks","Hologram"],"picked":"Leap","floor":4},{"not_picked":["Streamline","Go for the Eyes"],"picked":"Reinforced Body","floor":5},{"not_picked":["Streamline","Conserve Battery"],"picked":"Go for the Eyes","floor":7},{"not_picked":["Consume+1","Auto Shields+1"],"picked":"Cold Snap","floor":8},{"not_picked":["Reinforced Body+1","Redo+1"],"picked":"Amplify+1","floor":11},{"not_picked":["Leap+1","Hologram+1"],"picked":"Sweeping Beam","floor":13},{"not_picked":["Hyperbeam","Amplify+1"],"picked":"Biased Cognition","floor":16},{"not_picked":["Cold Snap","Recycle+1"],"picked":"Genetic Algorithm+1","floor":18},{"not_picked":["Storm+1","Sweeping Beam"],"picked":"Coolheaded+1","floor":19}],"player_experience":794507,"relics_obtained":[{"floor":8,"key":"Toxic Egg 2"},{"floor":9,"key":"MealTicket"},{"floor":11,"key":"Boot"}],"event_choices":[{"damage_healed":0,"gold_gain":0,"player_choice":"Obtained Relic","damage_taken":0,"relics_obtained":["MawBank"],"max_hp_gain":0,"max_hp_loss":0,"event_name":"Addict","floor":20,"gold_loss":85},{"cards_removed":["Strike_B"],"damage_healed":0,"gold_gain":0,"player_choice":"Gave Gold","damage_taken":0,"max_hp_gain":0,"max_hp_loss":0,"event_name":"Beggar","floor":21,"gold_loss":75},{"damage_healed":0,"gold_gain":0,"player_choice":"Smashed Altar","damage_taken":0,"max_hp_gain":0,"max_hp_loss":0,"event_name":"Forgotten Altar","floor":22,"gold_loss":0,"cards_obtained":["Decay"]}],"is_beta":false,"boss_relics":[{"not_picked":["Black Star","Velvet Choker"],"picked":"Runic Pyramid"}],"items_purged_floors":[10],"is_endless":false,"potions_floor_spawned":[2,4,7,11,13,16,18],"killed_by":"Book of Stabbing","ascension_level":17}}