{"host":"qhn6g0owdgjb77rz","time":1610161923,"event":{"mods":["BaseMod","BetterRewards","Colored Map","Minty Spire (QoL Compilation)","Relic Sorter","Replay The Spire","StSLib"],"gold_per_floor":[118,132,132,132,149,176,176,176,176,205,265,279,279,289,289,393,493,503,516,186,203,653,653,678,678,725,759,509,509,522,540,540,540,540],"floor_reached":33,"playtime":1372,"items_purged":["Defend_B","Defend_B"],"score":440,"play_id":"53d64cd6-1c36-4069-849c-074e00ed13e1","local_time":"20210109121203","is_ascension_mode":true,"campfire_choices":[{"data":"Reprogram","floor":8.0,"key":"SMITH"},{"data":"Sunder","floor":13,"key":"SMITH"},{"data":"Fusion","floor":15,"key":"SMITH"},{"data":"Scrape","floor":23,"key":"SMITH"},{"data":"Beam Cell","floor":25,"key":"SMITH"},{"data":"Reboot","floor":29,"key":"SMITH"},{"floor":32,"key":"REST"}],"circlet_count":0,"master_deck":["Strike_B","Strike_B","Strike_B","Defend_B","Defend_B","Zap","Dualcast","Gash","Sunder+1","Reprogram+1","Scrape+1","Beam Cell+1","Fusion+1","Reboot+1","Conserve Battery+1","Steam","Steam+1","Reprogram+1"],"relics":["Cracked Core","Ornamental Fan","Replay:Bottled Flurry","Lantern","Anchor","Replay:Wanted Poster","Replay:Bottled Snecko","ReplayTheSpireMod:Shallot","Akabeko","Replay:Mystery Machine","DollysMirror"],"acts_visited":["Exordium","TheCity"],"potions_floor_usage":[21,24,31,33,33],"damage_taken":[{"damage":2.0,"enemies":"Small Slimes","floor":1.0,"turns":4.0},{"damage":0.0,"enemies":"2 Louse","floor":2.0,"turns":2.0},{"damage":0.0,"enemies":"Cultist","floor":5.0,"turns":2.0},{"damage":12.0,"enemies":"3 Sentries","floor":6.0,"turns":6.0},{"damage":8.0,"enemies":"Lagavulin","floor":10.0,"turns":8.0},{"damage":2,"enemies":"Exordium Thugs","floor":12,"turns":4},{"damage":0,"enemies":"Looter","floor":14,"turns":1},{"damage":0,"enemies":"Slime Boss","floor":16,"turns":6},{"damage":0,"enemies":"Chosen","floor":18,"turns":3},{"damage":0,"enemies":"2 Thieves","floor":19,"turns":3},{"damage":6,"enemies":"Shelled Parasite and Fungi","floor":21,"turns":7},{"damage":0,"enemies":"Slavers","floor":24,"turns":6},{"damage":0,"enemies":"Replay:Snechameleon","floor":27,"turns":3},{"damage":0,"enemies":"Snecko","floor":30,"turns":3},{"damage":11,"enemies":"Snake Plant","floor":31,"turns":4},{"damage":53,"enemies":"Champ","floor":33,"turns":8}],"seed_played":"3490720502494906170","potions_obtained":[{"floor":4.0,"key":"Doom Potion"},{"floor":4.0,"key":"Flashbang"},{"floor":4.0,"key":"Block Potion"},{"floor":6.0,"key":"SteroidPotion"},{"floor":10.0,"key":"Block Potion"},{"floor":11.0,"key":"Strength Potion"},{"floor":21,"key":"DistilledChaos"},{"floor":27,"key":"SpeedPotion"},{"floor":30,"key":"AttackPotion"}],"is_trial":false,"path_per_floor":["M","M","?","?","M","E","T","R","T","E","?","M","R","M","R","B",null,"M","M","$","M","?","R","E","R","T","E","$","R","M","M","R","B"],"character_chosen":"DEFECT","items_purchased":["Replay:Bottled Snecko","DollysMirror"],"campfire_rested":1,"item_purchase_floors":[20,28],"current_hp_per_floor":[80,80,80,80,80,68,68,68,68,60,60,58,58,58,58,58,82,82,82,82,76,30,30,30,30,30,30,30,30,30,19,43,0,0],"gold":540,"neow_bonus":"TEN_PERCENT_HP_BONUS","is_daily":false,"chose_seed":false,"campfire_upgraded":6,"win_rate":0.0,"timestamp":1610161923,"path_taken":["M","M","?","?","?","E","?","R","T","E","?","M","R","M","R","BOSS","M","M","$","M","?","R","E","R","T","E","?","R","M","M","R","BOSS"],"items_purchased_type":["Relic","Relic"],"build_version":"2020-12-22","purchased_purges":2,"victory":false,"max_hp_per_floor":[82,82,82,82,82,82,82,82,82,82,82,82,82,82,82,82,82,82,82,82,82,82,82,82,82,82,82,82,82,82,82,82,82,82],"card_choices":[{"not_picked":["Redo","Coolheaded"],"picked":"Gash","floor":1.0},{"not_picked":["Panic Button","Time Bomb"],"picked":"Sunder","floor":2.0},{"not_picked":["Barrage","Redo","Panic Button"],"picked":"SKIP","floor":5.0},{"not_picked":["BasicCrystalCard","Undo"],"picked":"Reprogram","floor":6.0},{"not_picked":["ReplayTheSpireMod:System Scan","Chill"],"picked":"Scrape","floor":10.0},{"not_picked":["Sunder","Go for the Eyes"],"picked":"Beam Cell","floor":11.0},{"not_picked":["Turbo","Heatsinks"],"picked":"Fusion","floor":12},{"not_picked":["FIFO Queue","Crystallizer","Sunder"],"picked":"SKIP","floor":14},{"not_picked":["Meteor Strike","ReplayTheSpireMod:Fabricate Wheel"],"picked":"Reboot","floor":16},{"not_picked":["Leap","Cold Snap+1"],"picked":"Conserve Battery+1","floor":18},{"not_picked":["Hello World","Rebound"],"picked":"Steam","floor":19},{"not_picked":["Crystallizer","Go for the Eyes"],"picked":"Steam+1","floor":21},{"not_picked":["Creative AI","BootSequence","Redo"],"picked":"SKIP","floor":24},{"not_picked":["Glacier","Turbo","Barrage"],"picked":"SKIP","floor":27},{"not_picked":["Leap","Ball Lightning","Undo"],"picked":"SKIP","floor":30},{"not_picked":["ReplayTheSpireMod:System Scan","Stack","Ball Lightning+1"],"picked":"SKIP","floor":31}],"player_experience":439221,"relics_obtained":[{"floor":6.0,"key":"Ornamental Fan"},{"floor":7.0,"key":"Replay:Bottled Flurry"},{"floor":9.0,"key":"Lantern"},{"floor":10.0,"key":"Anchor"},{"floor":24,"key":"ReplayTheSpireMod:Shallot"},{"floor":26,"key":"Akabeko"},{"floor":27,"key":"Replay:Mystery Machine"}],"event_choices":[{"cards_removed":["Strike_B"],"damage_healed":0.0,"max_hp_gain":0.0,"max_hp_loss":0.0,"gold_gain":0.0,"event_name":"Living Wall","player_choice":"Forget","floor":3.0,"gold_loss":0.0,"damage_taken":0.0},{"damage_healed":0.0,"max_hp_gain":0.0,"max_hp_loss":0.0,"gold_gain":0.0,"event_name":"Lab","player_choice":"Got Potions","floor":4.0,"gold_loss":0.0,"damage_taken":0.0},{"damage_healed":0,"gold_gain":450,"player_choice":"GOLD GOLD GOLD GOLD GOLD ","damage_taken":46,"max_hp_gain":0,"max_hp_loss":0,"event_name":"Knowing Skull","floor":22,"potions_obtained":[],"gold_loss":0,"cards_obtained":[]}],"is_beta":false,"boss_relics":[{"not_picked":["Ring of Chaos","Calling Bell"],"picked":"Replay:Wanted Poster"}],"items_purged_floors":[20,28],"is_endless":false,"potions_floor_spawned":[6,10,12,18,21,27,30],"killed_by":"Champ","ascension_level":1}}