{"host":"q8niu1x2pgv94o1d","time":1610192355,"event":{"mods":["AchievementEnabler","BaseMod","Colored Map","Colored Powertips","Minty Spire (QoL Compilation)","StSLib"],"gold_per_floor":[114,131,147,166,91,91,91,91,91,91,126,141,154,104,104,201,201,215,225,225,44,44,44,44,44,117,117,130,5,5,32,32,130,130,143,143,162,175,185,185,185,195,218,236,86,96,96,96,96,96,96],"floor_reached":50,"playtime":3553,"items_purged":["Defend_P","Defend_P","Strike_P","Strike_P"],"score":510,"play_id":"265119ca-00d4-4a9e-9029-d6a02316c3e4","local_time":"20210109123915","is_ascension_mode":true,"campfire_choices":[{"data":"Eruption","floor":6.0,"key":"SMITH"},{"data":"Crescendo","floor":15,"key":"SMITH"},{"data":"ClearTheMind","floor":23,"key":"SMITH"},{"data":"DeusExMachina","floor":25,"key":"SMITH"},{"floor":32,"key":"REST"},{"floor":40,"key":"REST"},{"data":"CrushJoints","floor":49,"key":"SMITH"}],"circlet_count":0,"master_deck":["Eruption+1","Vigilance","BowlingBash+1","SignatureMove+1","Sanctity+1","Crescendo+1","DeusExMachina+1","EmptyBody","ClearTheMind+1","FearNoEvil","RitualDagger","Eruption","CrushJoints+1","DeceiveReality+1","Doubt"],"relics":["Astrolabe"],"acts_visited":["Exordium","TheCity","TheBeyond"],"potions_floor_usage":[16,31,37,50],"damage_taken":[{"damage":0.0,"enemies":"Cultist","floor":1.0,"turns":2.0},{"damage":6.0,"enemies":"Jaw Worm","floor":2.0,"turns":2.0},{"damage":0.0,"enemies":"Small Slimes","floor":3.0,"turns":2.0},{"damage":5.0,"enemies":"Exordium Wildlife","floor":4.0,"turns":3.0},{"damage":14,"enemies":"3 Sentries","floor":11,"turns":6},{"damage":14,"enemies":"Blue Slaver","floor":12,"turns":4},{"damage":12,"enemies":"3 Louse","floor":13,"turns":2},{"damage":9,"enemies":"Hexaghost","floor":16,"turns":5},{"damage":0,"enemies":"Shell Parasite","floor":18,"turns":1},{"damage":0,"enemies":"Spheric Guardian","floor":19,"turns":2},{"damage":6,"enemies":"Centurion and Healer","floor":28,"turns":4},{"damage":15,"enemies":"Gremlin Leader","floor":31,"turns":4},{"damage":59,"enemies":"Automaton","floor":33,"turns":10},{"damage":0,"enemies":"Orb Walker","floor":35,"turns":1},{"damage":7,"enemies":"3 Shapes","floor":37,"turns":3},{"damage":46,"enemies":"Maw","floor":38,"turns":8},{"damage":4,"enemies":"Transient","floor":39,"turns":5},{"damage":7,"enemies":"Jaw Worm Horde","floor":42,"turns":2},{"damage":0,"enemies":"Sphere and 2 Shapes","floor":44,"turns":5},{"damage":1,"enemies":"4 Shapes","floor":46,"turns":7},{"damage":78,"enemies":"Awakened One","floor":50,"turns":14}],"seed_played":"8855521380716714555","potions_obtained":[{"floor":2.0,"key":"Block Potion"},{"floor":12,"key":"Dexterity Potion"},{"floor":13,"key":"BottledMiracle"},{"floor":19,"key":"SteroidPotion"},{"floor":33,"key":"Weak Potion"},{"floor":39,"key":"Ambrosia"},{"floor":42,"key":"AttackPotion"},{"floor":44,"key":"SteroidPotion"}],"is_trial":false,"path_per_floor":["M","M","M","M","$","R","?","?","T","?","E","M","M","?","R","B",null,"M","M","?","$","?","R","$","R","T","T","M","$","?","E","R","B",null,"M","?","M","M","M","R","?","M","T","M","$","M","?","?","R","B"],"character_chosen":"WATCHER","items_purchased":["FearNoEvil"],"campfire_rested":2,"item_purchase_floors":[21],"current_hp_per_floor":[72,66,66,61,61,61,61,61,61,61,47,33,21,21,21,12,72,72,72,72,72,72,72,72,72,72,72,66,66,60,45,66,7,72,72,72,65,19,15,36,36,29,29,29,29,28,28,72,72,0,0],"gold":96,"neow_bonus":"BOSS_RELIC","is_daily":false,"chose_seed":false,"campfire_upgraded":5,"win_rate":0.0,"timestamp":1610192355,"path_taken":["M","M","M","?","$","R","?","?","T","?","E","?","M","?","R","BOSS","M","M","?","$","?","R","$","R","T","?","?","$","?","E","R","BOSS","M","?","?","M","M","R","?","?","T","M","$","M","?","?","R","BOSS"],"items_purchased_type":["Card"],"build_version":"2020-12-22","purchased_purges":4,"victory":false,"max_hp_per_floor":[72,72,72,72,72,72,72,72,72,72,72,72,72,72,72,72,72,72,72,72,72,72,72,72,72,72,72,72,72,72,72,72,72,72,72,72,72,72,72,72,72,72,72,72,72,72,72,72,72,72,72],"card_choices":[{"not_picked":["FlyingSleeves","WindmillStrike","Evaluate"],"picked":"SKIP","floor":1.0},{"not_picked":["FlyingSleeves","SashWhip","Protect"],"picked":"SKIP","floor":2.0},{"not_picked":["Protect","Meditate","Pray"],"picked":"SKIP","floor":3.0},{"not_picked":["Worship","ThirdEye","SashWhip"],"picked":"SKIP","floor":4.0},{"not_picked":["Weave","Perseverance","FlyingSleeves"],"picked":"SKIP","floor":11},{"not_picked":["Fasting2","Halt","Pray"],"picked":"SKIP","floor":12},{"not_picked":["WindmillStrike","BowlingBash"],"picked":"Crescendo","floor":13},{"not_picked":["Omniscience","Vault"],"picked":"DeusExMachina","floor":16},{"not_picked":["WindmillStrike","Conclude+1"],"picked":"EmptyBody","floor":18},{"not_picked":["Crescendo","BowlingBash"],"picked":"ClearTheMind","floor":19},{"not_picked":["Indignation","Conclude","SignatureMove"],"picked":"SKIP","floor":28},{"not_picked":["Indignation","Conclude","SignatureMove"],"picked":"SKIP","floor":28},{"not_picked":["PathToVictory+1","Evaluate","Judgement"],"picked":"SKIP","floor":31},{"not_picked":["ReachHeaven","Perseverance","Protect+1"],"picked":"SKIP","floor":35},{"not_picked":["JustLucky+1","Consecrate+1","ForeignInfluence+1"],"picked":"SKIP","floor":37},{"not_picked":["Collect","Consecrate+1"],"picked":"CrushJoints","floor":38},{"not_picked":["Sanctity","Nirvana+1","CrushJoints"],"picked":"SKIP","floor":39},{"not_picked":["SandsOfTime","FlyingSleeves+1"],"picked":"DeceiveReality+1","floor":42},{"not_picked":["Meditate","LikeWater","Worship"],"picked":"SKIP","floor":44},{"not_picked":["Study","Wish","EmptyBody"],"picked":"SKIP","floor":46}],"player_experience":1758168,"relics_obtained":[],"event_choices":[{"damage_healed":0.0,"max_hp_gain":0.0,"max_hp_loss":0.0,"gold_gain":0.0,"event_name":"Scrap Ooze","player_choice":"Fled","floor":7.0,"gold_loss":0.0,"damage_taken":0.0},{"damage_healed":0,"gold_gain":0,"player_choice":"Searched \u00270\u0027 times","damage_taken":0,"max_hp_gain":0,"max_hp_loss":0,"event_name":"Dead Adventurer","floor":8,"gold_loss":0},{"damage_healed":0,"gold_gain":0,"player_choice":"Ignored","damage_taken":0,"max_hp_gain":0,"max_hp_loss":0,"event_name":"Liars Game","floor":10,"gold_loss":0},{"cards_removed":["Strike_P"],"damage_healed":0,"gold_gain":0,"player_choice":"Card Removal","damage_taken":0,"max_hp_gain":0,"max_hp_loss":0,"event_name":"The Cleric","floor":14,"gold_loss":50},{"damage_healed":0,"gold_gain":0,"player_choice":"Ignored","damage_taken":0,"max_hp_gain":0,"max_hp_loss":0,"event_name":"Cursed Tome","floor":20,"gold_loss":0},{"damage_healed":0,"gold_gain":0,"player_choice":"Ignored","damage_taken":0,"max_hp_gain":0,"max_hp_loss":0,"event_name":"The Mausoleum","floor":22,"gold_loss":0},{"damage_healed":0,"gold_gain":0,"player_choice":"Joined the Cult","damage_taken":6,"max_hp_gain":0,"max_hp_loss":0,"event_name":"Nest","floor":30,"gold_loss":0,"cards_obtained":["RitualDagger"]},{"damage_healed":0,"gold_gain":0,"player_choice":"1 cards matched","damage_taken":0,"max_hp_gain":0,"max_hp_loss":0,"event_name":"Match and Keep!","floor":36,"gold_loss":0,"cards_obtained":["Eruption"]},{"damage_healed":0,"gold_gain":0,"player_choice":"Bought 0 Potions","damage_taken":0,"max_hp_gain":0,"max_hp_loss":0,"event_name":"The Woman in Blue","floor":41,"gold_loss":0},{"damage_healed":0,"gold_gain":0,"player_choice":"Ignored","damage_taken":0,"max_hp_gain":0,"max_hp_loss":0,"event_name":"Mysterious Sphere","floor":47,"gold_loss":0},{"damage_healed":44,"gold_gain":0,"player_choice":"Heal","damage_taken":0,"max_hp_gain":0,"max_hp_loss":0,"event_name":"MindBloom","floor":48,"gold_loss":0,"cards_obtained":["Doubt"]}],"is_beta":false,"boss_relics":[{"not_picked":["Velvet Choker","SacredBark","Pandora\u0027s Box"]},{"not_picked":["Runic Dome","Coffee Dripper","Calling Bell"]}],"items_purged_floors":[5,21,29,45],"is_endless":false,"potions_floor_spawned":[2,12,13,19,33,39,42,44,46],"killed_by":"Awakened One","ascension_level":1}}