{"host":"y36bp6mnm73x3iob","time":1610217167,"event":{"mods":["2.2 Compatiblity","Aspiration","BaseMod","Downfall","GifTheSpireLib","Hermit","Hubris","Marisa????????","Minty Spire (QoL Compilation)","Replay The Spire","Retaliation","StSLib","Stuff the Spire","The Cursed","The Disciple","The Servant 0.9.4"],"gold_per_floor":[112,14,14,27,27,56,67,67,117,117,137,36,311,325,325,437,437,476,476,14,30,30,63,3,3,30,30,59,79,79,79,79,182,182,182,182],"floor_reached":35,"playtime":12618,"items_purged":[],"score":829,"play_id":"f80bf0cb-4cdd-414f-81f3-2f90c6b41b65","local_time":"20210109203247","is_ascension_mode":true,"campfire_choices":[{"data":"TheCursedMod:ManaBullet","floor":8.0,"key":"SMITH"},{"data":"TheCursedMod:CleanUpWorkshop","floor":10.0,"key":"SMITH"},{"data":"TheCursedMod:LuckyCharm","floor":15.0,"key":"SMITH"},{"floor":30.0,"key":"REST"},{"floor":32,"key":"RECALL"}],"circlet_count":0,"master_deck":["TheCursedMod:Strike_TheCursed","TheCursedMod:Strike_TheCursed+1","TheCursedMod:Strike_TheCursed","TheCursedMod:Defend_TheCursed","TheCursedMod:Defend_TheCursed","TheCursedMod:Defend_TheCursed","TheCursedMod:Defend_TheCursed","TheCursedMod:CursedWand","TheCursedMod:CleanUpWorkshop+1","TheCursedMod:HellsGateOpen","TheCursedMod:SpitefulStrike","TheCursedMod:FleshFromBone","TheCursedMod:CursedAmulet","TheCursedMod:FuryStrike","TheCursedMod:CircleOfAbyss","TheCursedMod:ManaBullet+1","TheCursedMod:CursedAmulet","TheCursedMod:HellsGateOpen","TheCursedMod:SpitefulStrike","TheCursedMod:LuckyCharm+1","TheCursedMod:Neurasthenia","TheCursedMod:CursedArmor","TheCursedMod:HellsGateOpen","TheCursedMod:Evocation","TheCursedMod:SpitefulPray","TheCursedMod:Wield","TheCursedMod:CursedMace+1","TheCursedMod:HellsGateOpen+1","TheCursedMod:TroublousMinions","BowlingBash+1","hermit:Quickdraw","Limit Break","hubris:Greed"],"relics":["TheCursedMod:BlackMagic101","NeowsBlessing","Garlic","StuffTheSpire:OldFever","Fusion Hammer","Dead Branch","hubris:ToyBattleship","PrismaticShard","hubris:SlimyHat","Chameleon Ring","hubris:BottledHeart","hubris:RunicObelisk"],"acts_visited":["Exordium","TheCity","TheBeyond"],"potions_floor_usage":[33,33],"damage_taken":[{"damage":0.0,"enemies":"Small Slimes","floor":1.0,"turns":1.0},{"damage":0.0,"enemies":"2 Louse","floor":4.0,"turns":1.0},{"damage":0.0,"enemies":"Gremlin Nob","floor":6.0,"turns":1.0},{"damage":0.0,"enemies":"Cultist","floor":7.0,"turns":3.0},{"damage":0.0,"enemies":"Exordium Wildlife","floor":11.0,"turns":4.0},{"damage":14.0,"enemies":"Exordium Thugs","floor":14.0,"turns":5.0},{"damage":6.0,"enemies":"Slime Boss","floor":16.0,"turns":10.0},{"damage":22.0,"enemies":"3 Byrds","floor":18.0,"turns":6.0},{"damage":0.0,"enemies":"Shell Parasite","floor":21.0,"turns":7.0},{"damage":16.0,"enemies":"Book of Stabbing","floor":23.0,"turns":8.0},{"damage":18.0,"enemies":"Gremlin Leader","floor":28.0,"turns":5.0},{"damage":10.0,"enemies":"Centurion and Healer","floor":29.0,"turns":5.0},{"damage":0,"enemies":"Pondfish","floor":33,"turns":8},{"damage":1,"enemies":"3 Darklings","floor":35,"turns":3}],"seed_played":"-8221837527793088161","potions_obtained":[{"floor":1.0,"key":"LiquidMemories"},{"floor":11.0,"key":"Block Potion"},{"floor":21.0,"key":"Strength Potion"},{"floor":27.0,"key":"Ancient Potion"},{"floor":29.0,"key":"sneckomod:MuddlingPotion"}],"is_trial":false,"path_per_floor":["M","$","?","M","?","E","M","R","T","R","M","$","?","M","R","B",null,"M","?","$","M","?","E","$","?","T","?","E","M","R","?","R","B",null,"M"],"character_chosen":"THE_CURSED","items_purchased":["TheCursedMod:SpitefulStrike","TheCursedMod:FleshFromBone","TheCursedMod:HellsGateOpen","TheCursedMod:SpitefulStrike","Dead Branch","TheCursedMod:HellsGateOpen","TheCursedMod:Evocation","TheCursedMod:HellsGateOpen+1"],"campfire_rested":1,"item_purchase_floors":[2,2,12,12,20,20,20,24],"current_hp_per_floor":[75,75,75,75,75,75,75,75,75,75,75,75,75,61,61,55,75,53,53,53,53,53,37,37,29,29,29,11,1,23,1,1,1,1,0,0],"gold":182,"neow_bonus":"THREE_ENEMY_KILL","is_daily":false,"chose_seed":false,"campfire_upgraded":3,"win_rate":0.0,"timestamp":1610217167,"path_taken":["M","$","?","M","?","E","?","R","T","R","M","$","?","M","R","BOSS","M","?","$","?","?","E","?","?","T","?","E","?","R","?","R","BOSS","M"],"items_purchased_type":["Card","Card","Card","Card","Relic","Card","Card","Card"],"build_version":"2020-12-22","purchased_purges":0,"victory":false,"max_hp_per_floor":[75,75,75,75,75,75,75,75,75,75,75,75,75,75,75,75,75,75,75,75,75,75,75,75,75,75,75,75,75,75,1,1,1,1,1,1],"card_choices":[{"not_picked":["TheCursedMod:CursedArmor","TheCursedMod:Stretching"],"picked":"TheCursedMod:HellsGateOpen","floor":1.0},{"not_picked":["TheCursedMod:TacticalStrike","TheCursedMod:CircleOfFocus"],"picked":"TheCursedMod:CursedAmulet","floor":4.0},{"not_picked":["TheCursedMod:RapidMovement","TheCursedMod:CursedMace"],"picked":"TheCursedMod:CircleOfAbyss","floor":6.0},{"not_picked":["TheCursedMod:TacticalStrike","TheCursedMod:CircleOfBlood"],"picked":"TheCursedMod:ManaBullet","floor":7.0},{"not_picked":["TheCursedMod:CursedMace","TheCursedMod:HellsGateOpen"],"picked":"TheCursedMod:CursedAmulet","floor":11.0},{"not_picked":["TheCursedMod:SurpriseAttack","TheCursedMod:BloodBarrier"],"picked":"TheCursedMod:LuckyCharm","floor":14.0},{"not_picked":["TheCursedMod:ShockAndAwe","TheCursedMod:StunningStrike"],"picked":"TheCursedMod:Neurasthenia","floor":16.0},{"not_picked":["TheCursedMod:SmokeScreen","TheCursedMod:Stigma"],"picked":"TheCursedMod:CursedArmor","floor":18.0},{"not_picked":["TheCursedMod:RapidMovement+1","TheCursedMod:SurpriseAttack+1"],"picked":"TheCursedMod:SpitefulPray","floor":21.0},{"not_picked":["TheCursedMod:TacticalStrike+1","TheCursedMod:Mangle"],"picked":"TheCursedMod:CursedMace+1","floor":23.0},{"not_picked":["TheCursedMod:CircleOfWindfury","TheCursedMod:FuryStrike+1"],"picked":"TheCursedMod:TroublousMinions","floor":25.0},{"not_picked":["Replay:SS_fish_3","Reset"],"picked":"BowlingBash+1","floor":28.0},{"not_picked":["Concentrate","Guardian:Incinerate"],"picked":"hermit:Quickdraw","floor":29.0},{"not_picked":["Deny","Chronoelasticity"],"picked":"Limit Break","floor":33}],"player_experience":442244,"relics_obtained":[{"floor":6.0,"key":"Garlic"},{"floor":9.0,"key":"StuffTheSpire:OldFever"},{"floor":23.0,"key":"hubris:ToyBattleship"},{"floor":25.0,"key":"PrismaticShard"},{"floor":26.0,"key":"hubris:SlimyHat"},{"floor":28.0,"key":"Chameleon Ring"}],"event_choices":[{"damage_healed":0.0,"max_hp_gain":0.0,"max_hp_loss":0.0,"gold_gain":0.0,"cards_transformed":["TheCursedMod:Strike_TheCursed"],"event_name":"Transmorgrifier","player_choice":"Transformed","floor":5.0,"gold_loss":0.0,"damage_taken":0.0,"cards_obtained":["TheCursedMod:FuryStrike"]},{"damage_healed":0.0,"max_hp_gain":0.0,"max_hp_loss":0.0,"gold_gain":275.0,"event_name":"Golden Shrine","player_choice":"Desecrate","floor":13.0,"gold_loss":0.0,"damage_taken":0.0,"cards_obtained":["Regret"]},{"cards_removed":["hubris:Greed","hubris:Greed","hubris:Greed","hubris:Greed","hubris:Greed","Regret","TheCursedMod:Dregs"],"damage_healed":0.0,"max_hp_gain":0.0,"max_hp_loss":0.0,"gold_gain":0.0,"event_name":"Fountain of Cleansing","player_choice":"Removed Curses","floor":19.0,"gold_loss":0.0,"damage_taken":0.0},{"damage_healed":0.0,"max_hp_gain":0.0,"max_hp_loss":0.0,"gold_gain":0.0,"event_name":"The Library","player_choice":"Read","floor":22.0,"gold_loss":0.0,"damage_taken":0.0,"cards_obtained":["TheCursedMod:Wield"]},{"damage_healed":0.0,"max_hp_gain":0.0,"max_hp_loss":0.0,"gold_gain":0.0,"event_name":"Lab","player_choice":"Got Potions","floor":27.0,"gold_loss":0.0,"damage_taken":0.0}],"is_beta":false,"boss_relics":[{"not_picked":["Painkiller Herb","Replay:Drink Me"],"picked":"Fusion Hammer"},{"not_picked":["Honey Jar","hubris:Backtick"],"picked":"hubris:RunicObelisk"}],"items_purged_floors":[],"is_endless":false,"potions_floor_spawned":[1,11,21,29],"killed_by":"3 Darklings","ascension_level":1}}