{"host":"h8izngm1rsk9a7df","time":1610153040,"event":{"mods":["AchievementEnabler","BaseMod","Colored Map","Colored Powertips","DeckTracker","Downfall","Hubris","Minty Spire (QoL Compilation)","Relic Sorter","StSLib","The Bug Knight","The Disciple","The Necromancer"],"gold_per_floor":[118,138,156,174,184,184,197,197,197,217,252,252,252,252,252,347,347,358,358,370,21,34,34,81,116,141,158,173,173,173],"floor_reached":29,"playtime":1862,"items_purged":[],"score":249,"play_id":"5ff02108-7a37-49e7-b807-ec672f22dd71","local_time":"20210108164400","is_ascension_mode":false,"campfire_choices":[{"data":"Searing Blow","floor":6,"key":"SMITH"},{"data":"Searing Blow+1","floor":8,"key":"SMITH"},{"floor":13,"key":"REST"},{"floor":15,"key":"REST"},{"floor":23,"key":"REST"}],"circlet_count":0,"master_deck":["Strike_R+1","Strike_R","Strike_R","Strike_R","Strike_R","Defend_R+1","Defend_R","Defend_R","Bash+1","Clothesline+1","Second Wind","Flame Barrier","Searing Blow+2","Perfected Strike","Thunderclap","Feed","Shrug It Off+1","Double Tap+1","Shrug It Off+1","Armaments+1","Pummel","Madness+1","Second Wind+1","Seeing Red+1","Dark Embrace","Shockwave+1","Headbutt","Berserk","Clash"],"relics":["Burning Blood","Whetstone","Toxic Egg 2","hubris:TinFlute","hubris:TerracottaHorce","hubris:TenFootPole","CaptainsWheel","Strawberry"],"acts_visited":["Exordium","TheCity"],"potions_floor_usage":[11,25,28,29,29],"damage_taken":[{"damage":1,"enemies":"Cultist","floor":1,"turns":4},{"damage":1,"enemies":"Jaw Worm","floor":2,"turns":4},{"damage":1,"enemies":"Small Slimes","floor":3,"turns":3},{"damage":1,"enemies":"Exordium Wildlife","floor":4,"turns":5},{"damage":16,"enemies":"Exordium Thugs","floor":5,"turns":6},{"damage":0,"enemies":"2 Fungi Beasts","floor":7,"turns":2},{"damage":10,"enemies":"Looter","floor":10,"turns":3},{"damage":19,"enemies":"Lagavulin","floor":11,"turns":6},{"damage":43,"enemies":"The Guardian","floor":16,"turns":12},{"damage":7,"enemies":"Shell Parasite","floor":18,"turns":5},{"damage":10,"enemies":"Spheric Guardian","floor":20,"turns":4},{"damage":33,"enemies":"Centurion and Healer","floor":22,"turns":7},{"damage":25,"enemies":"Gremlin Leader","floor":25,"turns":5},{"damage":35,"enemies":"Shelled Parasite and Fungi","floor":27,"turns":7},{"damage":2,"enemies":"Snecko","floor":28,"turns":4},{"damage":49,"enemies":"3 Cultists","floor":29,"turns":5}],"seed_played":"-8569202156065651017","potions_obtained":[{"floor":2,"key":"BlessingOfTheForge"},{"floor":4,"key":"Regen Potion"},{"floor":5,"key":"Swift Potion"},{"floor":10,"key":"DistilledChaos"},{"floor":16,"key":"champ:CounterPotion"},{"floor":28,"key":"PowerPotion"}],"is_trial":false,"path_per_floor":["M","M","M","M","M","R","M","R","T","M","E","?","R","?","R","B",null,"M","?","M","$","M","R","T","E","T","M","M","M"],"character_chosen":"IRONCLAD","items_purchased":["Pummel","Madness+1","Second Wind+1","Seeing Red+1","Dark Embrace"],"campfire_rested":3,"item_purchase_floors":[21,21,21,21,21],"current_hp_per_floor":[80,80,80,80,70,70,76,76,76,72,59,43,67,60,80,43,71,70,70,66,66,39,63,63,44,51,22,38,0,0],"gold":173,"neow_bonus":"RANDOM_COMMON_RELIC","is_daily":false,"chose_seed":false,"campfire_upgraded":2,"win_rate":0.0,"timestamp":1610153040,"path_taken":["M","?","M","M","M","R","M","R","T","M","E","?","R","?","R","BOSS","M","?","M","$","M","R","?","E","T","M","M","M"],"items_purchased_type":["Card","Card","Card","Card","Card"],"build_version":"2020-12-22","purchased_purges":0,"victory":false,"max_hp_per_floor":[80,80,80,80,80,80,80,80,80,80,80,80,80,80,80,80,80,80,80,80,80,80,80,80,80,87,87,87,87,87],"card_choices":[{"not_picked":["Sever Soul","Cleave"],"picked":"Clothesline","floor":1},{"not_picked":["Headbutt","Heavy Blade"],"picked":"Second Wind","floor":2},{"not_picked":["Ghostly Armor","Thunderclap"],"picked":"Flame Barrier","floor":3},{"not_picked":["Rampage","Clash"],"picked":"Searing Blow","floor":4},{"not_picked":["Clash","Clothesline"],"picked":"Perfected Strike","floor":5},{"not_picked":["Bloodletting","Dark Embrace"],"picked":"Thunderclap","floor":7},{"not_picked":["Headbutt","Thunderclap"],"picked":"Feed","floor":10},{"not_picked":["Flex+1","Sword Boomerang"],"picked":"Shrug It Off+1","floor":11},{"not_picked":["Feed","Berserk"],"picked":"Double Tap+1","floor":16},{"not_picked":["Rupture","Searing Blow"],"picked":"Shrug It Off+1","floor":18},{"not_picked":["Iron Wave","Battle Trance+1"],"picked":"Armaments+1","floor":20},{"not_picked":["Carnage","Body Slam"],"picked":"Shockwave+1","floor":22},{"not_picked":["Flame Barrier+1","Iron Wave"],"picked":"Headbutt","floor":25},{"not_picked":["Sword Boomerang+1","Armaments+1"],"picked":"Berserk","floor":27},{"not_picked":["Heavy Blade","Searing Blow+1"],"picked":"Clash","floor":28}],"player_experience":89105,"relics_obtained":[{"floor":9,"key":"Toxic Egg 2"},{"floor":11,"key":"hubris:TinFlute"},{"floor":24,"key":"hubris:TenFootPole"},{"floor":25,"key":"CaptainsWheel"},{"floor":26,"key":"Strawberry"}],"event_choices":[{"damage_healed":0,"gold_gain":0,"player_choice":"Entered Light","damage_taken":16,"max_hp_gain":0,"max_hp_loss":0,"event_name":"Shining Light","floor":12,"gold_loss":0,"cards_upgraded":["Clothesline","Defend_R"]},{"cards_removed":["Defend_R"],"damage_healed":0,"gold_gain":0,"player_choice":"Card Removal","damage_taken":7,"max_hp_gain":0,"max_hp_loss":0,"event_name":"Golden Wing","floor":14,"gold_loss":0},{"damage_healed":0,"gold_gain":0,"player_choice":"Ignored","damage_taken":0,"max_hp_gain":0,"max_hp_loss":0,"event_name":"Ghosts","floor":19,"gold_loss":0}],"is_beta":false,"boss_relics":[{"not_picked":["Fusion Hammer","hubris:VirtuousBlindfold"],"picked":"hubris:TerracottaHorce"}],"items_purged_floors":[],"is_endless":false,"potions_floor_spawned":[2,4,5,10,16,18,20,28],"killed_by":"3 Cultists","ascension_level":0}}