{"host":"npi2injwpr7l8z4q","time":1610169132,"event":{"mods":["BaseMod","Dark Map","KOR Keyword Fix","Minty Spire (QoL Compilation)","Permanent Neow","Quick Restart","Replay The Spire","StSLib","everything is the same but u backflip on backflip","¡¼?Úª?ø«¡½REMEMod"],"gold_per_floor":[119,119,119,139,153,188,188,35,61,84,105,105,130,146,146,146,146],"floor_reached":16,"playtime":1056,"items_purged":[],"score":134,"play_id":"ce5c55ed-290b-49e4-ab57-fb594e2ebbda","local_time":"20210109141212","is_ascension_mode":true,"campfire_choices":[{"floor":7.0,"key":"REST"},{"floor":12.0,"key":"REST"},{"data":"Strike_R","floor":15,"key":"PURGE"}],"circlet_count":0,"master_deck":["Strike_R","Strike_R","Strike_R","Strike_R","Defend_R","Defend_R","Defend_R","Defend_R","Bash","Madness","Madness","Flex","Metallicize","Shrug It Off","Replay:Undeath\u0027s Touch","ReplayTheSpireMod:Stacked","Thunderclap"],"relics":["Burning Blood","Golden Idol","Smiling Mask","Medical Kit"],"acts_visited":[],"potions_floor_usage":[],"damage_taken":[{"damage":10.0,"enemies":"Jaw Worm","floor":1.0,"turns":5.0},{"damage":7.0,"enemies":"Small Slimes","floor":4.0,"turns":3.0},{"damage":1.0,"enemies":"Cultist","floor":5.0,"turns":3.0},{"damage":41.0,"enemies":"Gremlin Nob","floor":6.0,"turns":6.0},{"damage":30.0,"enemies":"Gremlin Gang","floor":10.0,"turns":7.0},{"damage":18.0,"enemies":"2 Fungi Beasts","floor":11.0,"turns":5.0},{"damage":3.0,"enemies":"Blue Slaver","floor":13.0,"turns":5.0},{"damage":0,"enemies":"Large Slime","floor":14,"turns":10},{"damage":67,"enemies":"Slime Boss","floor":16,"turns":9}],"seed_played":"-4589070761385867145","potions_obtained":[{"floor":5.0,"key":"Doom Potion"},{"floor":6.0,"key":"Elixir"},{"floor":13.0,"key":"ElixirPotion"}],"is_trial":false,"path_per_floor":["M","?","?","M","M","E","R","$","T","M","M","R","M","M","R","B"],"character_chosen":"IRONCLAD","items_purchased":["Medical Kit"],"campfire_rested":2,"item_purchase_floors":[8],"current_hp_per_floor":[92,68,68,67,72,37,65,65,65,41,29,57,60,66,66,0,0],"gold":146,"neow_bonus":"TWENTY_PERCENT_HP_BONUS","is_daily":false,"chose_seed":false,"campfire_upgraded":0,"win_rate":0.0,"timestamp":1610169132,"path_taken":["M","?","?","?","M","E","R","$","T","M","?","R","M","M","R","BOSS"],"items_purchased_type":["Relic"],"build_version":"2020-12-22","purchased_purges":0,"victory":false,"max_hp_per_floor":[96,96,96,96,96,96,96,96,96,96,96,96,96,96,96,96,96],"card_choices":[{"not_picked":["Armaments","Rage"],"picked":"Flex","floor":1.0},{"not_picked":["Clash","Hemokinesis"],"picked":"Metallicize","floor":4.0},{"not_picked":["Evolve","ReplayTheSpireMod:Strike From Hell"],"picked":"Shrug It Off","floor":5.0},{"not_picked":["Flex","Infernal Blade"],"picked":"Replay:Undeath\u0027s Touch","floor":6.0},{"not_picked":["Heavy Blade","Flame Barrier"],"picked":"ReplayTheSpireMod:Stacked","floor":10.0},{"not_picked":["Warcry","Flame Barrier"],"picked":"Thunderclap","floor":11.0},{"not_picked":["Pommel Strike","Hemokinesis","ReplayTheSpireMod:Strike From Hell"],"picked":"SKIP","floor":13.0},{"not_picked":["Shrug It Off","Sword Boomerang","Headbutt"],"picked":"SKIP","floor":14}],"player_experience":169785,"relics_obtained":[{"floor":6.0,"key":"Smiling Mask"}],"event_choices":[{"damage_healed":0.0,"max_hp_gain":0.0,"max_hp_loss":0.0,"gold_gain":0.0,"event_name":"Golden Idol","player_choice":"Take Damage","floor":2.0,"gold_loss":0.0,"damage_taken":24.0,"relics_obtained":["Golden Idol"]},{"damage_healed":0.0,"max_hp_gain":0.0,"max_hp_loss":0.0,"gold_gain":0.0,"event_name":"The Woman in Blue","player_choice":"Bought 0 Potions","floor":3.0,"gold_loss":0.0,"damage_taken":0.0}],"is_beta":false,"boss_relics":[],"items_purged_floors":[],"is_endless":false,"potions_floor_spawned":[5,6,13],"killed_by":"Slime Boss","ascension_level":1}}