{"host":"sav7uxregyirlf69","time":1610208104,"event":{"mods":["AchievementEnabler","BaseMod","Colored Map","DeckTracker","Keyboard Shortcuts","Minty Spire (QoL Compilation)","READ ME - Guardian Mod","StSLib","SuperFastMode"],"gold_per_floor":[110,185,204,222,222,222,236,249,249,249,267,78,96,96,96,171,171,191,206,16,33,49,84,84,112,112,12,22,35,85,85,85],"floor_reached":31,"playtime":738,"items_purged":["Strike_B","Strike_B","Strike_B"],"score":542,"play_id":"6e1f14d1-990a-4c42-90fa-a5671ca62e13","local_time":"20210110010144","is_ascension_mode":true,"campfire_choices":[{"data":"Defragment","floor":6,"key":"SMITH"},{"data":"Coolheaded","floor":15,"key":"SMITH"},{"floor":24,"key":"REST"}],"circlet_count":0,"master_deck":["AscendersBane","Defend_B","Defend_B","Defend_B","Defend_B","Zap","Dualcast","Defragment+1","Sweeping Beam","BootSequence","Streamline","Defragment","Coolheaded+1","Chill","Echo Form","Cold Snap","Turbo","Capacitor","Compile Driver+1","Aggregate","Consume"],"relics":["Cracked Core","MealTicket","Cables","Sozu","The Courier","Singing Bowl","Kunai"],"acts_visited":["Exordium","TheCity"],"potions_floor_usage":[8,11,11,22,31],"damage_taken":[{"damage":0,"enemies":"2 Louse","floor":1,"turns":2},{"damage":2,"enemies":"Cultist","floor":3,"turns":4},{"damage":15,"enemies":"Small Slimes","floor":4,"turns":4},{"damage":11,"enemies":"Looter","floor":7,"turns":4},{"damage":0,"enemies":"Red Slaver","floor":8,"turns":3},{"damage":4,"enemies":"Lots of Slimes","floor":11,"turns":3},{"damage":0,"enemies":"3 Louse","floor":13,"turns":3},{"damage":21,"enemies":"The Guardian","floor":16,"turns":11},{"damage":6,"enemies":"Spheric Guardian","floor":18,"turns":5},{"damage":12,"enemies":"Shell Parasite","floor":19,"turns":4},{"damage":27,"enemies":"Centurion and Healer","floor":21,"turns":9},{"damage":9,"enemies":"Snake Plant","floor":22,"turns":5},{"damage":31,"enemies":"Gremlin Leader","floor":23,"turns":8},{"damage":10,"enemies":"Book of Stabbing","floor":25,"turns":8},{"damage":18,"enemies":"Shelled Parasite and Fungi","floor":28,"turns":6},{"damage":1,"enemies":"Snecko","floor":29,"turns":6},{"damage":17,"enemies":"Snake Plant","floor":31,"turns":2}],"seed_played":"400264409045593216","potions_obtained":[{"floor":1,"key":"Fire Potion"},{"floor":4,"key":"EntropicBrew"},{"floor":8,"key":"Fruit Juice"},{"floor":11,"key":"Ancient Potion"}],"is_trial":false,"path_per_floor":["M","?","M","M","?","R","M","M","T","?","M","$","M","?","R","B",null,"M","M","$","M","M","E","R","E","T","$","M","M","?","M"],"character_chosen":"DEFECT","items_purchased":["Defragment","Coolheaded","Capacitor"],"campfire_rested":1,"item_purchase_floors":[12,12,20],"current_hp_per_floor":[64,53,51,36,36,36,25,25,25,71,72,76,76,76,76,55,71,65,53,68,41,32,1,23,15,15,30,12,13,13,0,0],"gold":85,"neow_bonus":"RANDOM_COMMON_RELIC","is_daily":false,"chose_seed":false,"campfire_upgraded":2,"win_rate":0.0,"timestamp":1610208104,"path_taken":["M","?","M","M","?","R","M","M","T","?","?","$","M","?","R","BOSS","M","M","?","M","M","E","R","E","T","$","M","?","?","M"],"items_purchased_type":["Card","Card","Card"],"build_version":"2020-12-22","purchased_purges":3,"victory":false,"max_hp_per_floor":[71,71,71,71,71,71,71,71,71,71,76,76,76,76,76,76,76,76,76,76,76,76,76,76,78,78,78,78,80,80,80,80],"card_choices":[{"not_picked":["FTL","Sweeping Beam"],"picked":"Defragment","floor":1},{"not_picked":["Redo","Recycle"],"picked":"Sweeping Beam","floor":3},{"not_picked":["Steam Power","Sweeping Beam","Steam"],"picked":"SKIP","floor":4},{"not_picked":["Barrage","Turbo"],"picked":"BootSequence","floor":7},{"not_picked":["Gash","Stack"],"picked":"Streamline","floor":8},{"not_picked":["Static Discharge","Skim","Aggregate"],"picked":"SKIP","floor":11},{"not_picked":["FTL","Doom and Gloom","Scrape"],"picked":"SKIP","floor":13},{"not_picked":["Thunder Strike","Reboot"],"picked":"Echo Form","floor":16},{"not_picked":["Steam Power","Coolheaded"],"picked":"Cold Snap","floor":18},{"not_picked":["Redo","Go for the Eyes"],"picked":"Turbo","floor":19},{"not_picked":["Barrage","Rip and Tear","Streamline"],"picked":"SKIP","floor":21},{"not_picked":["Coolheaded","Cold Snap"],"picked":"Compile Driver+1","floor":22},{"not_picked":["Compile Driver","Cold Snap"],"picked":"Aggregate","floor":23},{"not_picked":["Storm","Sweeping Beam","Streamline"],"picked":"Singing Bowl","floor":25},{"not_picked":["Gash","Skim"],"picked":"Consume","floor":28},{"not_picked":["Genetic Algorithm","Steam","Auto Shields"],"picked":"Singing Bowl","floor":29}],"player_experience":1220213,"relics_obtained":[{"floor":9,"key":"Cables"},{"floor":23,"key":"The Courier"},{"floor":25,"key":"Singing Bowl"},{"floor":26,"key":"Kunai"}],"event_choices":[{"damage_healed":0,"gold_gain":75,"player_choice":"Gather Gold","damage_taken":11,"max_hp_gain":0,"max_hp_loss":0,"event_name":"World of Goop","floor":2,"gold_loss":0},{"damage_healed":0,"gold_gain":0,"cards_transformed":["Strike_B"],"player_choice":"Change","damage_taken":0,"max_hp_gain":0,"max_hp_loss":0,"event_name":"Living Wall","floor":5,"gold_loss":0,"cards_obtained":["Heatsinks"]},{"cards_removed":["Heatsinks"],"damage_healed":46,"gold_gain":0,"player_choice":"Offered Uncommon","damage_taken":0,"max_hp_gain":0,"max_hp_loss":0,"event_name":"Bonfire Elementals","floor":10,"gold_loss":0},{"damage_healed":0,"gold_gain":0,"player_choice":"1 cards matched","damage_taken":0,"max_hp_gain":0,"max_hp_loss":0,"event_name":"Match and Keep!","floor":14,"gold_loss":0,"cards_obtained":["Chill"]},{"damage_healed":0,"gold_gain":50,"player_choice":"Stole From Cult","damage_taken":0,"max_hp_gain":0,"max_hp_loss":0,"event_name":"Nest","floor":30,"gold_loss":0}],"is_beta":false,"boss_relics":[{"not_picked":["Runic Dome","Fusion Hammer"],"picked":"Sozu"}],"items_purged_floors":[12,20,27],"is_endless":false,"potions_floor_spawned":[1,4,7,8,11,19,21,22,25],"killed_by":"Snake Plant","ascension_level":20}}