{"host":"sav7uxregyirlf69","time":1610163957,"event":{"mods":["AchievementEnabler","BaseMod","Colored Map","DeckTracker","Keyboard Shortcuts","Minty Spire (QoL Compilation)","READ ME - Guardian Mod","StSLib","SuperFastMode"],"gold_per_floor":[110,110,110,128,144,144,156,182,237,253,262,100,56,68,68,68,68],"floor_reached":16,"playtime":241,"items_purged":["Strike_G"],"score":204,"play_id":"f922c2d9-9bbc-4a58-abd7-1ef14c188542","local_time":"20210109124557","is_ascension_mode":true,"campfire_choices":[{"floor":6,"key":"RECALL"},{"floor":15,"key":"REST"}],"circlet_count":0,"master_deck":["AscendersBane","Strike_G","Strike_G+1","Strike_G","Defend_G","Defend_G","Defend_G","Defend_G","Defend_G","Survivor","Neutralize+1","Deadly Poison+1","Flying Knee","Dash","Tactician","Backstab","Footwork","Dagger Throw","Prepared"],"relics":["Ring of the Snake","NeowsBlessing","Sundial","CeramicFish"],"acts_visited":["Exordium"],"potions_floor_usage":[7,8,16],"damage_taken":[{"damage":0,"enemies":"Cultist","floor":1,"turns":1},{"damage":0,"enemies":"2 Louse","floor":4,"turns":1},{"damage":0,"enemies":"Jaw Worm","floor":5,"turns":1},{"damage":7,"enemies":"Exordium Thugs","floor":7,"turns":6},{"damage":24,"enemies":"Lagavulin","floor":8,"turns":7},{"damage":1,"enemies":"Looter","floor":10,"turns":3},{"damage":5,"enemies":"3 Louse","floor":14,"turns":3},{"damage":27,"enemies":"Hexaghost","floor":16,"turns":11}],"seed_played":"4231730481372328832","potions_obtained":[{"floor":4,"key":"SkillPotion"},{"floor":5,"key":"SkillPotion"},{"floor":14,"key":"PowerPotion"}],"is_trial":false,"path_per_floor":["M","?","?","M","M","R","M","E","T","M","?","$","$","M","R","B"],"character_chosen":"THE_SILENT","items_purchased":["Footwork","Dagger Throw","Prepared"],"campfire_rested":1,"item_purchase_floors":[12,12,13],"current_hp_per_floor":[59,39,39,39,39,39,32,8,8,7,7,7,7,2,21,0,0],"gold":68,"neow_bonus":"THREE_ENEMY_KILL","is_daily":false,"chose_seed":false,"campfire_upgraded":0,"win_rate":0.0,"timestamp":1610163957,"path_taken":["M","?","?","M","?","R","M","E","T","M","?","?","$","M","R","BOSS"],"items_purchased_type":["Card","Card","Card"],"build_version":"2020-12-22","purchased_purges":1,"victory":false,"max_hp_per_floor":[66,66,66,66,66,66,66,66,66,66,66,66,66,66,66,66,66],"card_choices":[{"not_picked":["Flying Knee","Bane"],"picked":"Deadly Poison","floor":1},{"not_picked":["Deflect","Backflip","Deadly Poison"],"picked":"SKIP","floor":4},{"not_picked":["Quick Slash","Expertise"],"picked":"Flying Knee","floor":5},{"not_picked":["Predator","Bullet Time"],"picked":"Dash","floor":7},{"not_picked":["Bouncing Flask","All Out Attack"],"picked":"Tactician","floor":8},{"not_picked":["Terror","Deflect","Underhanded Strike"],"picked":"SKIP","floor":10},{"not_picked":["Quick Slash","Dagger Spray","Accuracy"],"picked":"SKIP","floor":14}],"player_experience":1207033,"relics_obtained":[{"floor":8,"key":"Sundial"},{"floor":9,"key":"CeramicFish"}],"event_choices":[{"damage_healed":0,"gold_gain":0,"player_choice":"Entered Light","damage_taken":20,"max_hp_gain":0,"max_hp_loss":0,"event_name":"Shining Light","floor":2,"gold_loss":0,"cards_upgraded":["Strike_G","Neutralize"]},{"damage_healed":0,"gold_gain":0,"player_choice":"Forge","damage_taken":0,"max_hp_gain":0,"max_hp_loss":0,"event_name":"Accursed Blacksmith","floor":3,"gold_loss":0,"cards_upgraded":["Deadly Poison"]},{"damage_healed":0,"gold_gain":0,"cards_transformed":["Strike_G"],"player_choice":"Transformed","damage_taken":0,"max_hp_gain":0,"max_hp_loss":0,"event_name":"Transmorgrifier","floor":11,"gold_loss":0,"cards_obtained":["Backstab"]}],"is_beta":false,"boss_relics":[],"items_purged_floors":[12],"is_endless":false,"potions_floor_spawned":[4,5,14],"killed_by":"Hexaghost","ascension_level":20}}