{"host":"n900smz9wr3yo27a","time":1610201773,"event":{"mods":["Arknights The Spire","BaseMod","CapriCore","GungeonMod","Hermit","Koishi","Lobotomy","Marisa£¨Ùöéë¡¡Øª×âÞÞ£©","Minty Spire (QoL Compilation)","Prisma Mod","Replay The Spire","StSLib","Td1madao Mod","The Animator","The Bug Knight","The Cursed","The Dragon Tamer","The Gatherer","The Hierophant","The Immortal","The Jungle","The Necromancer","The Poker Player","The Runesmith","WarShipGirlsR/??á´Ò³R mod"],"gold_per_floor":[113,63,63,79,4,39,53,79,79,142,161,176,176,221,221,324,324,339,44,64,11,11,11,57,57,57,84,103,129,129,144,144,241,241,254,269,144,154,165,247,259,259,259,70,82,97,97,112,112,112,112],"floor_reached":52,"playtime":3525,"items_purged":["rmod:defend","rmod:strick","rmod:expedition","Regret"],"score":656,"play_id":"c1077be7-7049-4ab2-85be-3907e37ca666","local_time":"20210109231613","is_ascension_mode":false,"campfire_choices":[{"data":"rmod:steelsupply","floor":13,"key":"SMITH"},{"data":"rmod:supportaircraftcarrier","floor":13,"key":"SMITH"},{"floor":15,"key":"REST"},{"data":"rmod:victimresponsibility","floor":23,"key":"SMITH"},{"data":"rmod:expeditionaryescort","floor":23,"key":"SMITH"},{"floor":30,"key":"REST"},{"data":"rmod:lonelyqueen","floor":32,"key":"SMITH"},{"data":"rmod:victimresponsibility","floor":32,"key":"SMITH"},{"data":"rmod:basicallowance","floor":47,"key":"SMITH"},{"data":"rmod:wife","floor":47,"key":"SMITH"},{"floor":49,"key":"REST"}],"circlet_count":0,"master_deck":["rmod:strick","rmod:strick","rmod:strick","rmod:defend","rmod:defend","rmod:basicallowance+1","rmod:maingunfire","rmod:lonelyqueen+1","rmod:supportaircraftcarrier+1","rmod:fletcherpendant","rmod:diamondstrike","rmod:wife+1","rmod:steelsupply+1","rmod:expeditionaryescort+1","rmod:desperatesituation","rmod:firesupport+1","rmod:victimresponsibility+1","rmod:intelligenceanalysis+1","rmod:victimresponsibility+1","rmod:intelligenceanalysis","rmod:diaomin+1","rmod:windflower+1","rmod:acesubmarine+1","rmod:fletcherpendant+1","rmod:victimresponsibility+1","rmod:highspeedmaneuver+1","rmod:fletcherpendant","Writhe","rmod:fletcherpendant","rmod:fletcherpendant","rmod:slowdown+1","Parasite","rmod:lonelyqueen+1"],"relics":["rmod:firstchargereward","NeowsBlessing","DemoMod:Relodestone","Replay:Arrowhead","Replay:Rubber Ducky","Painkiller Herb","Strange Spoon","Snack Pack","Juzu Bracelet","Replay:WaspNest","Toxic Egg 2","DemoMod:BlueGuonStone","Cursed Key","DemoMod:Bottle","Replay:Bottled Eggs"],"acts_visited":["Exordium","TheCity","TheBeyond"],"potions_floor_usage":[10,10,16,16,16,27,33,38,45,50,50,50,50],"damage_taken":[{"damage":0,"enemies":"Cultist","floor":1,"turns":1},{"damage":0,"enemies":"Jaw Worm","floor":4,"turns":1},{"damage":0,"enemies":"3 Sentries","floor":6,"turns":1},{"damage":0,"enemies":"2 Louse","floor":7,"turns":3},{"damage":16,"enemies":"Gremlin Nob","floor":8,"turns":4},{"damage":4,"enemies":"Lagavulin Event","floor":10,"turns":5},{"damage":8,"enemies":"Exordium Wildlife","floor":11,"turns":3},{"damage":6,"enemies":"Large Slime","floor":12,"turns":4},{"damage":40,"enemies":"Exordium Thugs","floor":14,"turns":11},{"damage":30,"enemies":"Fading Forest","floor":16,"turns":11},{"damage":5,"enemies":"2 Thieves","floor":18,"turns":4},{"damage":21,"enemies":"Snake Plant","floor":20,"turns":6},{"damage":17,"enemies":"Gremlin Leader","floor":24,"turns":6},{"damage":0,"enemies":"Replay:Snechameleon","floor":27,"turns":4},{"damage":0,"enemies":"Chosen and Byrds","floor":28,"turns":4},{"damage":12,"enemies":"Book of Stabbing","floor":29,"turns":5},{"damage":0,"enemies":"Cultist and Chosen","floor":31,"turns":6},{"damage":6,"enemies":"Collector","floor":33,"turns":6},{"damage":4,"enemies":"3 Darklings","floor":35,"turns":4},{"damage":6,"enemies":"3 Shapes","floor":36,"turns":2},{"damage":4,"enemies":"Sphere and 2 Shapes","floor":38,"turns":4},{"damage":5,"enemies":"Writhing Mass","floor":39,"turns":6},{"damage":12,"enemies":"R_Hoarder","floor":40,"turns":6},{"damage":0,"enemies":"Maw","floor":41,"turns":7},{"damage":0,"enemies":"Transient","floor":45,"turns":5},{"damage":30,"enemies":"Spire Growth","floor":46,"turns":6},{"damage":4,"enemies":"Writhing Mass","floor":48,"turns":7},{"damage":55,"enemies":"Replay:Hell Engine","floor":50,"turns":14}],"seed_played":"4905026865393756983","potions_obtained":[{"floor":4,"key":"Block Potion"},{"floor":7,"key":"Dexterity Potion"},{"floor":8,"key":"ColorlessPotion"},{"floor":11,"key":"Toxic Potion"},{"floor":14,"key":"Venom Potion"},{"floor":16,"key":"SpeedPotion"},{"floor":24,"key":"Adrenaline Potion"},{"floor":28,"key":"LiquidMemories"},{"floor":31,"key":"Dexterity Potion"},{"floor":35,"key":"Swift Potion"},{"floor":36,"key":"Fire Potion"},{"floor":46,"key":"DemoMod:LeadSkinPotion"},{"floor":48,"key":"LiquidMemories"}],"is_trial":false,"path_per_floor":["M","?","T","M","$","E","M","E","T","?","M","M","R","M","R","B",null,"?","T","?","T","?","T","E","T","T","E","?","E","T","?","T","B",null,"?","?","T","?","?","E","?","?","T","T","?","?","T","?","T","B",null,null],"character_chosen":"PRAEFECT","items_purchased":["Strange Spoon","rmod:victimresponsibility","rmod:victimresponsibility","rmod:fletcherpendant"],"campfire_rested":3,"item_purchase_floors":[19,19,21,44],"current_hp_per_floor":[75,75,75,75,75,75,75,59,59,55,47,41,41,1,23,3,75,70,70,49,49,49,49,32,32,32,32,32,20,42,42,42,36,75,71,65,65,61,56,44,44,63,63,63,63,33,33,29,51,16,16],"gold":112,"neow_bonus":"THREE_ENEMY_KILL","is_daily":false,"chose_seed":false,"campfire_upgraded":8,"win_rate":0.0,"timestamp":1610201773,"path_taken":["M","?","?","M","$","E","M","E","T","?","M","M","R","?","R","BOSS","?","T","?","T","?","T","E","?","T","E","?","E","T","?","T","BOSS","?","?","T","?","?","E","?","?","T","T","?","?","T","?","T","BOSS"],"items_purchased_type":["Relic","Card","Card","Card"],"build_version":"2020-12-22","purchased_purges":4,"victory":true,"max_hp_per_floor":[75,75,75,75,75,75,75,75,75,75,75,75,75,75,75,75,75,75,75,75,75,75,75,75,75,75,75,75,75,75,75,75,75,75,75,75,75,75,75,75,75,75,75,75,75,75,75,75,75,75,75],"card_choices":[{"not_picked":["rmod:fuelsupply","rmod:unsinkable","rmod:chargemoney"],"picked":"SKIP","floor":1},{"not_picked":["rmod:tearstotiara","rmod:supportescort"],"picked":"rmod:lonelyqueen","floor":4},{"not_picked":["rmod:spoils","rmod:luckystar"],"picked":"rmod:supportaircraftcarrier","floor":6},{"not_picked":["rmod:circuitoustactics","rmod:guardianhero"],"picked":"rmod:launchingtorpedo","floor":7},{"not_picked":["rmod:diamondstrike","rmod:ammunitionsupply"],"picked":"rmod:expedition","floor":8},{"not_picked":["rmod:aviationdawn","rmod:supportescort"],"picked":"rmod:diamondstrike","floor":10},{"not_picked":["rmod:timeschanged","rmod:supportaircraftcarrier"],"picked":"rmod:wife","floor":11},{"not_picked":["rmod:aviationdawn","rmod:victimresponsibility"],"picked":"rmod:steelsupply","floor":12},{"not_picked":["rmod:fuelsupply","rmod:advancebysurprise"],"picked":"rmod:expeditionaryescort","floor":14},{"not_picked":["rmod:u235","rmod:auspiciousomen"],"picked":"rmod:desperatesituation","floor":16},{"not_picked":["rmod:victimresponsibility","rmod:combined+1"],"picked":"rmod:firesupport+1","floor":18},{"not_picked":["rmod:aluminumsupply","rmod:fuelsupply"],"picked":"rmod:intelligenceanalysis+1","floor":20},{"not_picked":["rmod:slowdown","rmod:guardianhero+1"],"picked":"rmod:intelligenceanalysis","floor":24},{"not_picked":["rmod:aggressivemary+1","rmod:supportescort+1"],"picked":"rmod:diaomin+1","floor":27},{"not_picked":["rmod:intelligenceanalysis","rmod:punchline+1"],"picked":"rmod:windflower+1","floor":28},{"not_picked":["rmod:bulid+1","rmod:luckystar","rmod:tearstotiara"],"picked":"SKIP","floor":29},{"not_picked":["rmod:goodsister","rmod:combined","rmod:supportescort+1"],"picked":"SKIP","floor":31},{"not_picked":["rmod:saltedfish+1","rmod:windflower+1"],"picked":"rmod:acesubmarine","floor":33},{"not_picked":["rmod:luckystar+1","rmod:diamondstrike+1"],"picked":"rmod:fletcherpendant+1","floor":35},{"not_picked":["rmod:steelsupply+1","rmod:diamondstrike+1"],"picked":"rmod:victimresponsibility+1","floor":36},{"not_picked":["rmod:combined+1","rmod:expedition","rmod:steelsupply+1"],"picked":"SKIP","floor":38},{"not_picked":["rmod:intelligenceanalysis","rmod:aviationdawn+1"],"picked":"rmod:highspeedmaneuver+1","floor":39},{"not_picked":["rmod:smokecover+1","rmod:maintain+1","rmod:goodsister+1"],"picked":"SKIP","floor":40},{"not_picked":["rmod:fuelsupply+1","rmod:sl+1"],"picked":"rmod:fletcherpendant","floor":41},{"not_picked":["rmod:supportescort+1","rmod:fuelsupply+1","rmod:combined+1"],"picked":"SKIP","floor":45},{"not_picked":["rmod:gendarmerie+1","rmod:unsinkable+1"],"picked":"rmod:slowdown+1","floor":46},{"not_picked":["rmod:unsinkable+1","rmod:tearstotiara+1"],"picked":"rmod:lonelyqueen+1","floor":48}],"player_experience":816820,"relics_obtained":[{"floor":8,"key":"DemoMod:Relodestone"},{"floor":9,"key":"Replay:Arrowhead"},{"floor":24,"key":"Juzu Bracelet"},{"floor":26,"key":"Replay:WaspNest"},{"floor":27,"key":"Toxic Egg 2"},{"floor":29,"key":"DemoMod:BlueGuonStone"},{"floor":40,"key":"DemoMod:Bottle"},{"floor":43,"key":"Replay:Bottled Eggs"}],"event_choices":[{"cards_removed":["rmod:defend"],"damage_healed":0,"gold_gain":0,"player_choice":"Card Removal","damage_taken":0,"max_hp_gain":0,"max_hp_loss":0,"event_name":"The Cleric","floor":2,"gold_loss":50},{"damage_healed":0,"gold_gain":0,"player_choice":"Searched \u00272\u0027 times","damage_taken":0,"relics_obtained":["Replay:Rubber Ducky"],"max_hp_gain":0,"max_hp_loss":0,"event_name":"Dead Adventurer","floor":10,"gold_loss":0},{"cards_removed":["rmod:launchingtorpedo"],"damage_healed":0,"gold_gain":0,"player_choice":"Gave Card","damage_taken":0,"relics_obtained":["DemoMod:WeirdEgg"],"max_hp_gain":0,"max_hp_loss":0,"event_name":"WeMeetAgain","floor":22,"gold_loss":0},{"damage_healed":19,"gold_gain":0,"player_choice":"Writhe","damage_taken":0,"max_hp_gain":0,"max_hp_loss":0,"event_name":"Winding Halls","floor":42,"gold_loss":0,"cards_obtained":["Writhe"]}],"is_beta":false,"boss_relics":[{"not_picked":["Ectoplasm","DemoMod:WaxWing"],"picked":"Painkiller Herb"},{"not_picked":["Fusion Hammer","Kintsugi"],"picked":"Cursed Key"}],"items_purged_floors":[5,19,37,44],"is_endless":false,"potions_floor_spawned":[4,7,8,11,14,16,24,28,31,35,36,46,48],"ascension_level":0}}