{"host":"51mqhfpmwwd4kxyt","time":1610161185,"event":{"mods":["BaseMod","Downfall","Googly Eyes","Highlight Path","Minty Spire (QoL Compilation)","READ ME - Guardian Mod","StSLib","The Cursed","The Servant 0.9.4"],"gold_per_floor":[116,116,81,21,21,32,32,42,42,117,117,117,127,147,147,243,243,259,259,278,108,126,126,126],"floor_reached":23,"playtime":967,"items_purged":["Strike_G","Deadly Poison"],"score":235,"play_id":"e8c6d77e-5a3b-412e-a9da-cb9c610e3ee0","local_time":"20210108215945","is_ascension_mode":true,"campfire_choices":[{"floor":7,"key":"REST"},{"floor":12,"key":"REST"},{"floor":15,"key":"REST"}],"circlet_count":0,"master_deck":["Survivor","Neutralize","Burst","Dodge and Roll","Noxious Fumes","Escape Plan","Storm of Steel","Blade Dance","Infinite Blades","After Image","Doppelganger","Bane","Reflex","Accuracy","Infinite Blades","Flechettes","Distraction+1","Outmaneuver+1","Accuracy","Terror","Cloak And Dagger+1"],"relics":["Ring of the Snake","The Courier","WingedGreaves","Pandora\u0027s Box"],"acts_visited":["Exordium","TheCity"],"potions_floor_usage":[18,22],"damage_taken":[{"damage":6,"enemies":"Jaw Worm","floor":1,"turns":8},{"damage":0,"enemies":"Small Slimes","floor":6,"turns":4},{"damage":1,"enemies":"2 Louse","floor":8,"turns":3},{"damage":3,"enemies":"Red Slaver","floor":13,"turns":5},{"damage":10,"enemies":"Lots of Slimes","floor":14,"turns":4},{"damage":50,"enemies":"Hexaghost","floor":16,"turns":12},{"damage":12,"enemies":"Shell Parasite","floor":18,"turns":5},{"damage":0,"enemies":"Spheric Guardian","floor":20,"turns":3},{"damage":15,"enemies":"3 Cultists","floor":22,"turns":4},{"damage":60,"enemies":"Book of Stabbing","floor":23,"turns":5}],"seed_played":"-13131213724532594","potions_obtained":[{"floor":1,"key":"Swift Potion"},{"floor":14,"key":"Dexterity Potion"},{"floor":20,"key":"champ:CounterPotion"}],"is_trial":false,"path_per_floor":["M","?","?","$","?","M","R","M","T","?","?","R","M","M","R","B",null,"M","?","M","$","M","E"],"character_chosen":"THE_SILENT","items_purchased":["Accuracy","Terror"],"campfire_rested":3,"item_purchase_floors":[21,21],"current_hp_per_floor":[39,14,31,31,24,24,45,44,44,33,33,54,51,41,62,12,56,44,70,70,70,55,0,0],"gold":126,"neow_bonus":"THREE_RARE_CARDS","is_daily":false,"chose_seed":false,"campfire_upgraded":0,"win_rate":0.0,"timestamp":1610161185,"path_taken":["M","?","?","$","?","M","R","M","T","?","?","R","M","M","R","BOSS","M","?","M","$","?","E"],"items_purchased_type":["Card","Card"],"build_version":"2020-12-22","purchased_purges":2,"victory":false,"max_hp_per_floor":[70,70,70,70,70,70,70,70,70,70,70,70,70,70,70,70,70,70,70,70,70,70,70,70],"card_choices":[{"not_picked":["Grand Finale","Tools of the Trade"],"picked":"Burst","floor":0},{"not_picked":["Predator","Dagger Spray"],"picked":"Dodge and Roll","floor":1},{"not_picked":["Prepared","PiercingWail"],"picked":"Noxious Fumes","floor":6},{"not_picked":["Masterful Stab","Choke"],"picked":"Escape Plan","floor":8},{"not_picked":["Cloak And Dagger","Bane"],"picked":"Blade Dance","floor":13},{"not_picked":["Dash","Flechettes"],"picked":"Infinite Blades","floor":14},{"not_picked":["Storm of Steel","Wraith Form v2"],"picked":"After Image","floor":16},{"not_picked":["All Out Attack","Noxious Fumes"],"picked":"Distraction+1","floor":18},{"not_picked":["PiercingWail","Escape Plan"],"picked":"Outmaneuver+1","floor":20},{"not_picked":["Dodge and Roll","Prepared"],"picked":"Cloak And Dagger+1","floor":22}],"player_experience":362200,"relics_obtained":[{"floor":9,"key":"WingedGreaves"}],"event_choices":[{"damage_healed":0,"gold_gain":0,"player_choice":"Success","damage_taken":25,"relics_obtained":["The Courier"],"max_hp_gain":0,"max_hp_loss":0,"event_name":"Scrap Ooze","floor":2,"gold_loss":0},{"damage_healed":17,"gold_gain":0,"player_choice":"Healed","damage_taken":0,"max_hp_gain":0,"max_hp_loss":0,"event_name":"The Cleric","floor":3,"gold_loss":35},{"cards_removed":["Defend_G"],"damage_healed":0,"gold_gain":0,"player_choice":"Card Removal","damage_taken":7,"max_hp_gain":0,"max_hp_loss":0,"event_name":"Golden Wing","floor":5,"gold_loss":0},{"damage_healed":0,"gold_gain":75,"player_choice":"Gather Gold","damage_taken":11,"max_hp_gain":0,"max_hp_loss":0,"event_name":"World of Goop","floor":10,"gold_loss":0},{"damage_healed":0,"gold_gain":0,"cards_transformed":["Strike_G"],"player_choice":"Transformed","damage_taken":0,"max_hp_gain":0,"max_hp_loss":0,"event_name":"Transmorgrifier","floor":11,"gold_loss":0,"cards_obtained":["Storm of Steel"]},{"damage_healed":26,"gold_gain":0,"player_choice":"Full Heal","damage_taken":0,"max_hp_gain":0,"max_hp_loss":0,"event_name":"Wheel of Change","floor":19,"gold_loss":0}],"is_beta":false,"boss_relics":[{"not_picked":["Astrolabe","Philosopher\u0027s Stone"],"picked":"Pandora\u0027s Box"}],"items_purged_floors":[4,21],"is_endless":false,"potions_floor_spawned":[1,14,20],"killed_by":"Book of Stabbing","ascension_level":6}}