{"host":"t5s60ss6drvva5tc","time":1610200368,"event":{"mods":["BaseMod","Colored Map","Colored Powertips","Minty Spire (QoL Compilation)"],"gold_per_floor":[114,114,124,124,145,181,181,204,272,46,46,46,46,87,87,87,87],"floor_reached":16,"playtime":716,"items_purged":["Defend_G"],"score":108,"play_id":"52bbe835-213e-4f0c-a26e-4e7eeb63de19","local_time":"20210109165248","is_ascension_mode":false,"campfire_choices":[{"floor":7,"key":"REST"},{"floor":11,"key":"REST"},{"data":"Parasite","floor":13,"key":"PURGE"},{"floor":15,"key":"REST"}],"circlet_count":0,"master_deck":["Strike_G","Strike_G","Strike_G","Strike_G","Defend_G","Defend_G","Defend_G","Survivor","Neutralize","Flying Knee","Skewer","Injury","Blur","Blade Dance"],"relics":["Ring of the Snake","Golden Idol","Peace Pipe","Ninja Scroll","Chemical X","Bag of Marbles"],"acts_visited":["Exordium"],"potions_floor_usage":[6,14],"damage_taken":[{"damage":0.0,"enemies":"Small Slimes","floor":1.0,"turns":4.0},{"damage":4,"enemies":"2 Louse","floor":3,"turns":3},{"damage":1,"enemies":"Jaw Worm","floor":5,"turns":3},{"damage":31,"enemies":"Gremlin Nob","floor":6,"turns":5},{"damage":25,"enemies":"Large Slime","floor":8,"turns":8},{"damage":26,"enemies":"3 Sentries","floor":14,"turns":7},{"damage":62,"enemies":"Hexaghost","floor":16,"turns":9}],"seed_played":"8564190213764878904","potions_obtained":[{"floor":1,"key":"BlessingOfTheForge"},{"floor":8,"key":"PowerPotion"}],"is_trial":false,"path_per_floor":["M","?","M","?","M","E","R","M","T","$","R","?","R","E","R","B"],"character_chosen":"THE_SILENT","items_purchased":["Chemical X"],"campfire_rested":3,"item_purchase_floors":[10],"current_hp_per_floor":[70,70,66,66,65,34,55,30,30,30,51,68,67,41,61,0,0],"gold":87,"neow_bonus":"REMOVE_CARD","is_daily":false,"chose_seed":false,"campfire_upgraded":0,"win_rate":0.0,"timestamp":1610200368,"path_taken":["M","?","M","?","M","E","R","M","T","$","R","?","R","E","R","BOSS"],"items_purchased_type":["Relic"],"build_version":"2020-12-22","purchased_purges":1,"victory":false,"max_hp_per_floor":[70,70,70,70,70,70,70,70,70,70,70,70,67,67,67,67,67],"card_choices":[{"not_picked":["Quick Slash","Acrobatics"],"picked":"Flying Knee","floor":1},{"not_picked":["Backflip","Eviscerate"],"picked":"Skewer","floor":3},{"not_picked":["Bouncing Flask","Backflip"],"picked":"Blur","floor":5},{"not_picked":["Night Terror","Deadly Poison","Well Laid Plans"],"picked":"SKIP","floor":6},{"not_picked":["Noxious Fumes","Dodge and Roll"],"picked":"Blade Dance","floor":8},{"not_picked":["Endless Agony","Sucker Punch","Dodge and Roll"],"picked":"SKIP","floor":14}],"player_experience":9143,"relics_obtained":[{"floor":6,"key":"Peace Pipe"},{"floor":9,"key":"Ninja Scroll"},{"floor":14,"key":"Bag of Marbles"}],"event_choices":[{"cards_removed":["Strike_G"],"damage_healed":0,"gold_gain":0,"player_choice":"Forget","damage_taken":0,"max_hp_gain":0,"max_hp_loss":0,"event_name":"Living Wall","floor":2,"gold_loss":0},{"damage_healed":0,"gold_gain":0,"player_choice":"Take Wound","damage_taken":0,"relics_obtained":["Golden Idol"],"max_hp_gain":0,"max_hp_loss":0,"event_name":"Golden Idol","floor":4,"gold_loss":0,"cards_obtained":["Injury"]},{"damage_healed":17,"gold_gain":0,"player_choice":"Healed and dodged fight","damage_taken":0,"max_hp_gain":0,"max_hp_loss":0,"event_name":"Mushrooms","floor":12,"gold_loss":0,"cards_obtained":["Parasite"]}],"is_beta":false,"boss_relics":[],"items_purged_floors":[10],"is_endless":false,"potions_floor_spawned":[1,8],"killed_by":"Hexaghost","ascension_level":0}}