{"host":"pcbz64t4k17ey4z1","time":1610193632,"event":{"mods":["2.2 Compatiblity","AchievementEnabler","Act Like it!","Aspiration","BaseMod","Beaked The Cultist","Better Match","Better Third Choice","BetterRewards","Card Forge","Colored Map","Colored Powertips","Conspire","Disable Question Mark Monsters","Fireblade Mod","Friendly Minions","Gensokyo","GifTheSpireLib","Glutton Mod","Googly Eyes","Gremlin Mod","Hermit","Hubris","Infinite Spire","Koishi","Marisa????????","Minty Spire (QoL Compilation)","Permanent Neow","Potionbrewer","Quick Restart","Random Character Button","Rare Cards Sparkle","Relic Filter","Replay The Spire","Robot Space Explorer","Shade Mod","Shop Mod","Spicy Shops","StSLib","Stuff the Spire","SuperFastMode","The Animator","The Cursed","The Druid","The Gatherer","The Hierophant","The IronCluck","The Jungle","The Marked","The Runesmith","Virulent Crown","Waifu the Spire","Wandering Minibosses","vexMod"],"gold_per_floor":[113,128,128,144,164,196,214,245,245,245,270,283,316,336,336,441,441,454,465,465,484,484,519,519,469,546,581,602,615,643,662,662,759,759,773,446,456,467,467,500,500,532,556,590,603,615,615,540,540,540],"floor_reached":51,"playtime":4093,"items_purged":["RobotSpaceExplorer:Strike","RobotSpaceExplorer:Strike+1"],"score":1454,"play_id":"7430a6b9-655f-4cb3-bf15-7ef55eeb45c9","local_time":"20210109120032","is_ascension_mode":true,"campfire_choices":[{"data":"RobotSpaceExplorer:Fix","floor":15,"key":"SMITH"},{"data":"infinitespire:NeuralNetwork","floor":32,"key":"SMITH"},{"data":"RobotSpaceExplorer:MiniBoosters","floor":41,"key":"SMITH"},{"data":"RobotSpaceExplorer:BigMissile","floor":47,"key":"SMITH"},{"data":"Master of Strategy","floor":49,"key":"SMITH"}],"circlet_count":0,"master_deck":["RobotSpaceExplorer:Strike+1","RobotSpaceExplorer:Defend+1","RobotSpaceExplorer:Defend+1","RobotSpaceExplorer:Defend+1","RobotSpaceExplorer:Defend+1","RobotSpaceExplorer:Scan+1","RobotSpaceExplorer:MiniLasers","Master of Strategy+1","RobotSpaceExplorer:ScrapMissile","RobotSpaceExplorer:FrostMissile","RobotSpaceExplorer:ScrapMissile","RobotSpaceExplorer:ShockMissile","RobotSpaceExplorer:PowerGlove+1","RobotSpaceExplorer:SlimeMissile+1","RobotSpaceExplorer:Fix+1","RobotSpaceExplorer:LaserBurst+1","RobotSpaceExplorer:Ammunition","RobotSpaceExplorer:StunGrenade","RobotSpaceExplorer:ChargingLaser","RobotSpaceExplorer:BigMissile+1","RobotSpaceExplorer:Jetpack","RobotSpaceExplorer:MiniBoosters+1","RobotSpaceExplorer:Jetpack+1","RobotSpaceExplorer:TurboDodge","infinitespire:NeuralNetwork+1","RobotSpaceExplorer:StunGrenade","RobotSpaceExplorer:DroneSwarm","RobotSpaceExplorer:MiniDrones","RobotSpaceExplorer:Accelerator","RobotSpaceExplorer:PowerGlove+1","RobotSpaceExplorer:GlueShot","RobotSpaceExplorer:StunGrenade+1","RobotSpaceExplorer:Ammunition+1","RobotSpaceExplorer:Fix+1","RobotSpaceExplorer:Jetpack+1","RobotSpaceExplorer:FrostMissile","RobotSpaceExplorer:Jetpack"],"relics":["RobotSpaceExplorer:RoboCore","Hammer of Thor","Seething Fire","Anvil of the Gods","ClockworkSouvenir","RobotSpaceExplorer:BottledGravity","infinitespire:CheckeredPen","potionbrewer:Keyblade","Onion Ring","StuffTheSpire:CocoNut","Toy Ornithopter","hubris:MysteriousPyramids","aspiration:Lifesprig","White Beast Statue","Painkiller Herb","aspiration:FetidBarrel","Replay:Bronze Core","Ice Cream","Whetstone","aspiration:Stabinomicon","StuffTheSpire:Experiment12","Letter Opener","Busted Crown","wanderingMiniBosses:CarrionFlame","ReplayFunnel","Du-Vu Doll","RobotSpaceExplorer:ClockworkSextant","aspiration:EmptySkull","Gremlin Food","Regal Pillow"],"acts_visited":["Exordium","TheCity","TheBeyond"],"potions_floor_usage":[6,7,12,16,19,23,27,27,28,28,30,30,33,35,40,44,45,46,50,50,50],"damage_taken":[{"damage":0,"enemies":"conspire:RoseBush","floor":1,"turns":2},{"damage":0,"enemies":"Jaw Worm","floor":2,"turns":1},{"damage":0,"enemies":"Small Slimes","floor":4,"turns":1},{"damage":0,"enemies":"Looter","floor":5,"turns":1},{"damage":0,"enemies":"Gremlin Nob","floor":6,"turns":2},{"damage":0,"enemies":"Lots of Slimes","floor":7,"turns":1},{"damage":0,"enemies":"Replay:BlueRogue","floor":8,"turns":2},{"damage":0,"enemies":"Gremlin Nob","floor":11,"turns":1},{"damage":0,"enemies":"Exordium Thugs","floor":12,"turns":3},{"damage":0,"enemies":"3 Sentries","floor":13,"turns":5},{"damage":0,"enemies":"Large Slime","floor":14,"turns":2},{"damage":0,"enemies":"Slime Boss","floor":16,"turns":2},{"damage":0,"enemies":"Chosen","floor":18,"turns":2},{"damage":0,"enemies":"2 Thieves","floor":19,"turns":2},{"damage":0,"enemies":"Centurion and Healer","floor":21,"turns":2},{"damage":0,"enemies":"Book of Stabbing","floor":23,"turns":3},{"damage":39,"enemies":"Nightmare","floor":27,"turns":5},{"damage":0,"enemies":"3 Cultists","floor":28,"turns":2},{"damage":0,"enemies":"Sentry and Sphere","floor":29,"turns":3},{"damage":16,"enemies":"Gremlin Leader","floor":30,"turns":3},{"damage":5,"enemies":"Snake Plant","floor":31,"turns":2},{"damage":6,"enemies":"Champ","floor":33,"turns":4},{"damage":0,"enemies":"3 Darklings","floor":35,"turns":5},{"damage":0,"enemies":"Orb Walker","floor":37,"turns":2},{"damage":0,"enemies":"3 Darklings","floor":38,"turns":1},{"damage":0,"enemies":"Nightmare","floor":40,"turns":5},{"damage":0,"enemies":"Reptomancer","floor":42,"turns":2},{"damage":0,"enemies":"R_Hoarder","floor":44,"turns":3},{"damage":0,"enemies":"Jaw Worm Horde","floor":45,"turns":2},{"damage":0,"enemies":"4 Shapes","floor":46,"turns":2},{"damage":18,"enemies":"infinitespire:MassOfShapes","floor":50,"turns":5}],"seed_played":"4938939492773346514","potions_obtained":[{"floor":2,"key":"LifebloodPotion"},{"floor":4,"key":"DistilledChaos"},{"floor":8,"key":"potionbrewer:ToxicPotion"},{"floor":13,"key":"RobotSpaceExplorer:PlasmaFlask"},{"floor":14,"key":"Languid Potion"},{"floor":16,"key":"potionbrewer:ToxicPotion"},{"floor":18,"key":"Dexterity Potion"},{"floor":19,"key":"potionbrewer:CleansingPotion"},{"floor":21,"key":"potionbrewer:MidasPotion"},{"floor":23,"key":"Block Potion"},{"floor":27,"key":"Explosive Potion"},{"floor":28,"key":"ColorlessPotion"},{"floor":29,"key":"SteroidPotion"},{"floor":30,"key":"SpeedPotion"},{"floor":31,"key":"AttackPotion"},{"floor":33,"key":"Energy Potion"},{"floor":35,"key":"ColorlessPotion"},{"floor":37,"key":"potionbrewer:NoxiousPotion"},{"floor":40,"key":"Venom Potion"},{"floor":42,"key":"potionbrewer:NoxiousPotion"},{"floor":44,"key":"potionbrewer:ToxicPotion"},{"floor":45,"key":"infinitespire:BlackPotion"},{"floor":46,"key":"Cursed Concoction"}],"is_trial":false,"path_per_floor":["M","M","?","M","M","E","M","E","T","?","E","M","E","M","R","B",null,"?","?","AVR","?","?","E","?","?","T","NM","?","?","E","?","T","B",null,"?","T","?","?","?","NM","T","E","T","E","?","?","T","?","T","B",null],"character_chosen":"RobotSpaceExplorer","items_purchased":["ClockworkSouvenir","RobotSpaceExplorer:BottledGravity","infinitespire:CheckeredPen","potionbrewer:Keyblade","Master of Strategy","Onion Ring","ReplayFunnel","RobotSpaceExplorer:PowerGlove+1","RobotSpaceExplorer:GlueShot"],"campfire_rested":0,"item_purchase_floors":[0,0,0,0,0,0,36,36,36],"current_hp_per_floor":[75,75,75,75,75,82,82,82,82,82,82,82,82,82,82,82,82,82,82,82,82,82,82,66,66,66,43,53,59,59,60,60,65,82,82,82,82,82,82,82,82,82,82,82,82,82,82,82,82,75],"gold":540,"neow_bonus":"","is_daily":false,"chose_seed":false,"campfire_upgraded":5,"win_rate":0.0,"timestamp":1610193632,"path_taken":["M","M","?","M","M","E","M","E","T","?","E","M","E","M","R","BOSS","?","?","AVR","?","?","E","?","?","T","NM","?","?","E","?","T","BOSS","?","T","?","?","?","NM","T","E","T","E","?","?","T","?","T","BOSS"],"items_purchased_type":["Relic","Relic","Relic","Relic","Card","Relic","Relic","Card","Card"],"build_version":"2020-12-22","purchased_purges":2,"victory":true,"max_hp_per_floor":[75,75,75,75,75,82,82,82,82,82,82,82,82,82,82,82,82,82,82,82,82,82,82,82,82,82,82,82,82,82,82,82,82,82,82,82,82,82,82,82,82,82,82,82,82,82,82,82,82,82],"card_choices":[{"not_picked":["RobotSpaceExplorer:Ammunition","RobotSpaceExplorer:SlimeMissile"],"picked":"RobotSpaceExplorer:ScrapMissile","floor":1},{"not_picked":["RobotSpaceExplorer:ImprovisedAttack","RobotSpaceExplorer:Electroshield"],"picked":"RobotSpaceExplorer:FrostMissile","floor":2},{"not_picked":["RobotSpaceExplorer:GlueShot","RobotSpaceExplorer:IronShell"],"picked":"RobotSpaceExplorer:ScrapMissile","floor":4},{"not_picked":["RobotSpaceExplorer:SwiftStep","RobotSpaceExplorer:ImprovisedAttack"],"picked":"RobotSpaceExplorer:ShockMissile","floor":5},{"not_picked":["RobotSpaceExplorer:SelfCleaning","RobotSpaceExplorer:Jetpack"],"picked":"RobotSpaceExplorer:Wormhole","floor":6},{"not_picked":["RobotSpaceExplorer:GlueShot","RobotSpaceExplorer:PowerCollector"],"picked":"RobotSpaceExplorer:PowerGlove","floor":7},{"not_picked":["RobotSpaceExplorer:Fix","RobotSpaceExplorer:SurgingShield"],"picked":"RobotSpaceExplorer:SlimeMissile","floor":8},{"not_picked":["RobotSpaceExplorer:Probe","RobotSpaceExplorer:Counterblock"],"picked":"RobotSpaceExplorer:Fix","floor":11},{"not_picked":["RobotSpaceExplorer:JunkDive","RobotSpaceExplorer:FrostMissile"],"picked":"RobotSpaceExplorer:LaserBurst","floor":12},{"not_picked":["RobotSpaceExplorer:TrailblazerForm","RobotSpaceExplorer:SwiftStep"],"picked":"RobotSpaceExplorer:Ammunition","floor":13},{"not_picked":["RobotSpaceExplorer:PowerCollector","RobotSpaceExplorer:Probe"],"picked":"RobotSpaceExplorer:StunGrenade","floor":14},{"not_picked":["RobotSpaceExplorer:Blaster","RobotSpaceExplorer:BlastShield"],"picked":"RobotSpaceExplorer:ChargingLaser","floor":16},{"not_picked":["RobotSpaceExplorer:FranticSearch","RobotSpaceExplorer:ScrapToss+1"],"picked":"RobotSpaceExplorer:BigMissile","floor":18},{"not_picked":["RobotSpaceExplorer:FranticSearch","RobotSpaceExplorer:Probe"],"picked":"RobotSpaceExplorer:Jetpack","floor":19},{"not_picked":["RobotSpaceExplorer:SwiftStep+1","RobotSpaceExplorer:SurgingShield"],"picked":"RobotSpaceExplorer:MiniBoosters","floor":21},{"not_picked":["RobotSpaceExplorer:StarLightning","RobotSpaceExplorer:ScrapToss+1"],"picked":"RobotSpaceExplorer:Jetpack+1","floor":23},{"not_picked":["RobotSpaceExplorer:PowerCollector","RobotSpaceExplorer:Electroshield"],"picked":"RobotSpaceExplorer:TurboDodge","floor":27},{"not_picked":["infinitespire:Starlight","infinitespire:Menacing"],"picked":"infinitespire:NeuralNetwork","floor":27},{"not_picked":["RobotSpaceExplorer:ScrapMissile","RobotSpaceExplorer:LuckyStrike"],"picked":"RobotSpaceExplorer:StunGrenade","floor":28},{"not_picked":["RobotSpaceExplorer:ExhaustFan","RobotSpaceExplorer:Reload"],"picked":"RobotSpaceExplorer:Counterblock","floor":29},{"not_picked":["RobotSpaceExplorer:StunGrenade","RobotSpaceExplorer:Reload"],"picked":"RobotSpaceExplorer:DroneSwarm","floor":30},{"not_picked":["RobotSpaceExplorer:DoubleFind+1","RobotSpaceExplorer:Counterblock"],"picked":"RobotSpaceExplorer:MiniDrones","floor":31},{"not_picked":["RobotSpaceExplorer:Multitool","RobotSpaceExplorer:HighVoltage"],"picked":"RobotSpaceExplorer:Accelerator","floor":33},{"not_picked":["RobotSpaceExplorer:Probe+1"],"picked":"SKIP","floor":35},{"not_picked":[],"picked":"RobotSpaceExplorer:StunGrenade+1","floor":37},{"not_picked":[],"picked":"RobotSpaceExplorer:Ammunition+1","floor":38},{"not_picked":["RobotSpaceExplorer:DoubleBlock"],"picked":"SKIP","floor":40},{"not_picked":[],"picked":"RobotSpaceExplorer:Fix+1","floor":42},{"not_picked":[],"picked":"RobotSpaceExplorer:Jetpack+1","floor":44},{"not_picked":[],"picked":"RobotSpaceExplorer:FrostMissile","floor":45},{"not_picked":[],"picked":"RobotSpaceExplorer:Jetpack","floor":46}],"player_experience":3890039,"relics_obtained":[{"floor":6,"key":"StuffTheSpire:CocoNut"},{"floor":8,"key":"Toy Ornithopter"},{"floor":9,"key":"hubris:MysteriousPyramids"},{"floor":11,"key":"aspiration:Lifesprig"},{"floor":13,"key":"White Beast Statue"},{"floor":23,"key":"Whetstone"},{"floor":24,"key":"aspiration:Stabinomicon"},{"floor":27,"key":"StuffTheSpire:Experiment12"},{"floor":30,"key":"Letter Opener"},{"floor":35,"key":"wanderingMiniBosses:CarrionFlame"},{"floor":40,"key":"RobotSpaceExplorer:ClockworkSextant"},{"floor":42,"key":"aspiration:EmptySkull"},{"floor":43,"key":"Gremlin Food"},{"floor":44,"key":"Regal Pillow"}],"event_choices":[{"damage_healed":0,"gold_gain":0,"player_choice":"Stole Relic","damage_taken":0,"relics_obtained":["Ice Cream"],"max_hp_gain":0,"max_hp_loss":0,"event_name":"Addict","floor":22,"gold_loss":0,"cards_obtained":["Shame"]},{"damage_healed":0,"gold_gain":0,"player_choice":"Obtained Book","damage_taken":16,"max_hp_gain":0,"max_hp_loss":0,"event_name":"Cursed Tome","floor":24,"gold_loss":0},{"damage_healed":0,"gold_gain":0,"player_choice":"Bet on Owner","damage_taken":0,"max_hp_gain":0,"max_hp_loss":0,"event_name":"The Joust","floor":25,"gold_loss":50},{"damage_healed":0,"gold_gain":0,"player_choice":"Gave Potion","damage_taken":0,"relics_obtained":["Du-Vu Doll"],"max_hp_gain":0,"max_hp_loss":0,"event_name":"WeMeetAgain","floor":39,"gold_loss":0},{"damage_healed":0,"gold_gain":0,"player_choice":"2","damage_taken":0,"max_hp_gain":0,"max_hp_loss":0,"event_name":"betterMatch:BetterMatch","floor":48,"gold_loss":0,"cards_obtained":["betterMatch:CommonCard"]}],"is_beta":false,"boss_relics":[{"not_picked":["Ectoplasm","Tiny House"],"picked":"Painkiller Herb"},{"not_picked":["SlaversCollar","Replay:Ancient Bell"],"picked":"Busted Crown"}],"items_purged_floors":[20,36],"is_endless":false,"potions_floor_spawned":[2,4,8,13,14,16,18,19,21,23,27,28,29,30,31,33,35,37,38,40,42,44,45,46],"ascension_level":2}}