{"host":"ik8ww1p4uabx5gam","time":1610180403,"event":{"mods":["Always Whale","Aspiration","BaseMod","Beaked The Cultist","Better Third Choice","BetterRewards","Colored Map","Colored Powertips","Conspire","Energized Spire","FetchMod","GifTheSpireLib","Hubris","Infinite Spire","Ironclad Rager","Jedi Mod","Minty Spire (QoL Compilation)","Random Character Button","Replay The Spire","Shop Mod","Spicy Shops","Spikes Relics","StSLib","Stuff the Spire","The Bladedancer","The Blue Laboratory","The Runesmith","Wandering Minibosses","??????REMEMod"],"gold_per_floor":[111,111,111,129,129,129,129],"floor_reached":6,"playtime":232,"items_purged":[],"score":37,"play_id":"0e26a4be-5468-42ae-b9c4-40eb7e7ee2c0","local_time":"20210109022003","is_ascension_mode":true,"campfire_choices":[],"circlet_count":0,"master_deck":["beaked:Strike_Y","beaked:Strike_Y","beaked:Strike_Y","beaked:Strike_Y","beaked:Strike_Y","beaked:Defend_Y","beaked:Defend_Y","beaked:Defend_Y","beaked:Ceremony","beaked:Ceremony","Metamorphosis","beaked:Overpower","Strike_G","Malaise","beaked:Redirect","beaked:FeelMyPain","hubris:NaturalOne"],"relics":["beaked:MendingPlumage","REME_ComplimentaryCards","aspiration:Nostalgia","Ring of the Snake","hubris:Icosahedron"],"acts_visited":["Exordium"],"potions_floor_usage":[],"damage_taken":[{"damage":14,"enemies":"2 Louse","floor":1,"turns":5},{"damage":10,"enemies":"Jaw Worm","floor":4,"turns":4},{"damage":79,"enemies":"Gremlin Nob","floor":6,"turns":5}],"seed_played":"-8121030811732487848","potions_obtained":[],"is_trial":false,"path_per_floor":["M","?","?","M","?","E"],"character_chosen":"BEAKED_THE_CULTIST","items_purchased":[],"campfire_rested":0,"item_purchase_floors":[],"current_hp_per_floor":[44,44,44,44,44,0,0],"gold":129,"neow_bonus":"NOSTALGIA","is_daily":false,"chose_seed":false,"campfire_upgraded":0,"win_rate":0.0,"timestamp":1610180403,"path_taken":["M","?","?","?","?","E"],"items_purchased_type":[],"build_version":"2020-12-22","purchased_purges":0,"victory":false,"max_hp_per_floor":[50,50,50,50,50,50,50],"card_choices":[{"not_picked":["beaked:Windmill","beaked:VigorBurst"],"picked":"beaked:Overpower","floor":1},{"not_picked":["beaked:Resilience","beaked:BloodRitual"],"picked":"beaked:FeelMyPain","floor":4}],"player_experience":1001717,"relics_obtained":[],"event_choices":[{"damage_healed":0,"gold_gain":0,"cards_transformed":["Caltrops"],"player_choice":"Transformed","damage_taken":0,"max_hp_gain":0,"max_hp_loss":0,"event_name":"Transmorgrifier","floor":3,"gold_loss":0,"cards_obtained":["beaked:Redirect"]}],"is_beta":false,"boss_relics":[],"items_purged_floors":[],"is_endless":false,"potions_floor_spawned":[],"killed_by":"Gremlin Nob","ascension_level":2}}