{"host":"elm3edcks2gm0y45","time":1610230755,"event":{"mods":["AchievementEnabler","BaseMod","BetterRewards","Card Forge","Colored Map","Custom Start","GungeonMod","Hero for Fun","Infinite Spire","Marisa£¨Ùöéë¡¡Øª×âÞÞ£©","Minty Spire (QoL Compilation)","Quick Restart","StSLib","Td1madao Mod","The Cursed","The Exalted","The Hierophant","The Marked","The Runesmith"],"gold_per_floor":[21,21,38,53,73,99,99,99,99,113,139,157,167,186,186,282,282,282],"floor_reached":17,"playtime":230,"items_purged":[],"score":346,"play_id":"3792f9ea-40ba-4323-8625-bde158772747","local_time":"20210110071915","is_ascension_mode":false,"campfire_choices":[{"floor":15,"key":"REST"}],"circlet_count":0,"master_deck":["Strike_Y","Strike_Y","Slap+1","Strike_Y"],"relics":["Cape","Hammer of Thor","Seething Fire","Anvil of the Gods","DemoMod:GlassGuonStoneRelic"],"acts_visited":["Exordium","TheCity"],"potions_floor_usage":[],"damage_taken":[{"damage":0,"enemies":"Cultist","floor":1,"turns":1},{"damage":0,"enemies":"Jaw Worm","floor":3,"turns":1},{"damage":0,"enemies":"Small Slimes","floor":4,"turns":1},{"damage":0,"enemies":"Gremlin Gang","floor":5,"turns":1},{"damage":0,"enemies":"Lagavulin","floor":6,"turns":1},{"damage":0,"enemies":"2 Fungi Beasts","floor":10,"turns":1},{"damage":0,"enemies":"Gremlin Nob","floor":11,"turns":1},{"damage":0,"enemies":"Large Slime","floor":12,"turns":1},{"damage":0,"enemies":"3 Louse","floor":13,"turns":1},{"damage":0,"enemies":"Exordium Thugs","floor":14,"turns":1},{"damage":0,"enemies":"The Guardian","floor":16,"turns":1}],"seed_played":"-1349146893038322195","potions_obtained":[],"is_trial":false,"path_per_floor":["M","?","M","M","M","E","?","?","T","M","E","M","M","M","R","B",null],"character_chosen":"OPM","items_purchased":[],"campfire_rested":1,"item_purchase_floors":[],"current_hp_per_floor":[1098,1098,1098,1098,1098,1098,1098,1098,1098,1098,1098,1098,1098,1098,1098,1098,1098,1098],"gold":282,"neow_bonus":"TEN_PERCENT_HP_BONUS","is_daily":false,"chose_seed":false,"campfire_upgraded":0,"win_rate":0.0,"timestamp":1610230755,"path_taken":["M","?","M","M","M","E","?","?","T","M","E","?","M","M","R","BOSS"],"items_purchased_type":[],"build_version":"2020-12-22","purchased_purges":0,"victory":false,"max_hp_per_floor":[1098,1098,1098,1098,1098,1098,1098,1098,1098,1098,1098,1098,1098,1098,1098,1098,1098,1098],"card_choices":[{"not_picked":["Yawn","Do_Nothing","Consecutive_Normal_Punch"],"picked":"SKIP","floor":1},{"not_picked":["Toss_Stone","Slap","Wear_Disguise"],"picked":"SKIP","floor":3},{"not_picked":["Toss_Stone","Slap","Wear_Disguise"],"picked":"SKIP","floor":3},{"not_picked":["Consecutive_Normal_Punch","Side_Hop","Ignore"],"picked":"SKIP","floor":4},{"not_picked":["Do_Nothing","Side_Hop","Slap"],"picked":"SKIP","floor":5},{"not_picked":["Normal_Punch","Do_Nothing","Ignore"],"picked":"SKIP","floor":6},{"not_picked":["Side_Hop","Ignore","Slap"],"picked":"SKIP","floor":10},{"not_picked":["Slap","Toss_Stone","Normal_Punch"],"picked":"SKIP","floor":11},{"not_picked":["Get_Hopes_Up","Side_Hop","Normal_Punch"],"picked":"SKIP","floor":12},{"not_picked":["Slap","Consecutive_Normal_Punch","Side_Hop"],"picked":"SKIP","floor":13},{"not_picked":["Normal_Punch","Yawn","Toss_Stone"],"picked":"SKIP","floor":14}],"player_experience":393947,"relics_obtained":[],"event_choices":[{"damage_healed":0,"gold_gain":0,"player_choice":"Ignored","damage_taken":0,"max_hp_gain":0,"max_hp_loss":0,"event_name":"Shining Light","floor":2,"gold_loss":0},{"damage_healed":0,"gold_gain":0,"player_choice":"Grow","damage_taken":0,"max_hp_gain":0,"max_hp_loss":0,"event_name":"Living Wall","floor":7,"gold_loss":0,"cards_upgraded":["Slap"]},{"damage_healed":0,"gold_gain":0,"player_choice":"Leave","damage_taken":0,"max_hp_gain":0,"max_hp_loss":0,"event_name":"FaceTrader","floor":8,"gold_loss":0}],"is_beta":false,"boss_relics":[{"not_picked":["Calling Bell","Velvet Choker","Runic Dome"]}],"items_purged_floors":[],"is_endless":false,"potions_floor_spawned":[4,10,11,14,16],"ascension_level":0}}