{"host":"qfskrnw3pl1q86j0","time":1610192594,"event":{"mods":["BaseMod","Block Reminder","Hermit","Marisa????????","Minty Spire (QoL Compilation)","Quick Restart","Random Character Button","Relic Stats","StSLib","The Poker Player","slay the spire mod where everything is the same but ironclad has a cowboy hat"],"gold_per_floor":[119,44,44,54,73,73,92,92,117,47,47,94,94,168,168,281,281,329,329,244,44,111,111,167,67,67,67,133,195,295,344,344,472,472,529,587,587,173,203,203,49,79,131,175,225,289,289,289,289,331],"floor_reached":51,"playtime":1526,"items_purged":["Defend_MRS","Strike_MRS","Strike_MRS"],"score":961,"play_id":"44422835-aa2c-4bc6-bf6e-bf5499077837","local_time":"20210109124314","is_ascension_mode":false,"campfire_choices":[{"data":"MasterSpark","floor":6,"key":"SMITH"},{"data":"MilkyWay","floor":8,"key":"SMITH"},{"data":"EnergyFlow","floor":11,"key":"SMITH"},{"data":"UpSweep","floor":13,"key":"SMITH"},{"data":"EnergyFlow","floor":15,"key":"SMITH"},{"data":"MilkyWay","floor":23,"key":"SMITH"},{"data":"GrandCross","floor":27,"key":"SMITH"},{"data":"EarthLightRay","floor":32,"key":"SMITH"},{"data":"StarBarrage","floor":40,"key":"SMITH"},{"data":"PulseMagic","floor":47,"key":"SMITH"},{"data":"MagicAbsorber","floor":49,"key":"SMITH"}],"circlet_count":0,"master_deck":["Defend_MRS","Defend_MRS","MasterSpark+1","UpSweep+1","MilkyWay+1","PulseMagic+1","Robbery","EnergyFlow+1","StarBarrage+1","EnergyFlow+1","MilkyWay+1","MagicAbsorber+1","EarthLightRay+1","EnergyFlow+1","SporeBomb+1"],"relics":["MiniHakkero","Ancient Tea Set","PreservedInsect","Busted Crown","MutagenicStrength","FossilizedHelix","ClockworkSouvenir","Red Mask","Matryoshka","Gremlin Horn","Pen Nib","Akabeko","Black Star","CaptainsWheel","Membership Card","Orichalcum","Toy Ornithopter","Dream Catcher","Meat on the Bone","Shovel"],"acts_visited":["Exordium","TheCity","TheBeyond"],"potions_floor_usage":[14,29,50,50,50],"damage_taken":[{"damage":0,"enemies":"2 Louse","floor":1,"turns":2},{"damage":0,"enemies":"Cultist","floor":4,"turns":2},{"damage":1,"enemies":"Jaw Worm","floor":5,"turns":3},{"damage":4,"enemies":"3 Louse","floor":7,"turns":3},{"damage":5,"enemies":"Looter","floor":12,"turns":2},{"damage":23,"enemies":"Lagavulin","floor":14,"turns":5},{"damage":0,"enemies":"Slime Boss","floor":16,"turns":3},{"damage":10,"enemies":"Shell Parasite","floor":18,"turns":3},{"damage":15,"enemies":"Masked Bandits","floor":22,"turns":3},{"damage":0,"enemies":"Gremlin Leader","floor":24,"turns":3},{"damage":0,"enemies":"Chosen","floor":28,"turns":3},{"damage":7,"enemies":"Book of Stabbing","floor":29,"turns":4},{"damage":0,"enemies":"3 Cultists","floor":31,"turns":3},{"damage":0,"enemies":"Automaton","floor":33,"turns":5},{"damage":0,"enemies":"3 Darklings","floor":35,"turns":3},{"damage":0,"enemies":"Orb Walker","floor":36,"turns":3},{"damage":0,"enemies":"Transient","floor":39,"turns":5},{"damage":0,"enemies":"3 Darklings","floor":42,"turns":4},{"damage":0,"enemies":"Giant Head","floor":44,"turns":5},{"damage":0,"enemies":"Mind Bloom Boss Battle","floor":45,"turns":4},{"damage":0,"enemies":"Spire Growth","floor":46,"turns":3},{"damage":16,"enemies":"Awakened One","floor":50,"turns":5}],"seed_played":"785650241547250353","potions_obtained":[{"floor":1,"key":"AttackPotion"},{"floor":12,"key":"GamblersBrew"},{"floor":18,"key":"Strength Potion"},{"floor":28,"key":"Swift Potion"},{"floor":29,"key":"Strength Potion"},{"floor":39,"key":"Dexterity Potion"}],"is_trial":false,"path_per_floor":["M","$","?","M","M","R","M","R","T","$","R","M","R","E","R","B",null,"M","?","?","$","?","R","E","$","T","R","M","E","?","M","R","B",null,"M","M","?","$","M","R","$","M","T","E","?","M","R","?","R","B",null],"character_chosen":"MARISA","items_purchased":["EnergyFlow","MilkyWay","ClockworkSouvenir","CaptainsWheel","Membership Card"],"campfire_rested":0,"item_purchase_floors":[10,21,21,38,41],"current_hp_per_floor":[54,54,54,54,53,53,49,49,49,49,49,44,44,21,21,21,75,65,65,65,65,50,50,50,50,50,50,50,43,43,43,43,49,75,75,75,71,71,71,71,71,71,71,71,71,71,71,71,71,55],"gold":331,"neow_bonus":"REMOVE_TWO","is_daily":false,"chose_seed":false,"campfire_upgraded":11,"win_rate":0.0,"timestamp":1610192594,"path_taken":["M","$","?","M","?","R","M","R","T","?","R","M","R","E","R","BOSS","M","?","?","$","?","R","E","?","T","R","?","E","?","M","R","BOSS","M","M","?","$","M","R","$","M","T","E","?","M","R","?","R","BOSS"],"items_purchased_type":["Card","Card","Relic","Relic","Relic"],"build_version":"2020-12-22","purchased_purges":3,"victory":true,"max_hp_per_floor":[75,75,75,75,75,75,75,75,75,75,75,75,75,75,75,75,75,75,75,75,75,75,75,75,75,75,75,75,75,75,75,75,75,75,75,75,71,71,71,71,71,71,71,71,71,71,71,71,71,71],"relic_stats":{"Dream Catcher":0,"Busted Crown":28,"Shovel":0,"Gremlin Horn":[14,14],"counters":[22,76],"PreservedInsect":211,"Pen Nib":[8],"Black Star":1,"Orichalcum":[18],"obtain_stats":[{"Gremlin Horn":26,"PreservedInsect":14,"Pen Nib":26,"Orichalcum":43,"Ancient Tea Set":9,"Akabeko":29,"ClockworkSouvenir":21,"CaptainsWheel":38,"Dream Catcher":44,"Busted Crown":17,"Matryoshka":24,"Shovel":45,"MutagenicStrength":19,"Red Mask":22,"Black Star":34,"MiniHakkero":0,"Membership Card":41,"FossilizedHelix":20,"Toy Ornithopter":43,"Meat on the Bone":44},{"Gremlin Horn":10,"PreservedInsect":6,"Pen Nib":10,"Orichalcum":18,"Ancient Tea Set":4,"Akabeko":12,"ClockworkSouvenir":8,"CaptainsWheel":16,"Dream Catcher":19,"Busted Crown":7,"Matryoshka":10,"Shovel":20,"MutagenicStrength":8,"Red Mask":9,"Black Star":14,"MiniHakkero":0,"Membership Card":17,"FossilizedHelix":8,"Toy Ornithopter":18,"Meat on the Bone":19},{"Gremlin Horn":29,"PreservedInsect":17,"Pen Nib":29,"Orichalcum":59,"Ancient Tea Set":10,"Akabeko":36,"ClockworkSouvenir":23,"CaptainsWheel":50,"Dream Catcher":64,"Busted Crown":20,"Matryoshka":29,"Shovel":68,"MutagenicStrength":23,"Red Mask":26,"Black Star":44,"MiniHakkero":0,"Membership Card":55,"FossilizedHelix":23,"Toy Ornithopter":59,"Meat on the Bone":64}],"Toy Ornithopter":0,"Meat on the Bone":0},"card_choices":[{"not_picked":["MagicAbsorber","GravityBeat"],"picked":"MilkyWay","floor":1},{"not_picked":["GasGiant","UnstableBomb","GravityBeat"],"picked":"SKIP","floor":4},{"not_picked":["IllusionStar","StarlightTyphoon"],"picked":"PulseMagic","floor":5},{"not_picked":["DC","LuminesStrike"],"picked":"Robbery","floor":7},{"not_picked":["6A","IllusionStar"],"picked":"StarBarrage","floor":12},{"not_picked":["StarBarrage","Acceleration"],"picked":"EnergyFlow","floor":14},{"not_picked":[],"picked":"GrandCross","floor":18},{"not_picked":["MagicChant"],"picked":"SKIP","floor":24},{"not_picked":[],"picked":"MagicAbsorber","floor":28},{"not_picked":["EventHorizon"],"picked":"SKIP","floor":29},{"not_picked":[],"picked":"EarthLightRay","floor":31},{"not_picked":[],"picked":"EnergyFlow+1","floor":35},{"not_picked":["UnstableBomb"],"picked":"SKIP","floor":36},{"not_picked":["IllusionStar"],"picked":"SKIP","floor":39},{"not_picked":["IllusionStar"],"picked":"SKIP","floor":42},{"not_picked":[],"picked":"SporeBomb+1","floor":44},{"not_picked":["EventHorizon"],"picked":"SKIP","floor":46}],"player_experience":943230,"relics_obtained":[{"floor":9,"key":"Ancient Tea Set"},{"floor":14,"key":"PreservedInsect"},{"floor":22,"key":"Red Mask"},{"floor":24,"key":"Matryoshka"},{"floor":26,"key":"Gremlin Horn"},{"floor":26,"key":"Pen Nib"},{"floor":29,"key":"Akabeko"},{"floor":43,"key":"Orichalcum"},{"floor":43,"key":"Toy Ornithopter"},{"floor":44,"key":"Dream Catcher"},{"floor":44,"key":"Meat on the Bone"},{"floor":45,"key":"Shovel"}],"event_choices":[{"cards_removed":["Strike_MRS"],"damage_healed":0,"gold_gain":0,"player_choice":"Offered Basic","damage_taken":0,"max_hp_gain":0,"max_hp_loss":0,"event_name":"Bonfire Elementals","floor":3,"gold_loss":0},{"damage_healed":0,"gold_gain":0,"player_choice":"Inject Mutagens","damage_taken":0,"relics_obtained":["MutagenicStrength"],"max_hp_gain":0,"max_hp_loss":0,"event_name":"Drug Dealer","floor":19,"gold_loss":0},{"damage_healed":0,"gold_gain":0,"player_choice":"Obtained Relic","damage_taken":0,"relics_obtained":["FossilizedHelix"],"max_hp_gain":0,"max_hp_loss":0,"event_name":"Addict","floor":20,"gold_loss":85},{"damage_healed":0,"gold_gain":0,"player_choice":"Fought Bandits","damage_taken":0,"max_hp_gain":0,"max_hp_loss":0,"event_name":"Masked Bandits","floor":22,"gold_loss":0},{"damage_healed":0,"gold_gain":100,"player_choice":"Pray","damage_taken":0,"max_hp_gain":0,"max_hp_loss":0,"event_name":"Golden Shrine","floor":30,"gold_loss":0},{"damage_healed":0,"gold_gain":0,"player_choice":"Max HP","damage_taken":0,"max_hp_gain":0,"max_hp_loss":4,"event_name":"Winding Halls","floor":37,"gold_loss":0},{"damage_healed":0,"gold_gain":0,"player_choice":"Fight","damage_taken":0,"max_hp_gain":0,"max_hp_loss":0,"event_name":"MindBloom","floor":45,"gold_loss":0},{"cards_removed":["GrandCross"],"damage_healed":0,"gold_gain":0,"player_choice":"Removed Attack","damage_taken":0,"max_hp_gain":0,"max_hp_loss":0,"event_name":"Falling","floor":48,"gold_loss":0}],"is_beta":false,"boss_relics":[{"not_picked":["Tiny House","Velvet Choker"],"picked":"Busted Crown"},{"not_picked":["BewitchedHakkero","Fusion Hammer"],"picked":"Black Star"}],"items_purged_floors":[2,25,38],"is_endless":false,"potions_floor_spawned":[1,12,18,28,29,39,42,44,46],"ascension_level":0}}