{"host":"a4s27ghlnr83kbqz","time":1610187016,"event":{"mods":["AchievementEnabler","BaseMod","Colored Map","Minty Spire (QoL Compilation)","Permanent Neow","SuperFastMode"],"gold_per_floor":[16,33,53,53,73,98,98,108,131,131,56,56,87,87,87,87,87],"floor_reached":16,"playtime":216,"items_purged":["Strike_R"],"score":270,"play_id":"4d5cf573-2db3-4d9e-9b20-f0bce21eba9a","local_time":"20210109181016","is_ascension_mode":true,"campfire_choices":[{"data":"Bludgeon","floor":10,"key":"SMITH"},{"data":"Bash","floor":12,"key":"SMITH"},{"data":"Second Wind","floor":15,"key":"SMITH"}],"circlet_count":0,"master_deck":["AscendersBane","Strike_R+1","Strike_R+1","Strike_R","Defend_R","Defend_R","Defend_R","Defend_R","Bash+1","Bludgeon+1","Second Wind+1"],"relics":["Burning Blood","Sundial","Ancient Tea Set","Whetstone"],"acts_visited":["Exordium"],"potions_floor_usage":[6,6,13],"damage_taken":[{"damage":12,"enemies":"Jaw Worm","floor":1,"turns":2},{"damage":1,"enemies":"Cultist","floor":2,"turns":3},{"damage":23,"enemies":"Small Slimes","floor":3,"turns":5},{"damage":16,"enemies":"Blue Slaver","floor":5,"turns":3},{"damage":40,"enemies":"3 Sentries","floor":6,"turns":7},{"damage":7,"enemies":"Large Slime","floor":8,"turns":5},{"damage":0,"enemies":"Gremlin Nob","floor":13,"turns":2},{"damage":52,"enemies":"Hexaghost","floor":16,"turns":7}],"seed_played":"-7511831853796604885","potions_obtained":[{"floor":1,"key":"BloodPotion"},{"floor":3,"key":"Explosive Potion"},{"floor":6,"key":"LiquidMemories"}],"is_trial":false,"path_per_floor":["M","M","M","?","M","E","?","M","T","R","$","R","E","?","R","B"],"character_chosen":"IRONCLAD","items_purchased":[],"campfire_rested":0,"item_purchase_floors":[],"current_hp_per_floor":[62,67,50,50,40,21,46,45,45,45,45,45,51,44,44,0,0],"gold":87,"neow_bonus":"THREE_RARE_CARDS","is_daily":false,"chose_seed":false,"campfire_upgraded":3,"win_rate":0.0,"timestamp":1610187016,"path_taken":["M","M","M","?","?","E","?","M","T","R","$","R","E","?","R","BOSS"],"items_purchased_type":[],"build_version":"2020-12-22","purchased_purges":1,"victory":false,"max_hp_per_floor":[75,75,75,75,75,75,75,75,75,75,75,75,75,75,75,75,75],"card_choices":[{"not_picked":["Berserk","Demon Form"],"picked":"Bludgeon","floor":0},{"not_picked":["Sword Boomerang","Ghostly Armor","Flex"],"picked":"SKIP","floor":1},{"not_picked":["Iron Wave","Whirlwind"],"picked":"Second Wind","floor":2},{"not_picked":["Twin Strike","Flex","Havoc"],"picked":"SKIP","floor":3},{"not_picked":["Rage","Reaper","Warcry"],"picked":"SKIP","floor":5},{"not_picked":["Spot Weakness","Iron Wave","Berserk"],"picked":"SKIP","floor":6},{"not_picked":["True Grit","Anger","Body Slam"],"picked":"SKIP","floor":8},{"not_picked":["Exhume","Iron Wave","Anger"],"picked":"SKIP","floor":13}],"player_experience":1097726,"relics_obtained":[{"floor":6,"key":"Sundial"},{"floor":9,"key":"Ancient Tea Set"},{"floor":13,"key":"Whetstone"}],"event_choices":[{"damage_healed":0,"gold_gain":0,"player_choice":"Got Potions","damage_taken":0,"max_hp_gain":0,"max_hp_loss":0,"event_name":"Lab","floor":4,"gold_loss":0},{"damage_healed":25,"gold_gain":0,"player_choice":"Banana","damage_taken":0,"max_hp_gain":0,"max_hp_loss":0,"event_name":"Big Fish","floor":7,"gold_loss":0},{"cards_removed":["Strike_R"],"damage_healed":0,"gold_gain":0,"player_choice":"Card Removal","damage_taken":7,"max_hp_gain":0,"max_hp_loss":0,"event_name":"Golden Wing","floor":14,"gold_loss":0}],"is_beta":false,"boss_relics":[],"items_purged_floors":[11],"is_endless":false,"potions_floor_spawned":[1,3,6],"killed_by":"Hexaghost","ascension_level":20}}