{"host":"4lxzgdqpvzyot39g","time":1610228140,"event":{"mods":["100% Spire Juice","Abigail Mod","Act Like it!","Aspiration","BaseMod","Beaked The Cultist","Better Altar","Better Match","Better Note","Better Sensory Stone","Better Skull","Better Third Choice","CCEM","Colored Map","Colored Powertips","Conspire","Dark Map","Displayed Cursed Tome","Dota2Spire","Energized Spire","Fox Events","Friendly Minions","Gensokyo","GifTheSpireLib","Halation","Hallownest","Hermit","Highlight Path","Hubris","Infinite Spire","Jedi Mod","JesterMod","Mari Mod (Legacy)","Mari\u0027s V1 Patch","MarisaÅiñ∂âJÅ@ñÇóùçπÅj","Minty Spire (QoL Compilation)","Prisma Mod","Quarter Circle Forward PUNCH!","Relic Filter","Replay The Spire","Robot Space Explorer","SCP261 Mod","Small Relic Pack","Spicy Shops","Spikes Relics","StSLib","Stuff the Spire","The Alterego","The Blue Laboratory","The Bug Knight","The Cursed","The Fake Hero","The Servant 0.9.4","The Wild Card","Trackpad","Waifu the Spire","WarShipGirlsR/??è≠èóR mod","vexMod","Åy?ï®?îvÅzREMEMod"],"gold_per_floor":[517,41,41,70,85,85,115,128,155,183,183,83,99,112,112,207,207,221,231,231,251,267,267,267,300,324,353,13,31,60,60,60,165,165,179,32,32,32,32],"floor_reached":38,"playtime":2752,"items_purged":["luka_mod:Surrender","luka_mod:Wait","luka_mod:Edging","luka_mod:FlailWildly"],"score":829,"play_id":"30bdb66d-35ce-4971-8bff-4317a4231339","local_time":"20210109163540","is_ascension_mode":true,"campfire_choices":[{"data":"luka_mod:StrikeLukaThree","floor":6.0,"key":"SMITH"},{"data":"luka_mod:Undine","floor":11,"key":"SMITH"},{"data":"luka_mod:StrikeLukaTwo","floor":15,"key":"SMITH"},{"data":"luka_mod:Sensitive","floor":24,"key":"SMITH"},{"data":"luka_mod:Tamamo","floor":32,"key":"SMITH"}],"circlet_count":0,"master_deck":["AscendersBane","luka_mod:StrikeLukaOne","luka_mod:StrikeLukaTwo+1","luka_mod:StrikeLukaThree+1","luka_mod:StrikeLukaFour","luka_mod:StrikeLukaFive","luka_mod:StrikeLukaSix","luka_mod:Meditation","TheCursedMod:OutForBlood+1","luka_mod:Undine+1","luka_mod:StrikeLuka","luka_mod:Sylph","luka_mod:Granberia","luka_mod:Sylph","luka_mod:Erubetie","infinitespire:Collect","luka_mod:Sensitive+1","luka_mod:Gnome","luka_mod:Salamander","luka_mod:Tamamo+1","luka_mod:BegIlias","luka_mod:Tamamo"],"relics":["luka_mod:KeepsakeRing","REME_ComplimentaryCards","hubris:Potato","aspiration:EmptySkull","qcfpunch:School_Backpack","ReplayTheSpireMod:Ninjato","Happy Flower","aspiration:SecretTechniqueScroll","hubris:TenFootPole","Replay:Wax Seal","trackpad:Compendium","Durian","ReplayFunnel","ReplayTheSpireMod:TigerMarble","hubris:Icosahedron","Replay:Drink Me","hubris:TenFootPole"],"acts_visited":["Hallownest:Greenpath","Gensokyo:Gensokyoer","Hallownest:KingdomsEdge"],"potions_floor_usage":[7,16,16,19,27,27],"damage_taken":[{"damage":8.0,"enemies":"Hallownest:monsterHuskWarrior","floor":1.0,"turns":4.0},{"damage":49.0,"enemies":"Hallownest:eliteCrystalGuardian","floor":4.0,"turns":6.0},{"damage":7.0,"enemies":"Hallownest:monsterHuskGuard","floor":5.0,"turns":5.0},{"damage":19,"enemies":"Hallownest:eliteCrystalGuardian","floor":7,"turns":5},{"damage":10,"enemies":"Hallownest:2_Baldur","floor":8,"turns":3},{"damage":10,"enemies":"Hallownest:eliteVengeflyKing","floor":10,"turns":5},{"damage":2,"enemies":"Hallownest:monsterFoolEater","floor":13,"turns":3},{"damage":43,"enemies":"Hallownest:1_Ooma_and_2_Uuma","floor":14,"turns":7},{"damage":3,"enemies":"Hallownest:BossBrokenVessel","floor":16,"turns":4},{"damage":2,"enemies":"Gensokyo:2_Gloops","floor":18,"turns":3},{"damage":15,"enemies":"Gensokyo:3_Dogs","floor":19,"turns":3},{"damage":0,"enemies":"Gensokyo:Swordslinger","floor":21,"turns":4},{"damage":34,"enemies":"Gensokyo:Wraith","floor":22,"turns":4},{"damage":0,"enemies":"Gensokyo:Koishi","floor":25,"turns":4},{"damage":12,"enemies":"Gensokyo:Reisen","floor":27,"turns":4},{"damage":0,"enemies":"Gensokyo:3_Gloops","floor":29,"turns":3},{"damage":0,"enemies":"Nightmare","floor":30,"turns":4},{"damage":0,"enemies":"Gensokyo:Eiki","floor":33,"turns":5},{"damage":0,"enemies":"Hallownest:3_Siblings","floor":35,"turns":4}],"seed_played":"-6596096073112002700","potions_obtained":[{"floor":1.0,"key":"jedi:tentaclejuice"},{"floor":4.0,"key":"blueLaboratory:PolymorphPotion"},{"floor":7,"key":"blueLaboratory:BottleOfVodka"},{"floor":10,"key":"Block Potion"},{"floor":13,"key":"SCP261:BarrettColaPotion"},{"floor":16,"key":"DuplicationPotion"},{"floor":18,"key":"blueLaboratory:BubblePotion"},{"floor":25,"key":"PowerPotion"},{"floor":29,"key":"Dota2Spire:HealingSalve"},{"floor":35,"key":"SpeedPotion"}],"is_trial":false,"path_per_floor":["M","$","?","?","M","R","E","M","T","E","R","$","M","M","R","B",null,"M","M","AVR","M","M","?","R","E","T","E","$","M","NM","?","R","B",null,"M","$","?","?"],"character_chosen":"LUKA_CLASS","items_purchased":["hubris:Potato","luka_mod:Undine","aspiration:EmptySkull","ReplayFunnel","luka_mod:Salamander","hubris:TenFootPole"],"campfire_rested":0,"item_purchase_floors":[2,2,2,28,28,36],"current_hp_per_floor":[40,40,40,7,20,20,21,31,31,21,21,21,21,38,38,18,35,40,25,25,40,26,26,26,26,26,45,45,45,45,45,45,45,34,34,34,34,0,0],"gold":32,"neow_bonus":"UPGRADE_CARD","is_daily":false,"chose_seed":false,"campfire_upgraded":5,"win_rate":0.0,"timestamp":1610228140,"path_taken":["M","$","?","?","M","R","E","?","T","E","R","$","M","M","R","BOSS","M","M","AVR","M","M","?","R","E","T","E","$","M","NM","?","R","BOSS","M","$","?","?"],"items_purchased_type":["Relic","Card","Relic","Relic","Card","Relic"],"build_version":"2020-12-22","purchased_purges":4,"victory":false,"max_hp_per_floor":[40,40,40,40,40,40,40,40,40,40,40,40,40,40,40,40,40,40,40,40,40,40,40,40,40,40,45,45,45,45,45,45,45,34,34,34,34,34,34],"card_choices":[{"not_picked":["luka_mod:PerfectTiming","luka_mod:LightningSwordFlash","luka_mod:WindSlash"],"picked":"SKIP","floor":1.0},{"not_picked":["luka_mod:EarthSlash","luka_mod:WindSlash","luka_mod:DemonDecapitation"],"picked":"SKIP","floor":4.0},{"not_picked":["StuffTheSpire:Slingshot","ReplayTheSpireMod:Stacked","Wild Strike"],"picked":"SKIP","floor":5.0},{"not_picked":["luka_mod:DemonDecapitation","luka_mod:LightningSwordFlash","luka_mod:Calm"],"picked":"SKIP","floor":5.0},{"not_picked":["luka_mod:OiAlice","luka_mod:PerfectTiming"],"picked":"luka_mod:StrikeLuka","floor":7},{"not_picked":["CrushJoints+1","REME_MusicOfDeath","Brilliance"],"picked":"SKIP","floor":7},{"not_picked":["luka_mod:TouchFluffyTail","luka_mod:DemonSkullBeheading"],"picked":"luka_mod:Sylph","floor":8},{"not_picked":["Anger","Impervious","Sword Boomerang"],"picked":"SKIP","floor":8},{"not_picked":["luka_mod:SmallBody","luka_mod:StressRelief"],"picked":"luka_mod:Granberia","floor":10},{"not_picked":["jedi:controlledanger","Sword Boomerang","conspire:Charge"],"picked":"SKIP","floor":10},{"not_picked":["luka_mod:IliasesJudgement","luka_mod:Struggle"],"picked":"luka_mod:Sylph","floor":13},{"not_picked":["REME_Repentance","CutThroughFate","FearNoEvil"],"picked":"SKIP","floor":13},{"not_picked":["luka_mod:Feel","luka_mod:Sylph","luka_mod:PeacePreach"],"picked":"SKIP","floor":14},{"not_picked":["luka_mod:SpoilerForm","luka_mod:NinefoldRakshasa"],"picked":"luka_mod:Erubetie","floor":16},{"not_picked":["luka_mod:DemonSkullBeheading","luka_mod:Struggle","luka_mod:PeacePreach"],"picked":"SKIP","floor":18},{"not_picked":["luka_mod:Optimistic","luka_mod:AngryLuka","luka_mod:DemonDecapitation"],"picked":"SKIP","floor":19},{"not_picked":["luka_mod:Struggle","luka_mod:TouchFluffyTail"],"picked":"luka_mod:SmallBody","floor":21},{"not_picked":["luka_mod:FlashKill","luka_mod:Determination","luka_mod:Intense"],"picked":"SKIP","floor":22},{"not_picked":[],"picked":"luka_mod:Sensitive","floor":23},{"not_picked":["luka_mod:StrikeLuka","luka_mod:DemonDecapitation","luka_mod:Cutscene"],"picked":"SKIP","floor":25},{"not_picked":["luka_mod:StrikeLuka","luka_mod:AngryLuka"],"picked":"luka_mod:Gnome","floor":27},{"not_picked":["luka_mod:AngryLuka","luka_mod:DemonDecapitation"],"picked":"luka_mod:Tamamo","floor":29},{"not_picked":["luka_mod:IliasesJudgement","luka_mod:Struggle"],"picked":"luka_mod:BegIlias","floor":30},{"not_picked":["luka_mod:SpoilerDance","luka_mod:Ora"],"picked":"luka_mod:Tamamo","floor":33},{"not_picked":["luka_mod:EarthSlash","luka_mod:Undine","luka_mod:LightningSwordFlash"],"picked":"SKIP","floor":35}],"player_experience":892075,"relics_obtained":[{"floor":4.0,"key":"qcfpunch:School_Backpack"},{"floor":7,"key":"ReplayTheSpireMod:Ninjato"},{"floor":10,"key":"Happy Flower"},{"floor":25,"key":"Replay:Wax Seal"},{"floor":26,"key":"trackpad:Compendium"},{"floor":27,"key":"Durian"},{"floor":30,"key":"ReplayTheSpireMod:TigerMarble"}],"event_choices":[],"is_beta":false,"boss_relics":[{"not_picked":["CCEMRelics:GreenEgg","halation:Yufonium"],"picked":"aspiration:SecretTechniqueScroll"},{"not_picked":["halation:MonkeysPaw","StuffTheSpire:RunicConfusion"],"picked":"Replay:Drink Me"}],"items_purged_floors":[2,12,20,28],"is_endless":false,"potions_floor_spawned":[1,4,7,10,13,16,18,25,29,35],"ascension_level":12}}