{"host":"YagamiMirai","time":1610215059,"event":{"mods":["Act Like it!","BaseMod","Downfall","Hermit","Lobotomy","Minty Spire (QoL Compilation)","Replay The Spire","Spicy Shops","StSLib","The Animator","The Gatherer","The Mystic","vexMod","óô»ðÖ¸ÄÏ"],"gold_per_floor":[99,111,111,123,139,149,149,163,138,48,65,90,190,215,241,349,349,274,293,318,318,318,346,373,392,437,545,589,621,665,111,138,251,251,101,138,147,147,161,38,38,81,38,71,124,224,115,166,179,179,179,216,67,67,67],"floor_reached":56,"playtime":4931,"items_purged":["Pain","hexamod:Defend","ReplayTheSpireMod:Doomed"],"score":1564,"play_id":"b0d1c19e-0849-453b-a8c0-85a2820301d1","local_time":"20210110015739","is_ascension_mode":true,"campfire_choices":[{"floor":1.0,"key":"RECALL"},{"data":"hexamod:TimeWarp","floor":18.0,"key":"SMITH"},{"data":"hexamod:ParanormalForm","floor":35.0,"key":"SMITH"},{"data":"hexamod:Strike+1","floor":54.0,"key":"PURGE"}],"circlet_count":0,"master_deck":["hexamod:Strike+1","hexamod:Strike+1","hexamod:Strike+1","hexamod:Defend+1","hexamod:Defend+1","hexamod:Defend+1","hexamod:Sear+1","hexamod:Float+1","hexamod:GhostOfSpirePast+1","hexamod:BurningTouch+1","hexamod:FastForward+1","hexamod:RainOfEmbers+1","hexamod:ParanormalForm+1","hexamod:SpectersWail+1","hexamod:BacktrackSmack+1","hexamod:RetreatToShadows+1","hexamod:SpectersWail+1","hexamod:TimeWarp+1","hexamod:SixthSeal","hexamod:FourthSeal","hexamod:SecondSeal","Slimebound:CheckThePlaybook+1","hexamod:FirstSeal","hexamod:RetreatToShadows+1","hexamod:EmpoweringStance+1","hexamod:Hexaguard+1","hexamod:FifthSeal","hexamod:Firestarter+1","hexamod:RainOfEmbers+1","hexamod:RainOfEmbers+1","hexamod:RetreatToShadows+1","Specialist+1","Specialist+1","hexamod:CatchUp+1"],"relics":["hexamod:SpiritBrand","WarpedTongs","Replay:Multitool","Bird Faced Urn","Nunchaku","Busted Crown","downfall:HeartBlessingRed","Blue Doll","Ornamental Fan","FossilizedHelix","Regal Pillow","Molten Egg 2","Chemical X","CeramicFish","Centennial Puzzle","hexamod:TheBrokenSeal","Philosopher\u0027s Stone","downfall:HeartBlessingGreen","downfall:HeartBlessingBlue","ReplayTheSpireMod:Ring of Exchange","Ring of Hypnosis","Frozen Egg 2","Replay:Baseball","Iron Hammer","Durian","War Paint","Pantograph","Bronze Scales","Bag of Preparation"],"acts_visited":["Exordium","TheCity","TheBeyond","TheEnding"],"potions_floor_usage":[55,55,55],"damage_taken":[{"damage":0.0,"enemies":"Jaw Worm","floor":2.0,"turns":3.0},{"damage":6.0,"enemies":"Cultist","floor":4.0,"turns":3.0},{"damage":5.0,"enemies":"2 Louse","floor":5.0,"turns":4.0},{"damage":3.0,"enemies":"Blue Slaver","floor":6.0,"turns":3.0},{"damage":29.0,"enemies":"Large Slime","floor":8.0,"turns":9.0},{"damage":2.0,"enemies":"downfall:FleeingMerchant","floor":10.0,"turns":4.0},{"damage":6.0,"enemies":"2 Fungi Beasts","floor":11.0,"turns":4.0},{"damage":7.0,"enemies":"Lagavulin","floor":12.0,"turns":6.0},{"damage":0.0,"enemies":"Replay:BlueRogue","floor":14.0,"turns":5.0},{"damage":16.0,"enemies":"Lots of Slimes","floor":15.0,"turns":5.0},{"damage":29.0,"enemies":"downfall:Silent","floor":16.0,"turns":7.0},{"damage":0.0,"enemies":"Chosen","floor":19.0,"turns":4.0},{"damage":16.0,"enemies":"3 Cultists","floor":20.0,"turns":5.0},{"damage":15.0,"enemies":"Chosen and Byrds","floor":23.0,"turns":5.0},{"damage":11.0,"enemies":"Snake Plant","floor":25.0,"turns":2.0},{"damage":33.0,"enemies":"Slavers","floor":26.0,"turns":5.0},{"damage":20.0,"enemies":"Colosseum Nobs","floor":27.0,"turns":6.0},{"damage":12.0,"enemies":"Gremlin Leader","floor":28.0,"turns":8.0},{"damage":18.0,"enemies":"Centurion and Healer","floor":29.0,"turns":6.0},{"damage":27.0,"enemies":"Book of Stabbing","floor":30.0,"turns":6.0},{"damage":6.0,"enemies":"downfall:FleeingMerchant","floor":31.0,"turns":4.0},{"damage":0.0,"enemies":"Cultist and Chosen","floor":32.0,"turns":5.0},{"damage":3.0,"enemies":"downfall:Defect","floor":33.0,"turns":5.0},{"damage":12.0,"enemies":"3 Shapes","floor":36.0,"turns":3.0},{"damage":0.0,"enemies":"Orb Walker","floor":39.0,"turns":2.0},{"damage":2.0,"enemies":"downfall:FleeingMerchant","floor":40.0,"turns":4.0},{"damage":26.0,"enemies":"R_Hoarder","floor":42.0,"turns":4.0},{"damage":16.0,"enemies":"Nemesis","floor":44.0,"turns":3.0},{"damage":0.0,"enemies":"downfall:FleeingMerchant","floor":45.0,"turns":1.0},{"damage":0.0,"enemies":"R_Hoarder","floor":48.0,"turns":4.0},{"damage":0.0,"enemies":"Sphere and 2 Shapes","floor":49.0,"turns":2.0},{"damage":7.0,"enemies":"downfall:Ironclad","floor":50.0,"turns":5.0},{"damage":5.0,"enemies":"downfall:CharBossMerchant","floor":52.0,"turns":7.0},{"damage":36,"enemies":"downfall:NeowBoss","floor":55,"turns":20}],"seed_played":"8506807250647404443","potions_obtained":[{"floor":2.0,"key":"Fire Potion"},{"floor":8.0,"key":"SteroidPotion"},{"floor":12.0,"key":"Swift Potion"},{"floor":14.0,"key":"Fire Potion"},{"floor":16.0,"key":"Dexterity Potion"},{"floor":20.0,"key":"EssenceOfSteel"},{"floor":23.0,"key":"EssenceOfSteel"},{"floor":23.0,"key":"PowerPotion"},{"floor":25.0,"key":"Fire Potion"},{"floor":25.0,"key":"Fire Potion"},{"floor":26.0,"key":"Regen Potion"},{"floor":26.0,"key":"Elixir"},{"floor":27.0,"key":"Elixir"},{"floor":27.0,"key":"Weak Potion"},{"floor":28.0,"key":"BlessingOfTheForge"},{"floor":29.0,"key":"Slimebound:ThreeZeroPotion"},{"floor":30.0,"key":"AttackPotion"},{"floor":31.0,"key":"ColorlessPotion"}],"is_trial":false,"path_per_floor":["R","M","?","M","M","M","T","M","?","$","M","E","?","E","M","B",null,"R","M","M","?","?","M","T","M","E","?","E","M","E","$","M","B",null,"R","M","?","?","M","$","T","E","R","E","$","?","R","E","M","B",null,"E","$","R","B",null],"character_chosen":"THE_SPIRIT","items_purchased":["Chemical X","CeramicFish","Centennial Puzzle","hexamod:RainOfEmbers+1","Durian","War Paint","Specialist+1","Bag of Preparation"],"campfire_rested":0,"item_purchase_floors":[31,31,31,43,45,47,47,53],"current_hp_per_floor":[70,70,70,64,59,56,56,27,27,25,19,19,19,23,24,5,70,70,70,70,46,33,34,34,29,21,39,48,64,62,75,85,85,85,95,95,95,95,95,95,95,73,73,74,85,85,85,100,100,100,100,100,100,100,71],"gold":67,"neow_bonus":"UPGRADE_CARD","is_daily":false,"chose_seed":false,"campfire_upgraded":2,"win_rate":0.0,"timestamp":1610215059,"path_taken":["R","M","?","?","M","?","T","M","?","$","M","E","?","E","M","BOSS","R","M","M","?","?","M","T","M","E","?","E","M","E","$","M","BOSS","R","M","?","?","M","$","T","E","R","E","$","?","R","E","M","BOSS","E","$","R","BOSS"],"items_purchased_type":["Relic","Relic","Relic","Card","Relic","Relic","Card","Relic"],"build_version":"2020-12-18","purchased_purges":3,"victory":true,"max_hp_per_floor":[70,70,70,70,70,70,70,70,70,70,70,70,70,70,70,70,70,70,70,70,70,75,75,75,75,75,75,75,75,75,75,85,85,85,95,95,95,95,95,95,95,95,95,95,100,100,100,100,100,100,100,100,100,100,100],"card_choices":[{"not_picked":["hexamod:HeatShield","hexamod:RainOfEmbers"],"picked":"hexamod:GhostOfSpirePast","floor":2.0},{"not_picked":["hexamod:Incineration","hexamod:HauntingEcho"],"picked":"hexamod:BurningTouch","floor":4.0},{"not_picked":["hexamod:NightmareGuise","hexamod:SwordOfDarkness"],"picked":"hexamod:FastForward","floor":5.0},{"not_picked":["hexamod:HauntingEcho","hexamod:GhostShield"],"picked":"hexamod:RainOfEmbers","floor":6.0},{"not_picked":["hexamod:ShieldOfDarkness","hexamod:Hexaguard"],"picked":"hexamod:ParanormalForm","floor":8.0},{"not_picked":["hexamod:GhostflameBarrier","hexamod:FastForward"],"picked":"hexamod:FifthSeal","floor":10.0},{"not_picked":["hexamod:SecondSeal","hexamod:FourthSeal"],"picked":"hexamod:FirstSeal","floor":11.0},{"not_picked":["hexamod:ShieldOfDarkness","hexamod:FastForward"],"picked":"hexamod:SpectersWail","floor":11.0},{"not_picked":["hexamod:GhostLash","hexamod:AdvancingGuard"],"picked":"hexamod:BacktrackSmack","floor":12.0},{"not_picked":["hexamod:FourthSeal","hexamod:FirstSeal"],"picked":"hexamod:SixthSeal","floor":12.0},{"not_picked":["hexamod:ThermalTransfer","hexamod:ParanormalForm"],"picked":"hexamod:RetreatToShadows","floor":14.0},{"not_picked":["hexamod:SixthSeal","hexamod:ThirdSeal"],"picked":"hexamod:SecondSeal","floor":14.0},{"not_picked":["hexamod:ThirdSeal","hexamod:FirstSeal"],"picked":"hexamod:FourthSeal","floor":15.0},{"not_picked":["hexamod:SwordOfDarkness","hexamod:FastForward"],"picked":"hexamod:SpectersWail","floor":15.0},{"not_picked":["hexamod:GiftsFromTheDead","hexamod:ApocalypticArmor"],"picked":"hexamod:TimeWarp","floor":16.0},{"not_picked":["hexamod:FirstSeal","hexamod:SecondSeal"],"picked":"hexamod:SixthSeal","floor":16.0},{"not_picked":[],"picked":"hexamod:FourthSeal","floor":19.0},{"not_picked":["hexamod:GhostShield"],"picked":"SKIP","floor":19.0},{"not_picked":[],"picked":"hexamod:SecondSeal","floor":20.0},{"not_picked":["hexamod:RainOfEmbers"],"picked":"SKIP","floor":20.0},{"not_picked":["hexamod:FourthSeal"],"picked":"SKIP","floor":23.0},{"not_picked":["hexamod:GhostShield"],"picked":"SKIP","floor":23.0},{"not_picked":["hexamod:GhostOfSpireFuture"],"picked":"SKIP","floor":25.0},{"not_picked":["hexamod:FastForward"],"picked":"SKIP","floor":26.0},{"not_picked":[],"picked":"hexamod:FirstSeal","floor":28.0},{"not_picked":[],"picked":"hexamod:RetreatToShadows+1","floor":28.0},{"not_picked":[],"picked":"hexamod:EmpoweringStance","floor":29.0},{"not_picked":["hexamod:FourthSeal"],"picked":"SKIP","floor":29.0},{"not_picked":["hexamod:FirstSeal"],"picked":"SKIP","floor":30.0},{"not_picked":["hexamod:SwordOfDarkness+1"],"picked":"SKIP","floor":30.0},{"not_picked":[],"picked":"hexamod:ThirdSeal","floor":31.0},{"not_picked":[],"picked":"hexamod:Hexaguard+1","floor":31.0},{"not_picked":["hexamod:InspiringFlames"],"picked":"SKIP","floor":32.0},{"not_picked":["hexamod:InspiringFlames"],"picked":"SKIP","floor":32.0},{"not_picked":[],"picked":"hexamod:FifthSeal","floor":33.0},{"not_picked":[],"picked":"hexamod:Firestarter+1","floor":36.0},{"not_picked":["hexamod:FourthSeal"],"picked":"SKIP","floor":36.0},{"not_picked":["hexamod:FastForward"],"picked":"SKIP","floor":39.0},{"not_picked":[],"picked":"hexamod:RainOfEmbers+1","floor":40.0},{"not_picked":["hexamod:FirstSeal"],"picked":"SKIP","floor":40.0},{"not_picked":["hexamod:SecondSeal"],"picked":"SKIP","floor":42.0},{"not_picked":["hexamod:ThermalTransfer+1"],"picked":"SKIP","floor":42.0},{"not_picked":["hexamod:BurningTouch+1"],"picked":"SKIP","floor":44.0},{"not_picked":[],"picked":"hexamod:RetreatToShadows+1","floor":45.0},{"not_picked":[],"picked":"hexamod:CatchUp","floor":48.0},{"not_picked":["hexamod:FourthSeal"],"picked":"SKIP","floor":48.0},{"not_picked":["hexamod:GhostflameBarrier+1"],"picked":"SKIP","floor":49.0},{"not_picked":["hexamod:SixthSeal"],"picked":"SKIP","floor":52.0},{"not_picked":["hexamod:Haunt"],"picked":"SKIP","floor":52.0}],"player_experience":943234,"relics_obtained":[{"floor":7.0,"key":"Replay:Multitool"},{"floor":12.0,"key":"Bird Faced Urn"},{"floor":14.0,"key":"Nunchaku"},{"floor":26.0,"key":"Blue Doll"},{"floor":27.0,"key":"Ornamental Fan"},{"floor":27.0,"key":"FossilizedHelix"},{"floor":28.0,"key":"Regal Pillow"},{"floor":30.0,"key":"Molten Egg 2"},{"floor":37.0,"key":"ReplayTheSpireMod:Ring of Exchange"},{"floor":37.0,"key":"Ring of Hypnosis"},{"floor":41.0,"key":"Frozen Egg 2"},{"floor":42.0,"key":"Replay:Baseball"},{"floor":44.0,"key":"Iron Hammer"},{"floor":48.0,"key":"Pantograph"},{"floor":52.0,"key":"Bronze Scales"}],"event_choices":[{"damage_healed":0.0,"max_hp_gain":0.0,"max_hp_loss":0.0,"gold_gain":0.0,"event_name":"Accursed Blacksmith","player_choice":"Rummage","floor":3.0,"gold_loss":0.0,"damage_taken":0.0,"relics_obtained":["WarpedTongs"],"cards_obtained":["Pain"]}],"is_beta":true,"boss_relics":[{"not_picked":["Black Star","vexMod:RockOfEvil"],"picked":"Busted Crown"},{"not_picked":["Snecko Eye","vexMod:CursedCompass"],"picked":"Philosopher\u0027s Stone"}],"items_purged_floors":[10,31,40],"is_endless":false,"potions_floor_spawned":[2,8,12,14,15,25,27,28,32,33,36,44,48,52],"ascension_level":1}}