{"host":"9ndbo4kgsfoemf7y","time":1610175077,"event":{"mods":["AchievementEnabler","BaseMod","Colored Map","DeckTracker","Keyboard Shortcuts","Minty Spire (QoL Compilation)","Permanent Neow","Quick Restart","Relic Stats","StSLib","SuperFastMode"],"gold_per_floor":[13,29,47,197,214,214,214],"floor_reached":6,"playtime":658,"items_purged":[],"score":76,"play_id":"c7c4344e-05b3-4e40-81da-3cbb9469c240","local_time":"20210109155117","is_ascension_mode":true,"campfire_choices":[],"circlet_count":0,"master_deck":["AscendersBane","Strike_R","Strike_R","Strike_R","Strike_R","Strike_R","Defend_R","Defend_R","Defend_R","Defend_R","Bash","Sadistic Nature","Disarm","Feel No Pain","Havoc","Doubt","Clothesline"],"relics":["Burning Blood"],"acts_visited":["Exordium"],"potions_floor_usage":[],"damage_taken":[{"damage":19.0,"enemies":"Jaw Worm","floor":1.0,"turns":4.0},{"damage":11.0,"enemies":"Small Slimes","floor":2.0,"turns":3.0},{"damage":6.0,"enemies":"Cultist","floor":3.0,"turns":5.0},{"damage":18.0,"enemies":"Large Slime","floor":5.0,"turns":8.0},{"damage":39,"enemies":"Gremlin Nob","floor":6,"turns":4}],"seed_played":"-3022990294579931141","potions_obtained":[{"floor":1.0,"key":"Strength Potion"},{"floor":3.0,"key":"SteroidPotion"}],"is_trial":false,"path_per_floor":["M","M","M","?","M","E"],"character_chosen":"IRONCLAD","items_purchased":[],"campfire_rested":0,"item_purchase_floors":[],"current_hp_per_floor":[55,50,50,50,38,0,0],"gold":214,"neow_bonus":"RANDOM_COLORLESS_2","is_daily":false,"chose_seed":false,"campfire_upgraded":0,"win_rate":0.0,"timestamp":1610175077,"path_taken":["M","M","M","?","M","E"],"items_purchased_type":[],"build_version":"2020-12-22","purchased_purges":0,"victory":false,"max_hp_per_floor":[75,75,75,75,75,75,75],"relic_stats":{"counters":[5,24],"obtain_stats":[{"Burning Blood":0},{"Burning Blood":0},{"Burning Blood":0}],"Burning Blood":24},"card_choices":[{"not_picked":["Transmutation","Magnetism"],"picked":"Sadistic Nature","floor":0.0},{"not_picked":["Rupture","Heavy Blade"],"picked":"Disarm","floor":1.0},{"not_picked":["Shrug It Off","Cleave"],"picked":"Feel No Pain","floor":2.0},{"not_picked":["Sword Boomerang","Havoc","Warcry"],"picked":"SKIP","floor":3.0},{"not_picked":["Sword Boomerang","Warcry"],"picked":"Havoc","floor":3.0},{"not_picked":["Shrug It Off","Perfected Strike"],"picked":"Clothesline","floor":5}],"player_experience":791416,"relics_obtained":[],"event_choices":[{"damage_healed":0.0,"max_hp_gain":0.0,"max_hp_loss":0.0,"gold_gain":150.0,"event_name":"Liars Game","player_choice":"AGREE","floor":4.0,"gold_loss":0.0,"damage_taken":0.0,"cards_obtained":["Doubt"]}],"is_beta":false,"boss_relics":[],"items_purged_floors":[],"is_endless":false,"potions_floor_spawned":[1,3],"killed_by":"Gremlin Nob","ascension_level":20}}