{"host":"nkolxg4se00n20yf","time":1610188740,"event":{"mods":["BaseMod","CatGirl Mod","Chen","Colored Map","Colored Powertips","Downfall","Friendly Minions","Infinite Spire","Kiyohime????","Marisa????????","Minty Spire (QoL Compilation)","StSLib","Td1madao Mod","The Administrix","The Cursed","The Exalted","The Hierophant","The Servant 0.9.4"],"gold_per_floor":[119,139,139,153,110,110,127,159,159,159,159,159,173,196,196,196,196],"floor_reached":16,"playtime":502,"items_purged":[],"score":190,"play_id":"519a6efa-d197-4cb4-af15-86f80e3b2e2c","local_time":"20210109113900","is_ascension_mode":true,"campfire_choices":[{"floor":6,"key":"REST"},{"floor":12,"key":"REST"},{"data":"Bullet Time","floor":15,"key":"SMITH"}],"circlet_count":0,"master_deck":["AscendersBane","Strike_G","Strike_G","Strike_G","Strike_G","Strike_G","Defend_G","Defend_G","Defend_G","Defend_G","Defend_G","Survivor","Neutralize","Bullet Time+1","Catalyst","Quick Slash","Slice","Endless Agony","Flying Knee","Adrenaline","Regret","Underhanded Strike"],"relics":["Ring of the Snake","Regal Pillow","Letter Opener","Lantern","Bromod:ArcaneVictory","infinitespire:Eraser","Happy Flower"],"acts_visited":["Exordium"],"potions_floor_usage":[8,16],"damage_taken":[{"damage":9,"enemies":"infinitespire:Voidling","floor":1,"turns":5},{"damage":7,"enemies":"Jaw Worm","floor":2,"turns":8},{"damage":0,"enemies":"2 Louse","floor":4,"turns":3},{"damage":7,"enemies":"Looter","floor":7,"turns":4},{"damage":26,"enemies":"Gremlin Nob","floor":8,"turns":4},{"damage":5,"enemies":"3 Louse","floor":13,"turns":5},{"damage":44,"enemies":"The Guardian","floor":16,"turns":9}],"seed_played":"-1439119641815262660","potions_obtained":[{"floor":1,"key":"Poison Potion"},{"floor":8,"key":"BlessingOfTheForge"},{"floor":13,"key":"sneckomod:MuddlingPotion"}],"is_trial":false,"path_per_floor":["M","M","?","M","$","R","M","E","T","T","?","R","M","T","R","B"],"character_chosen":"THE_SILENT","items_purchased":["Endless Agony"],"campfire_rested":2,"item_purchase_floors":[5],"current_hp_per_floor":[50,43,8,8,8,42,35,9,9,9,9,43,41,41,41,0,0],"gold":196,"neow_bonus":"ONE_RANDOM_RARE_CARD","is_daily":false,"chose_seed":false,"campfire_upgraded":1,"win_rate":0.0,"timestamp":1610188740,"path_taken":["M","?","?","M","$","R","M","E","T","?","?","R","M","?","R","BOSS"],"items_purchased_type":["Card"],"build_version":"2020-12-22","purchased_purges":0,"victory":false,"max_hp_per_floor":[66,66,66,66,66,66,66,66,66,66,66,66,66,66,66,66,66],"card_choices":[{"not_picked":["Poisoned Stab","Prepared"],"picked":"Catalyst","floor":1},{"not_picked":["Backflip","Underhanded Strike"],"picked":"Quick Slash","floor":2},{"not_picked":["Well Laid Plans","Dodge and Roll"],"picked":"Slice","floor":4},{"not_picked":["Tactician","Dagger Spray"],"picked":"Flying Knee","floor":7},{"not_picked":["Dash","Dagger Spray"],"picked":"Adrenaline","floor":8},{"not_picked":["Prepared","Escape Plan"],"picked":"Underhanded Strike","floor":13}],"player_experience":1083724,"relics_obtained":[{"floor":8,"key":"Letter Opener"},{"floor":9,"key":"Lantern"},{"floor":10,"key":"Bromod:ArcaneVictory"},{"floor":14,"key":"Happy Flower"}],"event_choices":[{"damage_healed":0,"gold_gain":0,"player_choice":"Success","damage_taken":35,"relics_obtained":["Regal Pillow"],"max_hp_gain":0,"max_hp_loss":0,"event_name":"Scrap Ooze","floor":3,"gold_loss":0},{"damage_healed":0,"gold_gain":0,"player_choice":"Box","damage_taken":0,"relics_obtained":["infinitespire:Eraser"],"max_hp_gain":0,"max_hp_loss":0,"event_name":"Big Fish","floor":11,"gold_loss":0,"cards_obtained":["Regret"]}],"is_beta":false,"boss_relics":[],"items_purged_floors":[],"is_endless":false,"potions_floor_spawned":[1,8,13],"killed_by":"The Guardian","ascension_level":18}}