{"host":"8pjvbxl6xo882v42","time":1610201188,"event":{"mods":["AchievementEnabler","BaseMod","Minty Spire (QoL Compilation)","StSLib","The Cursed"],"gold_per_floor":[111,81,92,17,33,65,77,116,128,140,165,177,201,268,280,391,403,430,452,483,594,606,653,665,702,795,308,308,327,342,353,353,454,454,474,474,474,61,76,76,176,24,24,24,34,34,34,44,44,44],"floor_reached":51,"playtime":3508,"items_purged":["Strike_B"],"score":1013,"play_id":"d1bef9dc-0583-49be-9475-d3699241d673","local_time":"20210109150628","is_ascension_mode":true,"campfire_choices":[{"floor":7.0,"key":"REST"},{"floor":10.0,"key":"REST"},{"data":"Zap","floor":12.0,"key":"SMITH"},{"data":"Dualcast","floor":15.0,"key":"SMITH"},{"floor":24.0,"key":"REST"},{"floor":28.0,"key":"REST"},{"floor":32.0,"key":"REST"},{"data":"Sunder","floor":40.0,"key":"SMITH"},{"data":"1","floor":44.0,"key":"LIFT"},{"data":"2","floor":46.0,"key":"LIFT"},{"floor":49.0,"key":"REST"}],"circlet_count":0,"master_deck":["Zap+1","Dualcast+1","CurseOfTheBell","Beam Cell","Barrage","Scrape","Darkness","Barrage","Auto Shields","Genetic Algorithm","Loop+1","Rainbow","Echo Form+1","Lockon","Force Field","Beam Cell","BootSequence","Streamline","Sunder+1","Tempest+1","BootSequence","Go for the Eyes","Aggregate+1","Coolheaded","Loop+1","Panacea","Coolheaded","Core Surge","Dramatic Entrance","Bandage Up","Chill","Dark Shackles","Capacitor+1","Recycle","Conserve Battery+1"],"relics":["Calling Bell","Bronze Scales","White Beast Statue","Dead Branch","MawBank","Turnip","Frozen Egg 2","Gremlin Horn","Pandora\u0027s Box","Happy Flower","Girya","HornCleat","Akabeko","Pen Nib","Busted Crown","Incense Burner","Blue Candle"],"acts_visited":["Exordium","TheCity","TheBeyond"],"potions_floor_usage":[50,50,50],"damage_taken":[{"damage":10.0,"enemies":"Small Slimes","floor":1.0,"turns":4.0},{"damage":1.0,"enemies":"Cultist","floor":3.0,"turns":4.0},{"damage":3.0,"enemies":"2 Louse","floor":5.0,"turns":3.0},{"damage":25.0,"enemies":"Lagavulin","floor":6.0,"turns":5.0},{"damage":35.0,"enemies":"3 Sentries","floor":8.0,"turns":5.0},{"damage":1.0,"enemies":"Blue Slaver","floor":11.0,"turns":3.0},{"damage":8.0,"enemies":"Large Slime","floor":13.0,"turns":5.0},{"damage":7.0,"enemies":"3 Sentries","floor":14.0,"turns":6.0},{"damage":22.0,"enemies":"Slime Boss","floor":16.0,"turns":8.0},{"damage":20.0,"enemies":"2 Thieves","floor":18.0,"turns":3.0},{"damage":6.0,"enemies":"Spheric Guardian","floor":19.0,"turns":3.0},{"damage":4.0,"enemies":"Snake Plant","floor":20.0,"turns":3.0},{"damage":9.0,"enemies":"Gremlin Leader","floor":23.0,"turns":4.0},{"damage":34.0,"enemies":"Book of Stabbing","floor":25.0,"turns":5.0},{"damage":0.0,"enemies":"Sentry and Sphere","floor":29.0,"turns":3.0},{"damage":7.0,"enemies":"Cultist and Chosen","floor":30.0,"turns":5.0},{"damage":0.0,"enemies":"Snake Plant","floor":31.0,"turns":3.0},{"damage":21.0,"enemies":"Collector","floor":33.0,"turns":5.0},{"damage":5.0,"enemies":"3 Shapes","floor":35.0,"turns":5.0},{"damage":0.0,"enemies":"Orb Walker","floor":39.0,"turns":3.0},{"damage":1.0,"enemies":"Transient","floor":45.0,"turns":5.0},{"damage":0.0,"enemies":"Jaw Worm Horde","floor":48.0,"turns":1.0},{"damage":18,"enemies":"Awakened One","floor":50,"turns":9}],"seed_played":"-4316320651444378868","potions_obtained":[{"floor":1.0,"key":"SpeedPotion"},{"floor":2.0,"key":"SneckoOil"},{"floor":2.0,"key":"DuplicationPotion"},{"floor":3.0,"key":"EssenceOfDarkness"},{"floor":6.0,"key":"Regen Potion"},{"floor":8.0,"key":"Block Potion"},{"floor":11.0,"key":"Strength Potion"},{"floor":13.0,"key":"BlessingOfTheForge"},{"floor":14.0,"key":"FearPotion"},{"floor":16.0,"key":"LiquidBronze"},{"floor":18.0,"key":"FearPotion"},{"floor":19.0,"key":"LiquidMemories"},{"floor":23.0,"key":"SteroidPotion"},{"floor":25.0,"key":"FocusPotion"},{"floor":30.0,"key":"PotionOfCapacity"},{"floor":33.0,"key":"PowerPotion"},{"floor":35.0,"key":"SpeedPotion"},{"floor":39.0,"key":"SneckoOil"},{"floor":45.0,"key":"ColorlessPotion"}],"is_trial":false,"path_per_floor":["M","?","M","$","M","E","R","E","T","R","M","R","M","?","R","B",null,"M","M","M","?","?","E","R","E","T","$","R","M","M","M","R","B",null,"M","?","?","$","M","R","?","$","T","R","M","R","?","M","R","B",null],"character_chosen":"DEFECT","items_purchased":["Coolheaded","Akabeko","Loop+1","Panacea","Pen Nib","Incense Burner","Chill","Dark Shackles","Capacitor+1","Recycle"],"campfire_rested":6,"item_purchase_floors":[27,27,27,27,27,38,38,38,42,42],"current_hp_per_floor":[58,58,57,57,54,29,51,30,30,52,51,51,43,36,36,14,60,40,34,30,30,30,21,43,9,9,9,31,31,24,24,46,25,63,58,48,48,48,48,48,48,48,48,48,51,51,51,51,71,57],"gold":44,"neow_bonus":"BOSS_RELIC","is_daily":false,"chose_seed":false,"campfire_upgraded":3,"win_rate":0.0,"timestamp":1610201188,"path_taken":["M","?","M","$","M","E","R","E","T","R","M","R","?","?","R","BOSS","M","M","M","?","?","E","R","E","T","$","R","M","M","M","R","BOSS","M","?","?","$","M","R","?","$","T","R","?","R","?","M","R","BOSS"],"items_purchased_type":["Card","Relic","Card","Card","Relic","Relic","Card","Card","Card","Card"],"build_version":"2020-12-22","purchased_purges":1,"victory":true,"max_hp_per_floor":[75,75,75,75,75,75,75,75,75,75,75,75,75,75,75,75,75,75,75,75,75,75,75,75,75,75,75,75,75,75,75,75,75,75,75,75,71,71,71,71,71,71,71,71,71,71,71,71,71,71],"card_choices":[{"not_picked":["Sweeping Beam","Compile Driver"],"picked":"Beam Cell","floor":1.0},{"not_picked":["Gash","Force Field"],"picked":"Barrage","floor":3.0},{"not_picked":["Compile Driver","Barrage"],"picked":"Scrape","floor":5.0},{"not_picked":["Stack","Steam"],"picked":"Darkness","floor":6.0},{"not_picked":["Heatsinks","Steam"],"picked":"Barrage","floor":8.0},{"not_picked":["Skim","Chaos"],"picked":"Auto Shields","floor":11.0},{"not_picked":["Barrage","Scrape"],"picked":"Genetic Algorithm","floor":13.0},{"not_picked":["Sweeping Beam","Storm+1"],"picked":"Loop+1","floor":14.0},{"not_picked":["Machine Learning+1","All For One"],"picked":"Rainbow","floor":16.0},{"not_picked":["Turbo","Beam Cell"],"picked":"Sunder","floor":18.0},{"not_picked":["Streamline","Reprogram"],"picked":"Tempest+1","floor":19.0},{"not_picked":["Streamline","Beam Cell"],"picked":"BootSequence","floor":20.0},{"not_picked":["Beam Cell","Consume"],"picked":"Go for the Eyes","floor":23.0},{"not_picked":["Cold Snap","Rip and Tear"],"picked":"Aggregate+1","floor":25.0},{"not_picked":["Turbo","Stack"],"picked":"Coolheaded","floor":29.0},{"not_picked":["Turbo","Gash"],"picked":"Auto Shields","floor":30.0},{"not_picked":["Redo","Rip and Tear+1","All For One"],"picked":"SKIP","floor":31.0},{"not_picked":["Thunder Strike","Rainbow"],"picked":"Core Surge","floor":33.0},{"not_picked":["Streamline+1"],"picked":"SKIP","floor":35.0},{"not_picked":[],"picked":"Dramatic Entrance","floor":36.0},{"not_picked":[],"picked":"Bandage Up","floor":36.0},{"not_picked":["Barrage+1"],"picked":"SKIP","floor":39.0},{"not_picked":[],"picked":"Conserve Battery+1","floor":45.0},{"not_picked":["Beam Cell"],"picked":"SKIP","floor":48.0}],"player_experience":282464,"relics_obtained":[{"floor":0.0,"key":"Bronze Scales"},{"floor":0.0,"key":"White Beast Statue"},{"floor":0.0,"key":"Dead Branch"},{"floor":6.0,"key":"MawBank"},{"floor":8.0,"key":"Turnip"},{"floor":9.0,"key":"Frozen Egg 2"},{"floor":14.0,"key":"Gremlin Horn"},{"floor":23.0,"key":"Happy Flower"},{"floor":25.0,"key":"Girya"},{"floor":26.0,"key":"HornCleat"},{"floor":43.0,"key":"Blue Candle"}],"event_choices":[{"damage_healed":0.0,"max_hp_gain":0.0,"max_hp_loss":0.0,"gold_gain":0.0,"event_name":"The Woman in Blue","player_choice":"Bought 2 Potions","floor":2.0,"gold_loss":0.0,"damage_taken":0.0},{"damage_healed":0.0,"max_hp_gain":0.0,"max_hp_loss":0.0,"gold_gain":30.0,"event_name":"Dead Adventurer","player_choice":"Searched \u00272\u0027 times","floor":14.0,"gold_loss":0.0,"damage_taken":0.0},{"damage_healed":0.0,"max_hp_gain":0.0,"max_hp_loss":0.0,"gold_gain":99.0,"event_name":"Nest","player_choice":"Stole From Cult","floor":21.0,"gold_loss":0.0,"damage_taken":0.0},{"cards_removed":["Thunder Strike"],"damage_healed":0.0,"max_hp_gain":0.0,"max_hp_loss":0.0,"gold_gain":0.0,"event_name":"Back to Basics","player_choice":"Elegance","floor":22.0,"gold_loss":0.0,"damage_taken":0.0},{"damage_healed":0.0,"max_hp_gain":0.0,"max_hp_loss":0.0,"gold_gain":0.0,"event_name":"SensoryStone","player_choice":"Memory 3","floor":36.0,"gold_loss":0.0,"damage_taken":10.0},{"damage_healed":0.0,"max_hp_gain":0.0,"max_hp_loss":4.0,"gold_gain":0.0,"event_name":"Winding Halls","player_choice":"Max HP","floor":37.0,"gold_loss":0.0,"damage_taken":0.0},{"damage_healed":0.0,"max_hp_gain":0.0,"max_hp_loss":0.0,"gold_gain":100.0,"event_name":"Golden Shrine","player_choice":"Pray","floor":41.0,"gold_loss":0.0,"damage_taken":0.0},{"cards_removed":["Auto Shields"],"damage_healed":0.0,"max_hp_gain":0.0,"max_hp_loss":0.0,"gold_gain":0.0,"event_name":"Falling","player_choice":"Removed Skill","floor":47.0,"gold_loss":0.0,"damage_taken":0.0}],"is_beta":false,"boss_relics":[{"not_picked":["SlaversCollar","Cursed Key"],"picked":"Pandora\u0027s Box"},{"not_picked":["Empty Cage","Snecko Eye"],"picked":"Busted Crown"}],"items_purged_floors":[4],"is_endless":false,"potions_floor_spawned":[1,3,5,6,8,11,13,14,16,18,19,20,23,25,29,30,31,33,35,39,45,48],"ascension_level":8}}