{"host":"s6mlqkqtr3ey2mm2","time":1610219702,"event":{"mods":["2.2 Compatiblity","AchievementEnabler","Aspiration","BaseMod","Beaked The Cultist","Better Note","Better Vampires","BetterRewards","Challenge The Spire","Colored Map","Colored Powertips","Conspire","Curses Come First","Downfall","Emptier Cage","Energized Spire","GifTheSpireLib","GungeonMod","Halation","Hermit","Hubris","Infinite Spire","Ironclad Rager","Magitek Elite","Marked Mod","Minty Spire (QoL Compilation)","Quick Restart","RatMod","Replay The Spire","Retaliation","Robot Space Explorer","Shade Mod","Somnambulant","Spicy Shops","StSLib","Stuff the Spire","The Blue Laboratory","The Druid","The IronCluck","The Necromancer","The Valiant","vexMod"],"gold_per_floor":[99,111,121,121,133,151,224,149,29,29,44,71,87,98,109,208,208,208,226,244,244,244],"floor_reached":21,"playtime":2965,"items_purged":[],"score":185,"play_id":"f7f6369b-25ba-41df-8703-7a90c692eebd","local_time":"20210109141502","is_ascension_mode":false,"campfire_choices":[{"floor":1,"key":"RECALL"},{"data":"sneckomod:Unknown1Cost","floor":8,"key":"SMITH"},{"data":"sneckomod:WideSting","floor":18,"key":"SMITH"}],"circlet_count":0,"master_deck":["sneckomod:Strike","sneckomod:Strike","sneckomod:Strike","sneckomod:Defend","sneckomod:Defend","sneckomod:Defend","sneckomod:TailWhip","sneckomod:SnekBite","sneckomod:Unknown+1","sneckomod:Unknown","sneckomod:Unknown1Cost+1","sneckomod:WideSting+1","sneckomod:UnknownUncommonSkill+1","sneckomod:RainOfDice","sneckomod:Unknown0Cost+1","sneckomod:UnknownUncommonPower+1","sneckomod:Unknown1Cost","sneckomod:UnknownUncommonPower+1","sneckomod:Nope","sneckomod:UnlimitedRolls","sneckomod:UnknownClassORANGE","sneckomod:SnekBeam","sneckomod:Unknown3Cost+1","sneckomod:Nope+1","sneckomod:UnknownVulnerable"],"relics":["sneckomod:SneckoSoul","DemoMod:BlueGuonStone","downfall:HeartBlessingRed","Replay:Wax Seal","vexMod:ImprovementManual"],"acts_visited":["Exordium","TheCity"],"potions_floor_usage":[12,16,16],"damage_taken":[{"damage":7,"enemies":"infinitespire:Voidling","floor":2,"turns":4},{"damage":4,"enemies":"2 Louse","floor":3,"turns":3},{"damage":4,"enemies":"Small Slimes","floor":5,"turns":2},{"damage":14,"enemies":"Blue Slaver","floor":6,"turns":3},{"damage":7,"enemies":"downfall:FleeingMerchant","floor":9,"turns":4},{"damage":6,"enemies":"Large Slime","floor":11,"turns":5},{"damage":6,"enemies":"Gremlin Nob","floor":12,"turns":5},{"damage":4,"enemies":"Exordium Wildlife","floor":13,"turns":2},{"damage":11,"enemies":"Lots of Slimes","floor":14,"turns":2},{"damage":12,"enemies":"Exordium Thugs","floor":15,"turns":5},{"damage":13,"enemies":"downfall:Watcher","floor":16,"turns":9},{"damage":14,"enemies":"3 Byrds","floor":19,"turns":6},{"damage":10,"enemies":"Snecko","floor":20,"turns":5},{"damage":0,"enemies":"downfall:FleeingMerchant","floor":21,"turns":2}],"seed_played":"-4363892487980083190","potions_obtained":[{"floor":5,"key":"Elixir"},{"floor":11,"key":"Elixir"},{"floor":13,"key":"DemoMod:LeadSkinPotion"},{"floor":15,"key":"ColorlessPotion"}],"is_trial":false,"path_per_floor":["R_BF","M","M","?","M","M","T","R","$","?","M","E","M","M","M","B",null,"R","M","M","$"],"character_chosen":"THE_SNECKO","items_purchased":["sneckomod:UnknownUncommonPower","sneckomod:Unknown1Cost"],"campfire_rested":0,"item_purchase_floors":[9,9],"current_hp_per_floor":[90,91,87,87,88,78,78,78,74,74,69,63,59,49,37,25,98,98,84,94,94,94],"gold":244,"neow_bonus":"UPGRADE_CARD","is_daily":false,"chose_seed":false,"campfire_upgraded":2,"win_rate":0.0,"timestamp":1610219702,"path_taken":["R_BF","M","?","?","M","M","T","R","$","?","M","E","M","M","M","BOSS","R","M","M","$"],"items_purchased_type":["Card","Card"],"build_version":"2020-12-22","purchased_purges":0,"victory":false,"max_hp_per_floor":[90,91,91,91,92,92,92,92,95,95,96,96,96,97,97,98,98,98,98,99,99,99],"card_choices":[{"not_picked":["sneckomod:SoulDraw","sneckomod:UnknownClassROBOT_ORANGE_COLOR"],"picked":"sneckomod:Unknown1Cost","floor":2},{"not_picked":["sneckomod:UnknownStrike","sneckomod:Unknown1Cost"],"picked":"sneckomod:WideSting","floor":3},{"not_picked":["sneckomod:UnknownClassRED","sneckomod:UnknownExhaust"],"picked":"sneckomod:UnknownUncommonSkill","floor":5},{"not_picked":["sneckomod:WideSting","sneckomod:UnknownVulnerable"],"picked":"sneckomod:RainOfDice","floor":6},{"not_picked":["sneckomod:Restock","sneckomod:UnknownClassDEFAULT_GRAY_COLOR"],"picked":"sneckomod:Unknown0Cost","floor":9},{"not_picked":["sneckomod:Unknown0Cost","sneckomod:QuickBite"],"picked":"sneckomod:UnknownUncommonPower","floor":11},{"not_picked":["sneckomod:QuickMove","sneckomod:DiceBlock"],"picked":"sneckomod:Nope","floor":12},{"not_picked":["sneckomod:QuickBite","sneckomod:SoulDraw"],"picked":"sneckomod:UnlimitedRolls","floor":13},{"not_picked":["sneckomod:DiceBlock","sneckomod:UnknownClassGUARDIAN"],"picked":"sneckomod:UnknownClassORANGE","floor":14},{"not_picked":["sneckomod:UnknownClassSOMNAMBULANT_GRAY","sneckomod:QuickMove"],"picked":"sneckomod:SnekBeam","floor":15},{"not_picked":["sneckomod:SoulExchange","sneckomod:Restock"],"picked":"sneckomod:Unknown3Cost","floor":16},{"not_picked":["sneckomod:UnknownCommonAttack","sneckomod:WideSting"],"picked":"sneckomod:Nope+1","floor":19},{"not_picked":["sneckomod:SoulCleanse+1","sneckomod:UnknownClassORANGE"],"picked":"sneckomod:UnknownVulnerable","floor":20}],"player_experience":64559,"relics_obtained":[{"floor":7,"key":"DemoMod:BlueGuonStone"},{"floor":12,"key":"Replay:Wax Seal"}],"event_choices":[{"damage_healed":0,"gold_gain":0,"player_choice":"Leave","damage_taken":0,"max_hp_gain":0,"max_hp_loss":0,"event_name":"conspire:Investor","floor":10,"gold_loss":0}],"is_beta":false,"boss_relics":[{"not_picked":["Snecko Eye","Ring of Chaos"],"picked":"vexMod:ImprovementManual"}],"items_purged_floors":[],"is_endless":false,"potions_floor_spawned":[5,11,13,15],"killed_by":"downfall:FleeingMerchant","ascension_level":0}}