{"host":"6h0diz2ap0m56grs","time":1610224561,"event":{"mods":["2.2 Compatiblity","BaseMod","Colored Map","Marisa????????","Minty Spire (QoL Compilation)","Quick Restart","Replay The Spire","Shop Mod","StSLib","The Servant 0.9.4"],"gold_per_floor":[111,123,123,123,123,153,153,171,197,211,238,267,294,319,319,417,417,429,448,308,34,34,62,91,91,91,123,153,179,179,207,207,311,311,322,322,119,44,57,57,87,112,157,184,193,226,290,330,330,330],"floor_reached":51,"playtime":4553,"items_purged":["Doubt"],"score":1536,"play_id":"a7cefdbb-f8a7-45ef-87ae-6722259ea7ea","local_time":"20210109143601","daily_mods":["SealedDeck","Heirloom","Time Dilation","Flight"],"is_ascension_mode":true,"campfire_choices":[{"data":"TalkToTheHand","floor":7,"key":"SMITH"},{"data":"Meditate","floor":15,"key":"SMITH"},{"data":"Fasting2","floor":25,"key":"SMITH"},{"data":"ConjureBlade","floor":30,"key":"SMITH"},{"data":"TalkToTheHand","floor":32,"key":"SMITH"},{"data":"TalkToTheHand","floor":40,"key":"SMITH"},{"data":"Wish","floor":49,"key":"SMITH"}],"circlet_count":0,"master_deck":["EmptyBody+1","ReachHeaven+1","CarveReality","TalkToTheHand+1","TalkToTheHand+1","Worship+1","TalkToTheHand+1","Protect","Protect+1","Swivel","EmptyFist","Meditate+1","DevaForm","CarveReality","Omniscience","CurseOfTheBell","FlyingSleeves","Worship","Fasting2+1","ConjureBlade+1","Vault","Wallop","FlyingSleeves+1","WheelKick+1","Wish+1","LikeWater","DevaForm"],"relics":["Snecko Eye","Ring of Chaos","replay:Trail_Library","Prayer Wheel","Anchor","Smiling Mask","White Beast Statue","Pondfish Scales","MerchantsRug","Art of War","Lantern","Tiny Chest","Mango","ReplayTheSpireMod:TigerMarble","TungstenRod","Akabeko","Bird Faced Urn","ReplayTheSpireMod:DimensionalGlitch","Vajra","Replay:WaspNest","Replay:Kaleidoscope","Potion Belt","Bag of Preparation","CeramicFish","ReplayTheSpireMod:Shallot","Whetstone","Thread and Needle","Pocketwatch"],"acts_visited":["Exordium","TheCity","TheBeyond"],"potions_floor_usage":[50,50,50],"damage_taken":[{"damage":2,"enemies":"Jaw Worm","floor":1,"turns":2},{"damage":0,"enemies":"Cultist","floor":2,"turns":2},{"damage":0,"enemies":"Lagavulin","floor":6,"turns":3},{"damage":0,"enemies":"Small Slimes","floor":8,"turns":4},{"damage":0,"enemies":"Red Slaver","floor":10,"turns":2},{"damage":0,"enemies":"Gremlin Nob","floor":11,"turns":3},{"damage":5,"enemies":"3 Sentries","floor":12,"turns":4},{"damage":0,"enemies":"Replay:BlueRogue","floor":13,"turns":3},{"damage":0,"enemies":"3 Sentries","floor":14,"turns":2},{"damage":0,"enemies":"Fading Forest","floor":16,"turns":8},{"damage":0,"enemies":"Chosen","floor":18,"turns":3},{"damage":0,"enemies":"Shell Parasite","floor":19,"turns":3},{"damage":0,"enemies":"Replay:Snechameleon","floor":23,"turns":3},{"damage":0,"enemies":"Slavers","floor":24,"turns":1},{"damage":0,"enemies":"Replay:Snechameleon","floor":27,"turns":4},{"damage":0,"enemies":"Book of Stabbing","floor":28,"turns":3},{"damage":0,"enemies":"Slavers","floor":29,"turns":3},{"damage":0,"enemies":"Replay:Snechameleon","floor":31,"turns":3},{"damage":12,"enemies":"Champ","floor":33,"turns":6},{"damage":0,"enemies":"3 Shapes","floor":35,"turns":3},{"damage":0,"enemies":"3 Darklings","floor":39,"turns":3},{"damage":0,"enemies":"Giant Head","floor":41,"turns":6},{"damage":0,"enemies":"R_Hoarder","floor":42,"turns":4},{"damage":0,"enemies":"Reptomancer","floor":44,"turns":3},{"damage":0,"enemies":"Nemesis","floor":46,"turns":2},{"damage":0,"enemies":"2 Orb Walkers","floor":47,"turns":4},{"damage":0,"enemies":"Reptomancer","floor":48,"turns":4},{"damage":0,"enemies":"Awakened One","floor":50,"turns":7}],"seed_played":"-3636912409598981510","potions_obtained":[{"floor":2,"key":"FearPotion"},{"floor":8,"key":"Toxic Potion"},{"floor":12,"key":"Strength Potion"},{"floor":16,"key":"Explosive Potion"},{"floor":18,"key":"PowerPotion"},{"floor":31,"key":"PowerPotion"},{"floor":41,"key":"Energy Potion"},{"floor":42,"key":"BottledMiracle"},{"floor":44,"key":"StancePotion"}],"is_trial":true,"path_per_floor":["M","M","?","$","?","E","R","M","T","M","E","E","E","E","R","B",null,"M","M","$","$","?","E","E","R","T","E","E","E","R","E","R","B",null,"M","?","$","?","M","R","E","E","T","E","T","E","?","E","R","B",null],"character_chosen":"WATCHER","items_purchased":["MerchantsRug","Fasting2","ConjureBlade","Vault","Wallop","Art of War","Vajra"],"campfire_rested":0,"item_purchase_floors":[20,20,20,21,21,21,37],"current_hp_per_floor":[70,70,70,70,72,72,72,72,72,72,72,67,67,67,67,67,72,72,72,72,72,72,72,72,72,86,86,86,86,86,86,86,76,86,86,86,86,86,86,86,86,86,86,86,86,86,86,86,86,86],"gold":330,"neow_bonus":"","is_daily":false,"chose_seed":false,"campfire_upgraded":7,"win_rate":0.0,"timestamp":1610224561,"path_taken":["M","M","?","?","?","E","R","?","T","?","E","E","E","E","R","BOSS","M","M","$","$","?","E","E","R","T","E","E","E","R","E","R","BOSS","M","?","$","?","?","R","E","E","T","E","?","E","?","E","R","BOSS"],"items_purchased_type":["Relic","Card","Card","Card","Card","Relic","Relic"],"build_version":"2020-12-22","purchased_purges":1,"victory":true,"max_hp_per_floor":[72,72,72,72,72,72,72,72,72,72,72,72,72,72,72,72,72,72,72,72,72,72,72,72,72,86,86,86,86,86,86,86,86,86,86,86,86,86,86,86,86,86,86,86,86,86,86,86,86,86],"card_choices":[{"not_picked":["Halt","Vengeance"],"picked":"Swivel","floor":1},{"not_picked":["Replay:BluntJabs","Adaptation"],"picked":"EmptyFist","floor":1},{"not_picked":["Halt","BowlingBash","Tantrum"],"picked":"SKIP","floor":2},{"not_picked":["Brilliance","InnerPeace","EmptyMind"],"picked":"SKIP","floor":2},{"not_picked":["CrushJoints","FlurryOfBlows","Replay:ManipulateFuture"],"picked":"SKIP","floor":6},{"not_picked":["Replay:Hum","Worship"],"picked":"Meditate","floor":8},{"not_picked":["FollowUp","JustLucky","FlyingSleeves"],"picked":"SKIP","floor":8},{"not_picked":["WindmillStrike","Wireheading"],"picked":"DevaForm","floor":10},{"not_picked":["Protect","Halt","FollowUp"],"picked":"SKIP","floor":10},{"not_picked":["CrushJoints","Wireheading","ReachHeaven"],"picked":"SKIP","floor":11},{"not_picked":["Prostrate","Replay:ManipulateFuture","Consecrate"],"picked":"SKIP","floor":12},{"not_picked":["Wish","EmptyMind"],"picked":"CarveReality","floor":13},{"not_picked":["ThirdEye","EmptyBody","Nirvana"],"picked":"SKIP","floor":14},{"not_picked":["Brilliance","DevaForm"],"picked":"Omniscience","floor":16},{"not_picked":["FlurryOfBlows","JustLucky"],"picked":"FlyingSleeves","floor":18},{"not_picked":["PathToVictory","SandsOfTime","ForeignInfluence+1"],"picked":"SKIP","floor":18},{"not_picked":["FlurryOfBlows+1","Sanctity+1"],"picked":"Worship","floor":19},{"not_picked":["SashWhip","SpiritShield","Replay:Anticipation"],"picked":"SKIP","floor":19},{"not_picked":["Consecrate+1","EmptyBody+1","Sanctity+1"],"picked":"SKIP","floor":23},{"not_picked":["Crescendo+1","ClearTheMind"],"picked":"FlyingSleeves+1","floor":24},{"not_picked":["FlyingSleeves+1","WreathOfFlame","PathToVictory"],"picked":"SKIP","floor":27},{"not_picked":["BowlingBash","CutThroughFate+1","Study+1"],"picked":"SKIP","floor":28},{"not_picked":["ClearTheMind","EmptyMind","Replay:Battleflow+1"],"picked":"SKIP","floor":29},{"not_picked":["Tantrum+1","Blasphemy"],"picked":"WheelKick","floor":31},{"not_picked":["Evaluate+1","CutThroughFate","BattleHymn"],"picked":"SKIP","floor":35},{"not_picked":["CrushJoints+1","ThirdEye+1","Halt+1"],"picked":"SKIP","floor":35},{"not_picked":["CutThroughFate+1","BowlingBash+1","Consecrate+1"],"picked":"SKIP","floor":39},{"not_picked":["BowlingBash","WheelKick","Replay:BluntJabs"],"picked":"SKIP","floor":39},{"not_picked":["Evaluate+1","FlyingSleeves","ClearTheMind"],"picked":"SKIP","floor":41},{"not_picked":["EmptyFist","Halt+1","Crescendo+1"],"picked":"SKIP","floor":42},{"not_picked":["CrushJoints","Wish","Replay:Vibes"],"picked":"SKIP","floor":44},{"not_picked":["CutThroughFate","Consecrate+1","SashWhip+1"],"picked":"SKIP","floor":46},{"not_picked":["FlyingSleeves+1","FlurryOfBlows+1"],"picked":"DevaForm","floor":48}],"player_experience":135807,"relics_obtained":[{"floor":6,"key":"Anchor"},{"floor":9,"key":"Smiling Mask"},{"floor":11,"key":"Replay:Multitool"},{"floor":12,"key":"Regal Pillow"},{"floor":13,"key":"War Paint"},{"floor":14,"key":"White Beast Statue"},{"floor":17,"key":"Dream Catcher"},{"floor":17,"key":"Yang"},{"floor":17,"key":"Pondfish Scales"},{"floor":23,"key":"Lantern"},{"floor":24,"key":"Tiny Chest"},{"floor":26,"key":"Mango"},{"floor":27,"key":"ReplayTheSpireMod:TigerMarble"},{"floor":28,"key":"TungstenRod"},{"floor":29,"key":"Akabeko"},{"floor":31,"key":"Bird Faced Urn"},{"floor":41,"key":"Replay:Kaleidoscope"},{"floor":42,"key":"Potion Belt"},{"floor":43,"key":"Bag of Preparation"},{"floor":44,"key":"CeramicFish"},{"floor":45,"key":"ReplayTheSpireMod:Shallot"},{"floor":46,"key":"Whetstone"},{"floor":47,"key":"Thread and Needle"},{"floor":48,"key":"Pocketwatch"}],"event_choices":[{"cards_removed":["CrushJoints"],"damage_healed":0,"gold_gain":0,"player_choice":"Purged","damage_taken":0,"max_hp_gain":0,"max_hp_loss":0,"event_name":"Purifier","floor":3,"gold_loss":0},{"damage_healed":2,"gold_gain":0,"player_choice":"Full Heal","damage_taken":0,"max_hp_gain":0,"max_hp_loss":0,"event_name":"Wheel of Change","floor":5,"gold_loss":0},{"damage_healed":0,"gold_gain":0,"player_choice":"Paid Gold","damage_taken":0,"relics_obtained":["Replay:WaspNest"],"max_hp_gain":0,"max_hp_loss":0,"event_name":"WeMeetAgain","floor":38,"gold_loss":75},{"damage_healed":0,"gold_gain":0,"player_choice":"Fight","damage_taken":0,"max_hp_gain":0,"max_hp_loss":0,"event_name":"Mysterious Sphere","floor":47,"gold_loss":0}],"is_beta":false,"boss_relics":[{"not_picked":["Ectoplasm","Tiny House"],"picked":"Calling Bell"},{"not_picked":["SacredBark","ChewingGum"],"picked":"ReplayTheSpireMod:DimensionalGlitch"}],"items_purged_floors":[37],"is_endless":false,"potions_floor_spawned":[2,8,12,13,14,16,18,19,23,24,27,28,29,31,33,35,39,41,42,44,46,47,48],"ascension_level":1}}