{"host":"4xbhwjx2nm97byac","time":1610233768,"event":{"mods":["BaseMod","Hubris","Minty Spire (QoL Compilation)","Replay The Spire","StSLib"],"gold_per_floor":[109,129,79,130,143,143,174,174,174,187,22,37,65,65,65,137,137,151,131,149,149,149,149,180,198,198,217,232,80,91,91,91,163,163,176,189,89,114,124,124,124],"floor_reached":40,"playtime":2042,"items_purged":["Strike_G","Strike_G"],"score":991,"play_id":"5696c09e-ac0e-4837-a4e7-3a51af55695f","local_time":"20210109170928","is_ascension_mode":true,"campfire_choices":[{"data":"Noxious Fumes","floor":6,"key":"SMITH"},{"floor":8,"key":"REST"},{"floor":15,"key":"REST"},{"floor":23,"key":"RECALL"},{"floor":32,"key":"REST"}],"circlet_count":0,"master_deck":["AscendersBane","Strike_G","Strike_G","Defend_G","Defend_G","Defend_G","Defend_G","Defend_G","Survivor","Neutralize","Noxious Fumes+1","Toxin Wave+1","Deflect","Bane","Corpse Explosion","Infinite Blades","Footwork","Poisoned Stab","PiercingWail","Adrenaline","Backflip","Caltrops","Bouncing Flask","A Thousand Cuts"],"relics":["Ring of the Snake","hubris:SlimyHat","Replay:Wax Seal","hubris:MedicalManual","Singing Bowl","Fusion Hammer","ReplayFunnel","Replay:WaspNest","Toolbox","SlaversCollar","hubris:FunFungus"],"acts_visited":["Exordium","TheCity","TheBeyond"],"potions_floor_usage":[12,13,18,27,33,33,39,40],"damage_taken":[{"damage":1,"enemies":"Cultist","floor":1,"turns":5},{"damage":2,"enemies":"Jaw Worm","floor":2,"turns":5},{"damage":0,"enemies":"2 Louse","floor":5,"turns":4},{"damage":31,"enemies":"Lagavulin","floor":7,"turns":8},{"damage":1,"enemies":"Exordium Wildlife","floor":10,"turns":3},{"damage":11,"enemies":"Lots of Slimes","floor":12,"turns":3},{"damage":25,"enemies":"Gremlin Nob","floor":13,"turns":5},{"damage":26,"enemies":"The Guardian","floor":16,"turns":9},{"damage":17,"enemies":"2 Thieves","floor":18,"turns":4},{"damage":17,"enemies":"Spheric Guardian","floor":20,"turns":5},{"damage":19,"enemies":"Gremlin Leader","floor":24,"turns":5},{"damage":14,"enemies":"Snake Plant","floor":25,"turns":4},{"damage":14,"enemies":"Centurion and Healer","floor":27,"turns":7},{"damage":6,"enemies":"Chosen and Byrds","floor":28,"turns":6},{"damage":0,"enemies":"Snecko","floor":30,"turns":4},{"damage":22,"enemies":"Pondfish","floor":33,"turns":9},{"damage":21,"enemies":"3 Shapes","floor":35,"turns":4},{"damage":11,"enemies":"Orb Walker","floor":36,"turns":5},{"damage":0,"enemies":"Mind Bloom Boss Battle","floor":38,"turns":7},{"damage":10,"enemies":"Sphere and 2 Shapes","floor":39,"turns":7},{"damage":48,"enemies":"Nemesis","floor":40,"turns":5}],"seed_played":"6441696905740824969","potions_obtained":[{"floor":1,"key":"SteroidPotion"},{"floor":4,"key":"DistilledChaos"},{"floor":10,"key":"PowerPotion"},{"floor":16,"key":"Block Potion"},{"floor":18,"key":"PowerPotion"},{"floor":19,"key":"CunningPotion"},{"floor":27,"key":"Languid Potion"},{"floor":33,"key":"ColorlessPotion"},{"floor":35,"key":"Explosive Potion"},{"floor":38,"key":"AttackPotion"}],"is_trial":false,"path_per_floor":["M","M","?","?","M","R","E","R","T","M","$","M","E","?","R","B",null,"M","?","M","?","?","R","E","M","T","M","M","$","M","$","R","B",null,"M","M","$","?","M","E"],"character_chosen":"THE_SILENT","items_purchased":["Footwork","Poisoned Stab","Toolbox"],"campfire_rested":3,"item_purchase_floors":[11,11,29],"current_hp_per_floor":[58,56,56,56,56,56,25,44,44,43,43,32,9,9,29,3,52,37,37,22,22,82,82,63,51,51,37,33,33,33,33,58,36,74,55,46,46,48,44,0,0],"gold":124,"neow_bonus":"ONE_RANDOM_RARE_CARD","is_daily":false,"chose_seed":false,"campfire_upgraded":1,"win_rate":0.0,"timestamp":1610233768,"path_taken":["M","?","?","?","?","R","E","R","T","M","$","M","E","?","R","BOSS","M","?","?","?","?","R","E","M","T","M","?","$","M","$","R","BOSS","M","M","$","?","M","E"],"items_purchased_type":["Card","Card","Relic"],"build_version":"2020-12-22","purchased_purges":2,"victory":false,"max_hp_per_floor":[66,66,66,66,66,66,66,66,66,66,66,66,68,68,68,68,68,70,70,72,72,82,82,82,84,84,84,86,86,86,86,86,86,86,88,90,90,92,94,94,94],"card_choices":[{"not_picked":["Skewer","Dagger Spray"],"picked":"Noxious Fumes","floor":1},{"not_picked":["Acrobatics","Underhanded Strike"],"picked":"Toxin Wave","floor":2},{"not_picked":["Outmaneuver","ReplayTheSpireMod:Exploit Weakness"],"picked":"Deflect","floor":4},{"not_picked":["Fluid Movement","Slice"],"picked":"Bane","floor":5},{"not_picked":["Sucker Punch","Hidden Blade"],"picked":"Corpse Explosion","floor":7},{"not_picked":["Prepared","Dodge and Roll"],"picked":"Infinite Blades","floor":10},{"not_picked":["Deadly Poison","Flying Knee"],"picked":"PiercingWail","floor":12},{"not_picked":["Slice","Prepared","Dagger Throw"],"picked":"Singing Bowl","floor":13},{"not_picked":["Doppelganger","Bullet Time"],"picked":"Adrenaline","floor":16},{"not_picked":["Acrobatics","Setup","PiercingWail"],"picked":"Singing Bowl","floor":18},{"not_picked":["Acrobatics","Endless Agony","Masterful Stab+1"],"picked":"Singing Bowl","floor":20},{"not_picked":["Distraction","Fluid Movement"],"picked":"Backflip","floor":24},{"not_picked":["Hidden Blade","Blade Dance","hubris:SlightOfHand"],"picked":"Singing Bowl","floor":25},{"not_picked":["Deflect+1","ReplayTheSpireMod:Speed Training"],"picked":"Caltrops","floor":27},{"not_picked":["Cloak And Dagger","Prepared","Backflip"],"picked":"Singing Bowl","floor":28},{"not_picked":["Poisoned Stab","Bane"],"picked":"Bouncing Flask","floor":30},{"not_picked":["Die Die Die","Storm of Steel"],"picked":"A Thousand Cuts","floor":33},{"not_picked":["Prepared","Dagger Throw","Underhanded Strike"],"picked":"Singing Bowl","floor":35},{"not_picked":["All Out Attack","Crippling Poison","Sucker Punch"],"picked":"Singing Bowl","floor":36},{"not_picked":["Flechettes","ReplayTheSpireMod:Speed Training","Glass Knife"],"picked":"Singing Bowl","floor":38},{"not_picked":["Predator","Setup+1","Dagger Spray+1"],"picked":"Singing Bowl","floor":39}],"player_experience":455703,"relics_obtained":[{"floor":4,"key":"hubris:SlimyHat"},{"floor":7,"key":"Replay:Wax Seal"},{"floor":9,"key":"hubris:MedicalManual"},{"floor":13,"key":"Singing Bowl"},{"floor":24,"key":"ReplayFunnel"},{"floor":26,"key":"Replay:WaspNest"},{"floor":38,"key":"hubris:FunFungus"}],"event_choices":[{"cards_removed":["Strike_G"],"damage_healed":0,"gold_gain":0,"player_choice":"Card Removal","damage_taken":0,"max_hp_gain":0,"max_hp_loss":0,"event_name":"The Cleric","floor":3,"gold_loss":50},{"damage_healed":0,"gold_gain":0,"player_choice":"Upgraded","damage_taken":0,"max_hp_gain":0,"max_hp_loss":0,"event_name":"Upgrade Shrine","floor":14,"gold_loss":0,"cards_upgraded":["Toxin Wave"]},{"damage_healed":0,"gold_gain":0,"player_choice":"Bought 1 Potion","damage_taken":0,"max_hp_gain":0,"max_hp_loss":0,"event_name":"The Woman in Blue","floor":19,"gold_loss":0},{"cards_removed":["Doppelganger"],"damage_healed":50,"gold_gain":0,"player_choice":"Offered Rare","damage_taken":0,"max_hp_gain":10,"max_hp_loss":0,"event_name":"Bonfire Elementals","floor":22,"gold_loss":0},{"damage_healed":0,"gold_gain":0,"player_choice":"Fight","damage_taken":0,"max_hp_gain":0,"max_hp_loss":0,"event_name":"MindBloom","floor":38,"gold_loss":0}],"is_beta":false,"boss_relics":[{"not_picked":["hubris:VirtuousBlindfold","Runic Dome"],"picked":"Fusion Hammer"},{"not_picked":["Replay:Wanted Poster","Velvet Choker"],"picked":"SlaversCollar"}],"items_purged_floors":[11,37],"is_endless":false,"potions_floor_spawned":[1,10,16,18,20,27,33,35,38],"killed_by":"Nemesis","ascension_level":14}}