{"host":"vf63mcydhpkptnpw","time":1610211779,"event":{"mods":["BaseMod","Downfall","Minty Spire (QoL Compilation)","Shade Mod","StSLib","The Cursed","The Disciple","The Hierophant","TheBandit"],"gold_per_floor":[99,199,209,223,241,267,319,34,34,34,34],"floor_reached":9,"playtime":1105,"items_purged":["champ:Defend"],"score":86,"play_id":"034077c7-0ba1-44b8-8c7d-aba6e6886c16","local_time":"20210109180259","is_ascension_mode":false,"campfire_choices":[{"floor":1,"key":"RECALL"}],"circlet_count":0,"master_deck":["champ:Strike","champ:Strike","champ:Strike","champ:Strike","champ:Defend","champ:Defend","champ:Defend","champ:Execute","champ:Taunt","champ:RecklessLeap","champ:FanOfKnives","champ:BringItOn","champ:FocusedGladiator","champ:FalseCounter","champ:FaceSlap"],"relics":["champ:ChampionCrown","Strawberry","champ:FightingForDummies"],"acts_visited":["Exordium"],"potions_floor_usage":[],"damage_taken":[{"damage":11,"enemies":"Jaw Worm","floor":3,"turns":5},{"damage":18,"enemies":"Cultist","floor":4,"turns":5},{"damage":5,"enemies":"Small Slimes","floor":5,"turns":3},{"damage":44,"enemies":"Lagavulin","floor":6,"turns":5},{"damage":23,"enemies":"downfall:FleeingMerchant","floor":8,"turns":4},{"damage":85,"enemies":"3 Sentries","floor":9,"turns":10}],"seed_played":"6978791473545974181","potions_obtained":[{"floor":5,"key":"Energy Potion"},{"floor":6,"key":"Guardian:BlockOnCardUsePotion"}],"is_trial":false,"path_per_floor":["R","?","M","M","M","E","T","$","E"],"character_chosen":"THE_CHAMP","items_purchased":["champ:FaceSlap","champ:FightingForDummies"],"campfire_rested":0,"item_purchase_floors":[8,8],"current_hp_per_floor":[99,99,96,88,88,79,79,79,0,0,0],"gold":34,"neow_bonus":"TEN_PERCENT_HP_BONUS","is_daily":false,"chose_seed":false,"campfire_upgraded":0,"win_rate":0.0,"timestamp":1610211779,"path_taken":["R","?","M","?","M","E","T","$","E"],"items_purchased_type":["Card","Relic"],"build_version":"2020-12-22","purchased_purges":1,"victory":false,"max_hp_per_floor":[99,99,99,99,99,106,106,106,106,106,106],"card_choices":[{"not_picked":["champ:DefensiveShout","champ:GutPunch"],"picked":"champ:RecklessLeap","floor":3},{"not_picked":["champ:TornadoPunch","champ:BladeFlurry"],"picked":"champ:FanOfKnives","floor":4},{"not_picked":["champ:Haymaker","champ:AdrenalArmor"],"picked":"champ:BringItOn","floor":5},{"not_picked":["champ:RisingSlash","champ:Shatter"],"picked":"champ:FocusedGladiator","floor":6},{"not_picked":["champ:GutPunch","champ:FightOn"],"picked":"champ:FalseCounter","floor":8}],"player_experience":289869,"relics_obtained":[{"floor":6,"key":"Strawberry"}],"event_choices":[],"is_beta":false,"boss_relics":[],"items_purged_floors":[8],"is_endless":false,"potions_floor_spawned":[5,6],"killed_by":"3 Sentries","ascension_level":0}}