{"host":"vk3oecxhswhylj4a","time":1610199749,"event":{"mods":["Act Like it!","BaseMod","Colored Powertips","Decade(王小明)","Downfall","Gensokyo","Hallownest","KinomotoSakuraMod(木之本樱)","Lobotomy","LobotomyExtend","Marisa（F雨　魔理沙）","Minty Spire (QoL Compilation)","Relic Stats","Replay The Spire","Spicy Shops","StSLib","TestMod","The Bug Knight","UnlockEverythingMod","Waifu the Spire","[IsaacMod]以撒尖塔","vexMod","【遗物卡牌】REMEMod"],"gold_per_floor":[118,47,47,86,86,86,111,111,111,140,140,172,390,426,426,527,527,545,545,442,461,773,1017,1017,1056,1104,1104,1113,1113,1113,1132,1132,1266,1266,1292,1211,1211,1211],"floor_reached":37,"playtime":3461,"items_purged":["UnarmedAttack1","testmod-RepeatForm"],"score":646,"play_id":"feaa07ac-e719-47a9-b793-8ad01ef6657d","local_time":"20210109214229","is_ascension_mode":false,"campfire_choices":[{"floor":6.0,"key":"RECALL"},{"data":"KamenRide","floor":8.0,"key":"SMITH"},{"data":"Dragreder","floor":11.0,"key":"SMITH"},{"floor":15.0,"key":"DIG"},{"data":"DecadeViolentEmotion","floor":24.0,"key":"SMITH"},{"data":"1","floor":27.0,"key":"LIFT"},{"data":"2","floor":29.0,"key":"LIFT"},{"data":"3","floor":32.0,"key":"LIFT"}],"circlet_count":0,"master_deck":["Decade_Attack","Decade_Attack","Decade_Attack","Decade_Attack","Decade_SpecialSkill","Decade_Defend+1","Decade_Defend+1","Decade_Defend+1","Decade_Defend+1","EpicFetus","Dragreder+1","DragShield","DecadeViolentEmotion+1","DragShield","RideBooker_Skill_3+1","Blade_Kick+1","RideBooker_Skill_1+1","KamenRideDecade+1","Gensokyo:CustomPotion"],"relics":["Decadriver","TOEIDeficitBill","testmod-TestBox","HushsDoor","CogitoBucket","D6","testmod-Hope","LetterFromLob","Replay:PocketPolymizer","CeramicFish","Pet Ghost","Replay:Baseball","MealTicket","Bird Faced Urn","Garlic","HornCleat","REME_DuelDisc","Divine Protection","testmod-TurbochargingSystem","Girya","Anchor","testmod-LifeArmor","vexMod:ImprovementManual","RedMistMask"],"acts_visited":["Gensokyo:Gensokyo","Gensokyo:Gensokyoer","Gensokyo:Gensokyoest"],"potions_floor_usage":[],"damage_taken":[{"damage":11.0,"enemies":"Gensokyo:Python","floor":1.0,"turns":3.0},{"damage":8.0,"enemies":"Gensokyo:Cirno","floor":7.0,"turns":5.0},{"damage":11.0,"enemies":"Gensokyo:2_Kodama","floor":10.0,"turns":9.0},{"damage":0.0,"enemies":"Gensokyo:Mamizou","floor":12.0,"turns":6.0},{"damage":2.0,"enemies":"Gensokyo:3_Fairies","floor":13.0,"turns":3.0},{"damage":0.0,"enemies":"Gensokyo:Aya","floor":14.0,"turns":4.0},{"damage":0.0,"enemies":"Gensokyo:Reimu","floor":16.0,"turns":9.0},{"damage":0.0,"enemies":"Gensokyo:3_Dogs","floor":18.0,"turns":3.0},{"damage":1.0,"enemies":"Gensokyo:CosmicMonolith","floor":21.0,"turns":6.0},{"damage":0.0,"enemies":"Gensokyo:3_Gloops","floor":22.0,"turns":4.0},{"damage":0.0,"enemies":"Gensokyo:Reisen","floor":23.0,"turns":5.0},{"damage":0.0,"enemies":"Gensokyo:Tenshi","floor":25.0,"turns":4.0},{"damage":0.0,"enemies":"Gensokyo:Wraith","floor":31.0,"turns":5.0},{"damage":0.0,"enemies":"Gensokyo:Eiki","floor":33.0,"turns":6.0},{"damage":0.0,"enemies":"Gensokyo:3_Boulders","floor":35.0,"turns":3.0}],"seed_played":"5680776074890951448","potions_obtained":[{"floor":4.0,"key":"SteroidPotion"},{"floor":7.0,"key":"Block Potion"},{"floor":12.0,"key":"champ:CounterPotion"},{"floor":31.0,"key":"FairyPotion"}],"is_trial":false,"path_per_floor":["M","COS","?","?","?","R","E","R","T","M","R","E","M","E","R","B",null,"M","?","COS","M","M","E","R","E","T","R","?","R","?","M","R","B",null,"M","?"],"character_chosen":"Decade","items_purchased":["EntropicBrew","FairyPotion"],"campfire_rested":0,"item_purchase_floors":[17,34],"current_hp_per_floor":[59,59,59,42,42,42,34,34,34,63,63,73,73,77,77,80,71,71,66,66,65,66,66,66,66,66,66,66,66,66,66,66,66,55,55,55,55,55],"gold":1211,"neow_bonus":"","is_daily":false,"chose_seed":false,"campfire_upgraded":3,"win_rate":0.0,"timestamp":1610199749,"path_taken":["M","COS","?","?","?","R","E","R","T","M","R","E","M","E","R","BOSS","M","?","COS","M","M","E","R","E","T","R","?","R","?","M","R","BOSS","M","?","$"],"items_purchased_type":["Potion","Potion"],"build_version":"2020-12-22","purchased_purges":2,"victory":false,"max_hp_per_floor":[70,70,70,70,70,70,70,70,70,70,70,80,80,80,80,80,71,71,66,66,66,66,66,66,66,66,66,66,66,66,66,66,66,55,55,55,55,55],"relic_stats":{"counters":[17,77],"CeramicFish":99,"Bird Faced Urn":[10],"MealTicket":0,"obtain_stats":[{"Divine Protection":19,"Replay:PocketPolymizer":3,"CeramicFish":4,"Decadriver":0,"REME_DuelDisc":17,"testmod-LifeArmor":26,"Pet Ghost":7,"CogitoBucket":0,"HornCleat":15,"MealTicket":10,"KeepersGift":0,"Girya":25,"testmod-TestBox":0,"TOEIDeficitBill":0,"testmod-TurbochargingSystem":23,"D6":0,"Replay:Baseball":9,"Anchor":25,"Bird Faced Urn":12,"testmod-Hope":0,"RedMistMask":35,"LetterFromLob":1,"Garlic":14,"HushsDoor":0,"vexMod:ImprovementManual":34,"REME_ComplimentaryCards":0},{"Divine Protection":9,"Replay:PocketPolymizer":1,"CeramicFish":1,"Decadriver":0,"REME_DuelDisc":7,"testmod-LifeArmor":13,"Pet Ghost":2,"CogitoBucket":0,"HornCleat":6,"MealTicket":3,"KeepersGift":0,"Girya":13,"testmod-TestBox":0,"TOEIDeficitBill":0,"testmod-TurbochargingSystem":12,"D6":0,"Replay:Baseball":2,"Anchor":13,"Bird Faced Urn":4,"testmod-Hope":0,"RedMistMask":17,"LetterFromLob":1,"Garlic":6,"HushsDoor":0,"vexMod:ImprovementManual":16,"REME_ComplimentaryCards":0},{"Divine Protection":43,"Replay:PocketPolymizer":3,"CeramicFish":3,"Decadriver":0,"REME_DuelDisc":39,"testmod-LifeArmor":62,"Pet Ghost":8,"CogitoBucket":0,"HornCleat":30,"MealTicket":9,"KeepersGift":0,"Girya":60,"testmod-TestBox":0,"TOEIDeficitBill":0,"testmod-TurbochargingSystem":58,"D6":0,"Replay:Baseball":8,"Anchor":62,"Bird Faced Urn":23,"testmod-Hope":0,"RedMistMask":77,"LetterFromLob":3,"Garlic":30,"HushsDoor":0,"vexMod:ImprovementManual":74,"REME_ComplimentaryCards":0}]},"card_choices":[{"not_picked":[],"picked":"EpicFetus","floor":0.0},{"not_picked":["AutoVajin","NMDAZYYGL"],"picked":"UnarmedAttack1","floor":1.0},{"not_picked":["FormRide","Dragreder","FormRideTitan"],"picked":"SKIP","floor":1.0},{"not_picked":["FormRide","FormRideTitan"],"picked":"Dragreder","floor":1.0},{"not_picked":["Blade_Slash","AutoVajin"],"picked":"DragShield","floor":10.0},{"not_picked":["DenO_Gun","RideBooker","UnarmedAttack8"],"picked":"SKIP","floor":10.0},{"not_picked":["FormRideFlame","UnarmedAttack4"],"picked":"DecadeViolentEmotion","floor":14.0},{"not_picked":["KamenRideDecade","UnarmedAttack3","Blade_Mach+1"],"picked":"SKIP","floor":18.0},{"not_picked":["Kiva_Frozen+1","Hibiki_Attack1","UnarmedAttack3+1"],"picked":"SKIP","floor":22.0},{"not_picked":["FormRideDogga","KamenRideDecade"],"picked":"DragShield","floor":23.0},{"not_picked":["KamenRideKuuga","KamenRideAgito+1","DragClaw"],"picked":"SKIP","floor":23.0},{"not_picked":["FormRideGaruru","KamenRideKabuto"],"picked":"RideBooker_Skill_3+1","floor":25.0},{"not_picked":["Hibiki_FEVER","RideBooker+1"],"picked":"RideBooker_Skill_1+1","floor":31.0},{"not_picked":["FormRideStorm+1","DenO_Ax","UnarmedAttack1"],"picked":"SKIP","floor":31.0},{"not_picked":["Decade_Defend2","FormRideDogga+1"],"picked":"KamenRideDecade+1","floor":35.0}],"player_experience":88672,"relics_obtained":[{"floor":1.0,"key":"LetterFromLob"},{"floor":4.0,"key":"CeramicFish"},{"floor":7.0,"key":"Pet Ghost"},{"floor":9.0,"key":"Replay:Baseball"},{"floor":12.0,"key":"Bird Faced Urn"},{"floor":14.0,"key":"Garlic"},{"floor":15.0,"key":"HornCleat"},{"floor":23.0,"key":"testmod-TurbochargingSystem"},{"floor":25.0,"key":"Anchor"},{"floor":26.0,"key":"testmod-LifeArmor"},{"floor":35.0,"key":"RedMistMask"}],"event_choices":[{"damage_healed":0.0,"max_hp_gain":0.0,"max_hp_loss":0.0,"gold_gain":0.0,"event_name":"给自己的盒子","player_choice":"Swap Relic","floor":3.0,"relics_lost":["REME_ComplimentaryCards"],"gold_loss":0.0,"damage_taken":0.0,"relics_obtained":["Replay:PocketPolymizer"]}],"is_beta":false,"boss_relics":[{"not_picked":["Replay:Ancient Bell","ChewingGum"],"picked":"REME_DuelDisc"},{"not_picked":[]},{"not_picked":["vexMod:DeviousBotling","SlaversCollar"],"picked":"vexMod:ImprovementManual"},{"not_picked":[]}],"items_purged_floors":[17,34],"is_endless":false,"potions_floor_spawned":[7,12,14,18,21,25,31],"ascension_level":0}}