{"host":"ha6p5pdchuduffeg","time":1610185719,"event":{"mods":["Act Like it!","BaseMod","Gensokyo","KinomotoSakuraMod(ƒæ÷Æ±æ”£)","Koishi","Marisa£®ÏF”Í°°ƒß¿Ì…≥£©","Minty Spire (QoL Compilation)","Reimu£®≤©¿ˆ¡È√Œ£©","Remilia£®¿Ÿ√◊¿Ú—«£©","Replay The Spire","StSLib","The Servant 0.9.4","Youmu£®ªÍ∆«—˝√Œ£©"],"gold_per_floor":[116,391,402,66,91,123,142,96,120,120,134,134,164,184,184,184,184],"floor_reached":16,"playtime":548,"items_purged":["Regret"],"score":132,"play_id":"37011a37-2bde-40f6-8f92-44fbc00a77aa","local_time":"20210109174839","is_ascension_mode":true,"campfire_choices":[{"floor":10,"key":"REST"},{"floor":12,"key":"REST"}],"circlet_count":0,"master_deck":["Strike_R","Strike_R","Strike_R","Strike_R","Strike_R","Defend_R","Defend_R","Defend_R","Defend_R","Bash","Flex+1","Shrug It Off","Flex","Twin Strike","Heavy Blade"],"relics":["Burning Blood","Toy Ornithopter","Chameleon Ring","Dream Catcher","ScarletDevilRocket","Anchor","Gremlin Horn"],"acts_visited":["Exordium"],"potions_floor_usage":[6,7,16],"damage_taken":[{"damage":5,"enemies":"Small Slimes","floor":1,"turns":3},{"damage":4,"enemies":"Cultist","floor":3,"turns":3},{"damage":70,"enemies":"Replay:BlueRogue","floor":6,"turns":10},{"damage":1,"enemies":"2 Louse","floor":7,"turns":2},{"damage":3,"enemies":"Looter","floor":11,"turns":3},{"damage":30,"enemies":"3 Sentries","floor":13,"turns":6},{"damage":4,"enemies":"Gremlin Gang","floor":14,"turns":4},{"damage":82,"enemies":"Hexaghost","floor":16,"turns":11}],"seed_played":"7391551975823028858","potions_obtained":[{"floor":1,"key":"Adrenaline Potion"},{"floor":6,"key":"Energy Potion"},{"floor":14,"key":"DistilledChaos"}],"is_trial":false,"path_per_floor":["M","?","M","$","T","E","M","?","T","R","M","R","E","M","R","B"],"character_chosen":"IRONCLAD","items_purchased":["Chameleon Ring"],"campfire_rested":2,"item_purchase_floors":[4],"current_hp_per_floor":[80,80,80,80,80,21,31,31,31,55,58,80,56,58,80,3,3],"gold":184,"neow_bonus":"RANDOM_COMMON_RELIC","is_daily":false,"chose_seed":false,"campfire_upgraded":0,"win_rate":0.0,"timestamp":1610185719,"path_taken":["M","?","?","$","?","E","M","?","T","R","M","R","E","M","R","BOSS"],"items_purchased_type":["Relic"],"build_version":"2020-12-22","purchased_purges":1,"victory":false,"max_hp_per_floor":[80,80,80,80,80,80,80,80,80,80,80,80,80,80,80,80,80],"card_choices":[{"not_picked":["Power Through","Blood for Blood"],"picked":"Flex","floor":1},{"not_picked":["Iron Wave","Perfected Strike"],"picked":"Shrug It Off","floor":3},{"not_picked":["Burning Pact","Entrench","Flame Barrier"],"picked":"SKIP","floor":6},{"not_picked":["Perfected Strike","ReplayTheSpireMod:Muscle Training"],"picked":"Flex","floor":7},{"not_picked":["Barricade","Rupture"],"picked":"Twin Strike","floor":11},{"not_picked":["Warcry","ReplayTheSpireMod:Strike From Hell"],"picked":"Heavy Blade","floor":12},{"not_picked":["Warcry","Impervious","Massacre"],"picked":"SKIP","floor":13},{"not_picked":["Warcry","Carnage","Havoc"],"picked":"SKIP","floor":14}],"player_experience":28101,"relics_obtained":[{"floor":5,"key":"Dream Catcher"},{"floor":6,"key":"ScarletDevilRocket"},{"floor":9,"key":"Anchor"},{"floor":13,"key":"Gremlin Horn"}],"event_choices":[{"damage_healed":0,"gold_gain":275,"player_choice":"Desecrate","damage_taken":0,"max_hp_gain":0,"max_hp_loss":0,"event_name":"Golden Shrine","floor":2,"gold_loss":0,"cards_obtained":["Regret"]},{"damage_healed":0,"gold_gain":0,"player_choice":"Left Gold","damage_taken":0,"max_hp_gain":0,"max_hp_loss":0,"event_name":"World of Goop","floor":8,"gold_loss":46}],"is_beta":false,"boss_relics":[],"items_purged_floors":[4],"is_endless":false,"potions_floor_spawned":[1,6,14],"killed_by":"Hexaghost","ascension_level":4}}