{"host":"d40xu1tklzkpvzv9","time":1610204319,"event":{"mods":["Aspiration","BaseMod","BetterRewards","Colored Map","Colored Powertips","Conspire","Custom Start","DeckTracker","Downfall","Highlight Path","Hubris","Infinite Spire","Mimic Mod","Minty Spire (QoL Compilation)","Quick Restart","Replay The Spire","StSLib","SuperFastMode"],"gold_per_floor":[112,112,122,122,134,134,162,162,162,178,207,218,218,236,236,339,339,355,369,369,381,396,396,396,408,408,437,437,89,107,138,138,237,237,255,15,67,84,84,118,118,147,147,147,164,164,183,183,183,183],"floor_reached":51,"playtime":2473,"items_purged":["Injury","Strike_B"],"score":1132,"play_id":"ef552f44-6a90-43d3-8349-b1d9c1ad9878","local_time":"20210109155839","is_ascension_mode":false,"campfire_choices":[{"data":"Amplify","floor":6,"key":"SMITH"},{"data":"Hello World","floor":8,"key":"SMITH"},{"floor":15,"key":"REST"},{"data":"Capacitor","floor":32,"key":"SMITH"},{"data":"Storm","floor":41,"key":"SMITH"},{"data":"Machine Learning","floor":49,"key":"SMITH"}],"circlet_count":0,"master_deck":["Strike_B","Strike_B","Strike_B","Defend_B","Defend_B","Defend_B","Defend_B","Zap","Dualcast","Coolheaded+1","Self Repair","Capacitor+1","Ball Lightning","Amplify+1","Hello World+1","Storm+1","Storm","Force Field","Redo+1","Seek+1","Coolheaded+1","ReplayTheSpireMod:Reroute Power+1","Ghostly+1","Ghostly+1","Ghostly+1","Ghostly+1","Ghostly+1","Leap+1","Heatsinks+1","Defragment","Panic Button+1","Conserve Battery+1","Machine Learning+1","Seek+1","Fusion+1","Lockon","Pot Of Greed+1","Pot Of Greed+1","Pot Of Greed+1","Pot Of Greed+1","Fission+1","Redo+1","Coolheaded+1","Redo+1"],"relics":["Cracked Core","hubris:CuriousFeather","infinitespire:EmpoweringShard","hubris:Towel","hubris:DeckOfHolding","conspire:Flyswatter","hubris:BottledRain","Toxic Egg 2","conspire:SpecialSausage","Meat on the Bone","Bottled Lightning","infinitespire:Satchel","Membership Card","Pondfish Scales","hubris:TenFootPole","Prayer Wheel","Busted Crown","conspire:GiftBox","Lizard Tail","Grinning Jar","Replay:Bottled Steam","Iron Hammer","Solar Panel","hubris:Icosahedron"],"acts_visited":["Exordium","TheCity","TheBeyond"],"potions_floor_usage":[11,14,16,50,50,50],"damage_taken":[{"damage":2,"enemies":"Cultist","floor":1,"turns":4},{"damage":0,"enemies":"2 Louse","floor":3,"turns":2},{"damage":0,"enemies":"Small Slimes","floor":5,"turns":2},{"damage":35,"enemies":"3 Sentries","floor":7,"turns":7},{"damage":13,"enemies":"Looter","floor":10,"turns":3},{"damage":14,"enemies":"Gremlin Nob","floor":11,"turns":3},{"damage":12,"enemies":"Lots of Slimes","floor":12,"turns":4},{"damage":3,"enemies":"2 Fungi Beasts","floor":14,"turns":3},{"damage":0,"enemies":"Slime Boss","floor":16,"turns":7},{"damage":5,"enemies":"Chosen","floor":18,"turns":4},{"damage":53,"enemies":"conspire:FuzzyDice","floor":19,"turns":5},{"damage":0,"enemies":"Centurion and Healer","floor":21,"turns":5},{"damage":0,"enemies":"conspire:HollyBat","floor":22,"turns":7},{"damage":5,"enemies":"3 Cultists","floor":25,"turns":6},{"damage":8,"enemies":"conspire:SneckoGhost","floor":27,"turns":5},{"damage":1,"enemies":"Snake Plant","floor":30,"turns":3},{"damage":11,"enemies":"conspire:Head Lice","floor":31,"turns":4},{"damage":19,"enemies":"Pondfish","floor":33,"turns":14},{"damage":7,"enemies":"3 Darklings","floor":35,"turns":4},{"damage":16,"enemies":"2 Orb Walkers","floor":37,"turns":5},{"damage":12,"enemies":"3 Shapes","floor":38,"turns":4},{"damage":12,"enemies":"Giant Head","floor":40,"turns":6},{"damage":0,"enemies":"R_Hoarder","floor":42,"turns":3},{"damage":0,"enemies":"Jaw Worm Horde","floor":45,"turns":3},{"damage":0,"enemies":"Transient","floor":47,"turns":5},{"damage":21,"enemies":"Replay:Hell Engine","floor":50,"turns":6}],"seed_played":"-7820804843679072990","potions_obtained":[{"floor":5,"key":"FocusPotion"},{"floor":11,"key":"PowerPotion"},{"floor":12,"key":"SkillPotion"},{"floor":18,"key":"FocusPotion"},{"floor":22,"key":"AttackPotion"},{"floor":30,"key":"Strength Potion"},{"floor":45,"key":"Ancient Potion"}],"is_trial":false,"path_per_floor":["M","?","M","?","M","R","E","R","T","M","E","M","?","M","R","B",null,"M","M","?","M","M","?","?","M","T","E","?","$","M","E","R","B",null,"M","$","?","M","?","E","R","E","T","T","M","?","M","?","R","B",null],"character_chosen":"DEFECT","items_purchased":["Coolheaded+1","Self Repair","Membership Card","Panic Button+1","Pondfish Scales","Fusion+1","conspire:GiftBox"],"campfire_rested":1,"item_purchase_floors":[0,0,29,29,29,36,36],"current_hp_per_floor":[46,46,53,53,60,60,32,32,32,26,19,14,14,11,33,40,75,70,24,24,31,37,37,37,37,37,36,36,36,35,24,24,31,37,37,37,28,35,35,30,30,30,30,30,37,37,37,37,37,37],"gold":183,"neow_bonus":"","is_daily":false,"chose_seed":false,"campfire_upgraded":5,"win_rate":0.0,"timestamp":1610204319,"path_taken":["M","?","M","?","M","R","E","R","T","M","E","M","?","M","R","BOSS","M","M","?","M","M","?","?","?","T","E","?","?","M","E","R","BOSS","M","$","?","M","?","E","R","E","T","?","M","?","?","?","R","BOSS"],"items_purchased_type":["Card","Card","Relic","Card","Relic","Card","Relic"],"build_version":"2020-12-22","purchased_purges":2,"victory":true,"max_hp_per_floor":[75,75,75,75,75,75,75,75,75,75,75,75,75,75,75,75,75,75,75,37,37,37,37,37,37,37,37,37,37,37,37,37,37,37,37,37,37,37,37,37,37,37,37,37,37,37,37,37,37,37],"card_choices":[{"not_picked":["Sweeping Beam","Coolheaded"],"picked":"Capacitor","floor":1},{"not_picked":["Leap","Self Repair"],"picked":"Ball Lightning","floor":3},{"not_picked":["Barrage","Hologram"],"picked":"Amplify","floor":5},{"not_picked":["Beam Cell","Melter"],"picked":"Hello World","floor":7},{"not_picked":["Streamline","Go for the Eyes"],"picked":"Storm","floor":10},{"not_picked":["Time Bomb","Panic Button"],"picked":"Storm","floor":11},{"not_picked":["Cold Snap","Streamline"],"picked":"Force Field","floor":12},{"not_picked":["Streamline","Gash"],"picked":"Redo+1","floor":14},{"not_picked":["Buffer","ReplayTheSpireMod:Fabricate Wheel+1"],"picked":"Seek+1","floor":16},{"not_picked":["Sweeping Beam","Reinforced Body+1"],"picked":"Coolheaded+1","floor":18},{"not_picked":["Coolheaded+1","Capacitor"],"picked":"ReplayTheSpireMod:Reroute Power+1","floor":19},{"not_picked":["Reprogram+1","Gash"],"picked":"Leap+1","floor":21},{"not_picked":["Stack+1","Go for the Eyes"],"picked":"Heatsinks+1","floor":22},{"not_picked":["Steam+1","Panic Button+1"],"picked":"Defragment","floor":25},{"not_picked":["ReplayTheSpireMod:Reroute Power+1","Hologram+1"],"picked":"ReplayTheSpireMod:Fabricate Wheel+1","floor":27},{"not_picked":["Gash+1","Rebound+1"],"picked":"Conserve Battery+1","floor":30},{"not_picked":["Stack+1","Ball Lightning+1","Scrape"],"picked":"SKIP","floor":31},{"not_picked":["Amplify+1","All For One"],"picked":"Seek+1","floor":33},{"not_picked":["Compile Driver"],"picked":"SKIP","floor":35},{"not_picked":["Beam Cell"],"picked":"SKIP","floor":35},{"not_picked":[],"picked":"Lockon","floor":38},{"not_picked":["Go for the Eyes"],"picked":"SKIP","floor":38},{"not_picked":[],"picked":"Fission+1","floor":40},{"not_picked":[],"picked":"Redo+1","floor":42},{"not_picked":[],"picked":"Coolheaded+1","floor":45},{"not_picked":["Gash"],"picked":"SKIP","floor":45},{"not_picked":[],"picked":"Redo+1","floor":47},{"not_picked":["Sweeping Beam+1"],"picked":"SKIP","floor":47}],"player_experience":122033,"relics_obtained":[{"floor":7,"key":"hubris:DeckOfHolding"},{"floor":9,"key":"conspire:Flyswatter"},{"floor":11,"key":"hubris:BottledRain"},{"floor":26,"key":"Bottled Lightning"},{"floor":27,"key":"infinitespire:Satchel"},{"floor":31,"key":"hubris:TenFootPole"},{"floor":37,"key":"Lizard Tail"},{"floor":40,"key":"Grinning Jar"},{"floor":42,"key":"Replay:Bottled Steam"},{"floor":43,"key":"Iron Hammer"},{"floor":44,"key":"Solar Panel"}],"event_choices":[{"damage_healed":0,"gold_gain":0,"player_choice":"Became a Ghost","damage_taken":0,"max_hp_gain":0,"max_hp_loss":38,"event_name":"Ghosts","floor":20,"gold_loss":0,"cards_obtained":["Ghostly","Ghostly","Ghostly","Ghostly","Ghostly"]},{"damage_healed":0,"gold_gain":0,"player_choice":"Leave","damage_taken":0,"max_hp_gain":0,"max_hp_loss":0,"event_name":"conspire:Investor","floor":23,"gold_loss":0},{"damage_healed":0,"gold_gain":0,"player_choice":"Opened","damage_taken":0,"relics_obtained":["Meat on the Bone"],"max_hp_gain":0,"max_hp_loss":0,"event_name":"The Mausoleum","floor":24,"gold_loss":0,"cards_obtained":["Writhe"]},{"cards_removed":["Writhe"],"damage_healed":0,"gold_gain":0,"player_choice":"Card Removal","damage_taken":0,"max_hp_gain":0,"max_hp_loss":0,"event_name":"Wheel of Change","floor":28,"gold_loss":0},{"damage_healed":0,"gold_gain":0,"player_choice":"Fight","damage_taken":0,"max_hp_gain":0,"max_hp_loss":0,"event_name":"Mysterious Sphere","floor":37,"gold_loss":0}],"is_beta":false,"boss_relics":[{"not_picked":["SlaversCollar","Nuclear Battery"],"picked":"conspire:SpecialSausage"},{"not_picked":["Black Star","Replay:Drink Me"],"picked":"Busted Crown"}],"items_purged_floors":[29,36],"is_endless":false,"potions_floor_spawned":[5,11,12,18,22,30,35,37,45],"ascension_level":0}}