{"host":"nzm1i0l8mrsm8hd2","time":1610191766,"event":{"mods":["Act Like it!","Arknights The Spire","Aspiration","BaseMod","Better Third Choice","Challenge The Spire","Conspire","Friendly Minions","Gensokyo","Jedi Mod","Minty Spire (QoL Compilation)","Pale of the Ancients","Quick Restart","RumiaBox-露米娅的神秘盒子","Spicy Shops","StSLib","The Jungle","Yohane!"],"gold_per_floor":[114,64,64,64,80,108,121,139,165,165,12,23,23,23,23,23,23],"floor_reached":16,"playtime":593,"items_purged":[],"score":150,"play_id":"68e569cc-07ed-468d-ad9e-0eac7a6846c6","local_time":"20210109192926","is_ascension_mode":false,"campfire_choices":[{"data":"Yohane:Little_Demon_Mari","floor":13,"key":"SMITH"},{"data":"Yohane:Little_Demon_Lily","floor":15,"key":"SMITH"}],"circlet_count":0,"master_deck":["conspire:GhostlyStrike+1","conspire:GhostlyStrike","conspire:GhostlyStrike","conspire:GhostlyStrike","conspire:GhostlyDefend","conspire:GhostlyDefend","conspire:GhostlyDefend","Yohane:Little_Demon_Lily+1","Yohane:Well_Laid_Ambush","Yohane:Little_Demon_Mari+1","Yohane:My_Mai_Tonight","Yohane:Unstable_World","Yohane:Culinary_Genius+1","Yohane:Kowareyasuki"],"relics":["Yohane:AngelWings","NeowsBlessing","conspire:Flyswatter","PreservedInsect","Whetstone","Membership Card"],"acts_visited":["Exordium"],"potions_floor_usage":[16],"damage_taken":[{"damage":0,"enemies":"Small Slimes","floor":1,"turns":2},{"damage":0,"enemies":"Jaw Worm","floor":5,"turns":1},{"damage":0,"enemies":"Gremlin Nob","floor":6,"turns":1},{"damage":0,"enemies":"Cultist","floor":7,"turns":3},{"damage":19,"enemies":"Blue Slaver","floor":8,"turns":4},{"damage":40,"enemies":"Exordium Wildlife","floor":12,"turns":9},{"damage":15,"enemies":"The Guardian","floor":16,"turns":11}],"seed_played":"-6816925058152457501","potions_obtained":[{"floor":1,"key":"BlessingOfTheForge"},{"floor":12,"key":"jedi:hoardpotion"}],"is_trial":false,"path_per_floor":["M","?","$","T","M","E","M","M","T","?","$","M","R","?","R","B"],"character_chosen":"FallenAngel","items_purchased":["Membership Card"],"campfire_rested":0,"item_purchase_floors":[11],"current_hp_per_floor":[60,60,60,60,60,60,60,42,42,42,42,8,8,8,8,0,0],"gold":23,"neow_bonus":"THREE_ENEMY_KILL","is_daily":false,"chose_seed":false,"campfire_upgraded":2,"win_rate":0.0,"timestamp":1610191766,"path_taken":["M","?","$","?","M","E","?","M","T","?","?","?","R","?","R","BOSS"],"items_purchased_type":["Relic"],"build_version":"2020-12-22","purchased_purges":0,"victory":false,"max_hp_per_floor":[60,60,60,60,60,60,60,60,60,60,60,60,60,60,60,60,60],"card_choices":[{"not_picked":["Yohane:Little_Demon_Ruby","Yohane:Kowareyasuki"],"picked":"Yohane:Little_Demon_Mari","floor":1},{"not_picked":["Yohane:Dark_Rest","Yohane:Mijuku_Dreamer"],"picked":"Yohane:My_Mai_Tonight","floor":5},{"not_picked":["Yohane:Ice_Cream_Assault","Yohane:Little_Demon_Recruit"],"picked":"Yohane:Unstable_World","floor":6},{"not_picked":["Yohane:Little_Demon_Recruit","Yohane:Hakodate"],"picked":"Yohane:Culinary_Genius","floor":7},{"not_picked":["Yohane:Inspiration","Yohane:Dark_Rest","Yohane:Miracle_Wave"],"picked":"SKIP","floor":8},{"not_picked":["Yohane:Dark_Rest","Yohane:Hakodate"],"picked":"Yohane:Kowareyasuki","floor":12}],"player_experience":563945,"relics_obtained":[{"floor":4,"key":"conspire:Flyswatter"},{"floor":6,"key":"PreservedInsect"},{"floor":9,"key":"Whetstone"}],"event_choices":[{"cards_removed":["Yohane:Defend_Grey"],"damage_healed":0,"gold_gain":0,"player_choice":"Card Removal","damage_taken":0,"max_hp_gain":0,"max_hp_loss":0,"event_name":"The Cleric","floor":2,"gold_loss":50},{"damage_healed":0,"gold_gain":0,"player_choice":"Agree","damage_taken":0,"max_hp_gain":0,"max_hp_loss":0,"event_name":"conspire:LoneGhost","floor":10,"gold_loss":0},{"damage_healed":0,"gold_gain":0,"player_choice":"Leave","damage_taken":0,"max_hp_gain":0,"max_hp_loss":0,"event_name":"conspire:Investor","floor":14,"gold_loss":0}],"is_beta":false,"boss_relics":[],"items_purged_floors":[],"is_endless":false,"potions_floor_spawned":[1,12],"killed_by":"The Guardian","ascension_level":0}}