{"host":"0fmi5fguj5lvt8pf","time":1610182051,"event":{"mods":["BaseMod","Colored Map","Curses Come First","Downfall","Minty Spire (QoL Compilation)","Permanent Neow","StSLib","Waifu the Spire"],"gold_per_floor":[99,113,129,140,154,170,219,229,247,347,360,360,406,14,26,126,176,176,176,196,196,281,315,315,315,329,340,77,93,93,93,113,217,217,67,78,204,204,204,249,272,197,232,232,252,252,252,102,119,119,119,151,23,23,23],"floor_reached":56,"playtime":3700,"items_purged":["champ:Defend","champ:Strike","champ:Strike","champ:Execute"],"score":1316,"play_id":"528daeb3-9315-4e90-ba74-70c97b815315","local_time":"20210109004731","is_ascension_mode":false,"campfire_choices":[{"data":"champ:Taunt","floor":1.0,"key":"SMITH"},{"data":"champ:RageSigil","floor":12.0,"key":"SMITH"},{"data":"champ:StanceDance","floor":18,"key":"SMITH"},{"floor":30,"key":"RECALL"},{"floor":35,"key":"DIG"},{"floor":42,"key":"DIG"},{"data":"champ:CalledShot","floor":44,"key":"SMITH"},{"data":"champ:PreciseThrust","floor":54,"key":"SMITH"}],"circlet_count":0,"master_deck":["champ:Strike","champ:Strike","champ:Defend+1","champ:Defend+1","champ:Taunt+1","champ:BringItOn+1","champ:RisingSlash","champ:RageSigil+1","champ:ShieldSigil","champ:RageSigil","champ:StanceDance+1","champ:RisingSlash","champ:RageSigil+1","champ:MurderStrike","CurseOfTheBell","champ:CalledShot+1","champ:StanceDance+1","champ:PreciseThrust+1"],"relics":["champ:ChampionCrown","champ:DeflectingBracers","Guardian:PocketSentry","War Paint","Torii","Tiny House","hexamod:BolsterEngine","Juzu Bracelet","Lee\u0027s Waffle","champ:GladiatorsBookOfMartialProwess","Calling Bell","champ:SpectersHand","sneckomod:BlankCard","Shovel","downfall:HeartBlessingRed","downfall:HeartBlessingGreen","Pen Nib","WingedGreaves","Regal Pillow","downfall:HeartBlessingBlue","Du-Vu Doll","PreservedInsect","Kunai"],"acts_visited":["Exordium","TheCity","TheBeyond","TheEnding"],"potions_floor_usage":[16,16,19,23,23,26,33,37,49,55,55],"damage_taken":[{"damage":6.0,"enemies":"Cultist","floor":2.0,"turns":4.0},{"damage":0.0,"enemies":"Small Slimes","floor":3.0,"turns":3.0},{"damage":17.0,"enemies":"Jaw Worm","floor":4.0,"turns":3.0},{"damage":7.0,"enemies":"Exordium Wildlife","floor":5.0,"turns":3.0},{"damage":11.0,"enemies":"Red Slaver","floor":6.0,"turns":4.0},{"damage":0.0,"enemies":"2 Fungi Beasts","floor":8.0,"turns":3.0},{"damage":7.0,"enemies":"Blue Slaver","floor":9.0,"turns":3.0},{"damage":7.0,"enemies":"Exordium Thugs","floor":11.0,"turns":4.0},{"damage":31.0,"enemies":"downfall:FleeingMerchant","floor":14.0,"turns":4.0},{"damage":6.0,"enemies":"3 Louse","floor":15.0,"turns":2.0},{"damage":35,"enemies":"downfall:Silent","floor":16,"turns":4},{"damage":0,"enemies":"3 Byrds","floor":19,"turns":1},{"damage":20,"enemies":"Snake Plant","floor":20,"turns":4},{"damage":11,"enemies":"Slavers","floor":23,"turns":6},{"damage":11,"enemies":"3 Cultists","floor":26,"turns":5},{"damage":13,"enemies":"Centurion and Healer","floor":27,"turns":6},{"damage":10,"enemies":"downfall:FleeingMerchant","floor":28,"turns":4},{"damage":0,"enemies":"Cultist and Chosen","floor":29,"turns":6},{"damage":21,"enemies":"Sentry and Sphere","floor":32,"turns":5},{"damage":6,"enemies":"downfall:Ironclad","floor":33,"turns":9},{"damage":0,"enemies":"3 Darklings","floor":36,"turns":3},{"damage":0,"enemies":"downfall:FleeingMerchant","floor":37,"turns":2},{"damage":17,"enemies":"2 Orb Walkers","floor":40,"turns":5},{"damage":0,"enemies":"Reptomancer","floor":43,"turns":6},{"damage":0,"enemies":"3 Shapes","floor":45,"turns":2},{"damage":11,"enemies":"Maw","floor":49,"turns":5},{"damage":0,"enemies":"downfall:Watcher","floor":50,"turns":5},{"damage":25,"enemies":"downfall:CharBossMerchant","floor":52,"turns":5},{"damage":31,"enemies":"downfall:NeowBoss","floor":55,"turns":25}],"seed_played":"3206483332240622316","potions_obtained":[{"floor":3.0,"key":"Energy Potion"},{"floor":6.0,"key":"PowerPotion"},{"floor":8.0,"key":"Fire Potion"},{"floor":11.0,"key":"EntropicBrew"},{"floor":17,"key":"SmokeBomb"},{"floor":23,"key":"SneckoOil"},{"floor":32,"key":"FearPotion"},{"floor":33,"key":"Weak Potion"},{"floor":36,"key":"LiquidMemories"},{"floor":49,"key":"Weak Potion"},{"floor":52,"key":"champ:UltimateStancePotion"}],"is_trial":false,"path_per_floor":["R","M","M","M","M","M","T","M","M","?","M","R","T","$","M","B",null,"R","M","M","?","?","E","T","T","M","M","$","M","R","?","M","B",null,"R","M","$","?","?","?","T","R","E","R","M","?","?","$","M","B",null,"E","$","R","B",null],"character_chosen":"THE_CHAMP","items_purchased":["Torii","Lee\u0027s Waffle","champ:CalledShot","champ:PreciseThrust","Dexterity Potion"],"campfire_rested":0,"item_purchase_floors":[14,28,37,53,53],"current_hp_per_floor":[81,80,80,74,67,67,67,67,65,65,58,58,58,58,57,57,86,86,86,71,71,53,42,42,42,41,33,93,93,93,93,77,71,93,93,93,93,93,93,76,76,86,86,86,86,86,86,86,75,75,103,78,78,78,71],"gold":23,"neow_bonus":"ONE_RARE_RELIC","is_daily":false,"chose_seed":false,"campfire_upgraded":5,"win_rate":0.0,"timestamp":1610182051,"path_taken":["R","M","M","?","M","M","T","?","M","?","M","R","?","?","M","BOSS","R","M","M","?","?","E","T","?","M","M","$","M","R","?","M","BOSS","R","M","$","?","?","?","T","R","E","R","M","?","?","?","M","BOSS","E","$","R","BOSS"],"items_purchased_type":["Relic","Relic","Card","Card","Potion"],"build_version":"2020-12-22","purchased_purges":4,"victory":true,"max_hp_per_floor":[81,81,81,81,81,81,81,81,81,81,81,81,81,81,81,81,86,86,86,86,86,86,86,86,86,86,86,93,93,93,93,93,93,93,93,93,93,93,93,93,93,103,103,103,103,103,103,103,103,103,103,103,103,103,103],"card_choices":[{"not_picked":["champ:DefensiveShout","champ:StanceDance"],"picked":"champ:BringItOn","floor":2.0},{"not_picked":["champ:ArenaPreparation","champ:ShieldSigil"],"picked":"champ:RisingSlash","floor":3.0},{"not_picked":["champ:Backstep","champ:BladeFlurry","champ:BerserkersShout"],"picked":"SKIP","floor":4.0},{"not_picked":["champ:BerserkerStyle","champ:CrookedStrike","champ:BladeFlurry"],"picked":"SKIP","floor":5.0},{"not_picked":["champ:BerserkerStyle","champ:DeathBlow"],"picked":"champ:RageSigil","floor":6.0},{"not_picked":["champ:BladeFlurry","champ:Improvising","champ:IronFortress"],"picked":"SKIP","floor":8.0},{"not_picked":["champ:PerfectedStrike","champ:Riposte","champ:BerserkerStyle"],"picked":"SKIP","floor":9.0},{"not_picked":["champ:GladiatorsShout","champ:FocusedGladiator"],"picked":"champ:ShieldSigil","floor":11.0},{"not_picked":["champ:BringItOn","champ:CrookedStrike"],"picked":"champ:RageSigil","floor":14.0},{"not_picked":["champ:BerserkersShout","champ:FocusedGladiator","champ:Circumvent"],"picked":"SKIP","floor":15.0},{"not_picked":["champ:GladiatorsShout","champ:CrookedStrike"],"picked":"champ:StanceDance","floor":17},{"not_picked":["champ:FightOn","champ:DeathBlow","champ:GutPunch+1"],"picked":"SKIP","floor":20},{"not_picked":["champ:Haymaker+1","champ:Backstep+1","champ:BerserkersShout"],"picked":"SKIP","floor":23},{"not_picked":["champ:IronFortress","champ:Circumvent+1","champ:BladeFlurry"],"picked":"SKIP","floor":26},{"not_picked":["champ:Encircle","champ:TornadoPunch","champ:DeathBlow"],"picked":"SKIP","floor":27},{"not_picked":["champ:Backstep","champ:SwordThrow"],"picked":"champ:RisingSlash","floor":28},{"not_picked":["champ:FlashCut","champ:BerserkerStyle","champ:Aggression+1"],"picked":"SKIP","floor":29},{"not_picked":["champ:Haymaker","champ:BerserkersShout"],"picked":"champ:RageSigil+1","floor":32},{"not_picked":["champ:DancingMaster","champ:CheapShot"],"picked":"champ:MurderStrike","floor":33},{"not_picked":["champ:SkillfulDodge","champ:TornadoPunch","champ:PerfectedStrike"],"picked":"SKIP","floor":36},{"not_picked":["champ:PerfectedStrike","champ:Circumvent+1","champ:FocusedGladiator"],"picked":"SKIP","floor":37},{"not_picked":["champ:Devastate","champ:GladiatorsShout+1","champ:Riposte+1"],"picked":"SKIP","floor":43},{"not_picked":["champ:EnGarde","champ:Backstep+1"],"picked":"champ:StanceDance+1","floor":45},{"not_picked":["champ:AdrenalArmor+1","champ:StanceDance","champ:Backstep+1"],"picked":"SKIP","floor":49},{"not_picked":["champ:BerserkersShout+1","champ:CrookedStrike+1","champ:GutPunch+1"],"picked":"SKIP","floor":52}],"player_experience":1308495,"relics_obtained":[{"floor":7.0,"key":"Guardian:PocketSentry"},{"floor":13.0,"key":"War Paint"},{"floor":23,"key":"hexamod:BolsterEngine"},{"floor":25,"key":"Juzu Bracelet"},{"floor":34,"key":"champ:SpectersHand"},{"floor":34,"key":"sneckomod:BlankCard"},{"floor":34,"key":"Shovel"},{"floor":35,"key":"Pen Nib"},{"floor":40,"key":"WingedGreaves"},{"floor":41,"key":"Regal Pillow"},{"floor":42,"key":"Du-Vu Doll"},{"floor":43,"key":"PreservedInsect"},{"floor":52,"key":"Kunai"}],"event_choices":[{"cards_removed":["champ:Defend"],"damage_healed":0,"gold_gain":0,"player_choice":"Removed Skill","damage_taken":0,"max_hp_gain":0,"max_hp_loss":0,"event_name":"Falling","floor":39,"gold_loss":0},{"damage_healed":0,"gold_gain":0,"player_choice":"Fight","damage_taken":0,"max_hp_gain":0,"max_hp_loss":0,"event_name":"Mysterious Sphere","floor":40,"gold_loss":0},{"damage_healed":0,"gold_gain":0,"player_choice":"Ignored","damage_taken":0,"max_hp_gain":0,"max_hp_loss":0,"event_name":"NoteForYourself","floor":46,"gold_loss":0}],"is_beta":false,"boss_relics":[{"not_picked":["Runic Dome","downfall:Hecktoplasm"],"picked":"Tiny House"},{"not_picked":["Sozu","Astrolabe"],"picked":"Calling Bell"}],"items_purged_floors":[14,28,37,48],"is_endless":false,"potions_floor_spawned":[3,6,8,9,11,19,23,32,33,36,49,52],"ascension_level":0}}