{"host":"lxihx0b6awoz2w1j","time":1610162530,"event":{"mods":["Act Like it!","Aspiration","BaseMod","Better Third Choice","CapriCore","Colored Powertips","Downfall","Gensokyo","Hermit","HololiveMod","Hubris","Infinite Spire","JesterMod","Luminous","Marisa????????","Melee Mod","Minty Spire (QoL Compilation)","Prisma Mod","Quick Restart","Relic Stats","Replay The Spire","Shade Mod","Spicy Shops","StSLib","The Alterego","The Blue Laboratory","The Cursed","The Disciple","The Forsaken","The Immortal","The Jungle","The Marked","The Runesmith","The Senshi","The Servant 0.9.4","Waifu the Spire"],"gold_per_floor":[117,131,131,150,166,198,198,226,226,226,246,246,106,153,153,250,250,267,267,267,267,267,267,286,286,286,306,142,142,142,152,152,251,251,271,271,284,294,16,16,47,59,59,59,77,88,107,107,107,107],"floor_reached":51,"playtime":2018,"items_purged":[],"score":737,"play_id":"3e5abd43-c3c5-47be-9c54-bb740b0869e4","local_time":"20210109042210","is_ascension_mode":false,"campfire_choices":[{"floor":7.0,"key":"REST"},{"data":"Dash","floor":10.0,"key":"SMITH"},{"data":"Cloak And Dagger","floor":12.0,"key":"SMITH"},{"floor":15.0,"key":"DIG"},{"floor":23.0,"key":"REST"},{"floor":25.0,"key":"REST"},{"data":"Envenom","floor":30,"key":"SMITH"},{"data":"A Thousand Cuts","floor":32,"key":"SMITH"},{"data":"Corpse Explosion","floor":40,"key":"SMITH"},{"floor":49,"key":"REST"}],"circlet_count":0,"master_deck":["Strike_G+1","Strike_G+1","Strike_G+1","Strike_G+1","Strike_G+1","Defend_G+1","Defend_G+1","Defend_G+1","Defend_G+1","Defend_G+1","Survivor+1","Neutralize+1","Dash+1","Dagger Throw+1","ReplayTheSpireMod:Speed Training+1","Blade Dance+1","Blade Dance+1","Cloak And Dagger+1","Envenom+1","A Thousand Cuts+1","Dodge and Roll+1","Footwork+1","ReplayTheSpireMod:Scrap Shanks+1","ReplayTheSpireMod:From All Sides+1","Infinite Blades+1","Corpse Explosion+1","Noxious Fumes+1","Finisher+1","Cloak And Dagger+1","Writhe","Backstab+1","Cloak And Dagger+1"],"relics":["Ring of the Snake","aspiration:Nostalgia","theForsaken:JudgementScales","Letter Opener","Whetstone","Pantograph","Orichalcum","Replay:Ringing Soul","hubris:VirtuousBlindfold","aspiration:FetidBarrel","BranchBurnRelic","Cursed Key","Medical Kit","PreservedInsect","Kunai","Mark of the Bloom"],"acts_visited":["Exordium","TheCity","TheBeyond"],"potions_floor_usage":[],"damage_taken":[{"damage":0.0,"enemies":"Cultist","floor":1.0,"turns":4.0},{"damage":0.0,"enemies":"Small Slimes","floor":2.0,"turns":3.0},{"damage":0.0,"enemies":"2 Louse","floor":4.0,"turns":3.0},{"damage":11.0,"enemies":"Exordium Thugs","floor":5.0,"turns":7.0},{"damage":21.0,"enemies":"Gremlin Nob","floor":6.0,"turns":5.0},{"damage":7.0,"enemies":"3 Sentries","floor":8.0,"turns":8.0},{"damage":2.0,"enemies":"Looter","floor":11.0,"turns":2.0},{"damage":20.0,"enemies":"Slime Boss","floor":16.0,"turns":9.0},{"damage":13.0,"enemies":"3 Byrds","floor":18.0,"turns":4.0},{"damage":21.0,"enemies":"2 Thieves","floor":24.0,"turns":3.0},{"damage":17.0,"enemies":"Snake Plant","floor":27.0,"turns":4.0},{"damage":16,"enemies":"Shelled Parasite and Fungi","floor":31,"turns":6},{"damage":34,"enemies":"Collector","floor":33,"turns":8},{"damage":0,"enemies":"Orb Walker","floor":35,"turns":2},{"damage":4,"enemies":"3 Shapes","floor":37,"turns":2},{"damage":10,"enemies":"Writhing Mass","floor":38,"turns":5},{"damage":17,"enemies":"Giant Head","floor":41,"turns":7},{"damage":16,"enemies":"Sphere and 2 Shapes","floor":42,"turns":4},{"damage":10,"enemies":"4 Shapes","floor":45,"turns":5},{"damage":0,"enemies":"Jaw Worm Horde","floor":46,"turns":2},{"damage":0,"enemies":"Spire Growth","floor":47,"turns":4},{"damage":40,"enemies":"infinitespire:MassOfShapes","floor":50,"turns":10}],"seed_played":"1686744023647811925","potions_obtained":[{"floor":6.0,"key":"sneckomod:MuddlingPotion"},{"floor":8.0,"key":"blueLaboratory:SavagePotion"},{"floor":11.0,"key":"blueLaboratory:BottleOfVodka"}],"is_trial":false,"path_per_floor":["M","M","?","M","M","E","R","E","T","R","M","R","$","T","R","B",null,"M","?","?","?","?","R","M","R","T","M","$","?","R","M","R","B",null,"M","AVR","M","M","$","R","E","M","T","?","M","M","M","?","R","B",null],"character_chosen":"THE_SILENT","items_purchased":["Envenom","aspiration:FetidBarrel","Footwork","Corpse Explosion","Noxious Fumes"],"campfire_rested":4,"item_purchase_floors":[13,28,28,39,39],"current_hp_per_floor":[70,70,70,70,59,38,59,52,52,52,50,50,50,50,50,53,73,60,47,47,47,47,70,52,76,76,59,62,62,62,64,64,62,90,93,93,89,79,82,82,82,69,72,72,65,65,68,68,68,28],"gold":107,"neow_bonus":"NOSTALGIA","is_daily":false,"chose_seed":false,"campfire_upgraded":5,"win_rate":0.0,"timestamp":1610162530,"path_taken":["M","M","?","M","M","E","R","E","T","R","M","R","$","?","R","BOSS","M","?","?","?","?","R","?","R","T","M","$","?","R","M","R","BOSS","M","AVR","M","M","$","R","E","M","T","?","M","M","M","?","R","BOSS"],"items_purchased_type":["Card","Relic","Card","Card","Card"],"build_version":"2020-12-22","purchased_purges":0,"victory":true,"max_hp_per_floor":[70,70,70,70,70,70,70,70,70,70,70,70,70,70,70,73,73,73,78,78,78,78,78,81,81,81,81,84,84,84,87,87,90,90,93,93,93,93,96,96,99,102,105,100,103,103,106,106,106,106],"relic_stats":{"Mark of the Bloom":71,"counters":[22,107],"Pantograph":43,"PreservedInsect":0,"Letter Opener":[167],"Whetstone":["Dagger Throw","Strike_G"],"Kunai":[20],"Orichalcum":[66],"Cursed Key":1,"Medical Kit":[0],"obtain_stats":[{"Mark of the Bloom":48,"aspiration:Nostalgia":0,"aspiration:FetidBarrel":28,"Dead Branch":26,"hubris:VirtuousBlindfold":17,"PreservedInsect":41,"Letter Opener":6,"Whetstone":8,"Orichalcum":14,"Cursed Key":34,"Medical Kit":36,"Replay:Ringing Soul":15,"BranchBurnRelic":30,"Pantograph":9,"Kunai":43,"theForsaken:JudgementScales":0,"Ring of the Snake":0},{"Mark of the Bloom":21,"aspiration:Nostalgia":0,"aspiration:FetidBarrel":11,"Dead Branch":10,"hubris:VirtuousBlindfold":8,"PreservedInsect":17,"Letter Opener":5,"Whetstone":6,"Orichalcum":7,"Cursed Key":13,"Medical Kit":14,"Replay:Ringing Soul":7,"BranchBurnRelic":11,"Pantograph":6,"Kunai":18,"theForsaken:JudgementScales":0,"Ring of the Snake":0},{"Mark of the Bloom":97,"aspiration:Nostalgia":0,"aspiration:FetidBarrel":52,"Dead Branch":48,"hubris:VirtuousBlindfold":41,"PreservedInsect":82,"Letter Opener":22,"Whetstone":30,"Orichalcum":32,"Cursed Key":66,"Medical Kit":68,"Replay:Ringing Soul":32,"BranchBurnRelic":52,"Pantograph":30,"Kunai":86,"theForsaken:JudgementScales":0,"Ring of the Snake":0}],"Ring of the Snake":[44]},"card_choices":[{"not_picked":["Outmaneuver","Tactician"],"picked":"Dash","floor":1.0},{"not_picked":["Setup","Crippling Poison"],"picked":"Dagger Throw","floor":2.0},{"not_picked":["Finisher","Expertise"],"picked":"ReplayTheSpireMod:Speed Training","floor":4.0},{"not_picked":["Leg Sweep","Underhanded Strike"],"picked":"Blade Dance","floor":5.0},{"not_picked":["Hidden Blade","Concentrate"],"picked":"Blade Dance","floor":6.0},{"not_picked":["Hidden Blade","Doppelganger","Slice"],"picked":"SKIP","floor":8.0},{"not_picked":["Deadly Poison","Deflect"],"picked":"Cloak And Dagger","floor":11.0},{"not_picked":["Wraith Form v2","Tools of the Trade"],"picked":"A Thousand Cuts","floor":16.0},{"not_picked":["Outmaneuver","Toxin Wave","Acrobatics"],"picked":"SKIP","floor":18.0},{"not_picked":["hubris:TrickCloak+1","Well Laid Plans"],"picked":"Dodge and Roll","floor":24.0},{"not_picked":["Outmaneuver","PiercingWail","Deadly Poison"],"picked":"SKIP","floor":27.0},{"not_picked":["Quick Slash","PiercingWail"],"picked":"ReplayTheSpireMod:Scrap Shanks+1","floor":31},{"not_picked":["Grand Finale","aspiration:Lunge"],"picked":"ReplayTheSpireMod:From All Sides","floor":33},{"not_picked":["Concentrate+1","Replay:Poison Smokescreen"],"picked":"Infinite Blades+1","floor":35},{"not_picked":["Acrobatics","Dagger Throw+1","Bane+1"],"picked":"SKIP","floor":37},{"not_picked":["Night Terror","Backflip+1","Dagger Spray"],"picked":"SKIP","floor":38},{"not_picked":["Sucker Punch","Cloak And Dagger+1"],"picked":"Finisher","floor":41},{"not_picked":["PiercingWail+1","Catalyst"],"picked":"Cloak And Dagger","floor":42},{"not_picked":["Crippling Poison","Eviscerate"],"picked":"Backstab+1","floor":45},{"not_picked":["Deadly Poison","ReplayTheSpireMod:Speed Training","Concentrate+1"],"picked":"SKIP","floor":46},{"not_picked":["Finisher+1","ReplayTheSpireMod:The Works+1"],"picked":"Cloak And Dagger+1","floor":47}],"player_experience":549682,"relics_obtained":[{"floor":6.0,"key":"Letter Opener"},{"floor":8.0,"key":"Whetstone"},{"floor":9.0,"key":"Pantograph"},{"floor":14.0,"key":"Orichalcum"},{"floor":15.0,"key":"Replay:Ringing Soul"},{"floor":26.0,"key":"Dead Branch"},{"floor":41,"key":"PreservedInsect"},{"floor":43,"key":"Kunai"}],"event_choices":[{"damage_healed":0.0,"max_hp_gain":0.0,"max_hp_loss":0.0,"gold_gain":0.0,"event_name":"NoteForYourself","player_choice":"Ignored","floor":3.0,"gold_loss":0.0,"damage_taken":0.0},{"damage_healed":0.0,"max_hp_gain":5.0,"max_hp_loss":0.0,"gold_gain":0.0,"event_name":"Forgotten Altar","player_choice":"Shed Blood","floor":19.0,"gold_loss":0.0,"damage_taken":18.0},{"damage_healed":0.0,"max_hp_gain":0.0,"max_hp_loss":9.0,"gold_gain":0.0,"event_name":"betterThird:BetterWriting","player_choice":"Simplicity","floor":20.0,"gold_loss":0.0,"damage_taken":0.0},{"damage_healed":0.0,"max_hp_gain":0.0,"max_hp_loss":0.0,"gold_gain":0.0,"event_name":"The Woman in Blue","player_choice":"Bought 0 Potions","floor":22.0,"gold_loss":0.0,"damage_taken":0.0},{"damage_healed":0,"gold_gain":0,"player_choice":"Max HP","damage_taken":0,"max_hp_gain":0,"max_hp_loss":5,"event_name":"Winding Halls","floor":44,"gold_loss":0},{"damage_healed":0,"gold_gain":0,"player_choice":"Upgrade","damage_taken":0,"relics_obtained":["Mark of the Bloom"],"max_hp_gain":0,"max_hp_loss":0,"event_name":"MindBloom","floor":48,"gold_loss":0,"cards_upgraded":["Survivor","Neutralize","ReplayTheSpireMod:Speed Training","Blade Dance","Blade Dance","Dodge and Roll","Footwork","ReplayTheSpireMod:From All Sides","Noxious Fumes","Finisher","Cloak And Dagger"]}],"is_beta":false,"boss_relics":[{"not_picked":["Replay:Drink Me","Pandora\u0027s Box"],"picked":"hubris:VirtuousBlindfold"},{"not_picked":["Hololive_ChaosS","Replay:Wanted Poster"],"picked":"Cursed Key"}],"items_purged_floors":[],"is_endless":false,"potions_floor_spawned":[6,8,11,31,33,35,42,46],"ascension_level":0}}