{"host":"b995t17pt6d05w8c","time":1610206056,"event":{"mods":["AchievementEnabler","BaseMod","Colored Map","Minty Spire (QoL Compilation)","SuperFastMode"],"gold_per_floor":[113,113,113,139,162,162,196,214,241,262,262,305,338,408,408,528,528,552,399,419,439,187,187,212,212,212,248,248,338,338,338,338,461,461,477,502,526,318,341,375,375,391,442,442,442,138,138,138,138,138],"floor_reached":51,"playtime":1566,"items_purged":["Strike_G","Defend_G","Defend_G","Strike_G+1"],"score":1084,"play_id":"01d96646-4110-4779-88ea-f01d2848c319","local_time":"20210110002736","is_ascension_mode":true,"campfire_choices":[{"data":"Glass Knife","floor":6.0,"key":"SMITH"},{"floor":11.0,"key":"REST"},{"data":"Deadly Poison","floor":15.0,"key":"SMITH"},{"data":"Well Laid Plans","floor":23.0,"key":"SMITH"},{"data":"Acrobatics","floor":25.0,"key":"SMITH"},{"floor":32,"key":"REST"},{"floor":45,"key":"REST"},{"data":"Prepared","floor":47,"key":"SMITH"},{"floor":49,"key":"REST"}],"circlet_count":0,"master_deck":["AscendersBane","Strike_G+1","Defend_G","Defend_G","Defend_G","Survivor","Neutralize","Glass Knife+1","Escape Plan","Deadly Poison+1","Acrobatics+1","Backstab","Backflip","Bouncing Flask","Grand Finale","Prepared+1","Flash of Steel","Flash of Steel","Adrenaline"],"relics":["Ring of the Snake","Golden Idol","Orichalcum","Juzu Bracelet","Whetstone","Mango","Odd Mushroom","Omamori","HoveringKite","Lee\u0027s Waffle","Singing Bowl","Red Mask","Happy Flower","Runic Pyramid","Lizard Tail","Blood Vial"],"acts_visited":["TheCity","TheBeyond"],"potions_floor_usage":[33,50,50,50],"damage_taken":[{"damage":0.0,"enemies":"Small Slimes","floor":1.0,"turns":3.0},{"damage":0.0,"enemies":"Jaw Worm","floor":5.0,"turns":4.0},{"damage":26.0,"enemies":"Gremlin Nob","floor":7.0,"turns":4.0},{"damage":0.0,"enemies":"2 Louse","floor":8.0,"turns":3.0},{"damage":0.0,"enemies":"Large Slime","floor":10.0,"turns":5.0},{"damage":13.0,"enemies":"3 Sentries","floor":12.0,"turns":9.0},{"damage":3.0,"enemies":"The Mushroom Lair","floor":13.0,"turns":3.0},{"damage":8.0,"enemies":"Gremlin Nob","floor":14.0,"turns":4.0},{"damage":9.0,"enemies":"Hexaghost","floor":16.0,"turns":8.0},{"damage":9.0,"enemies":"Chosen","floor":18.0,"turns":4.0},{"damage":1.0,"enemies":"Spheric Guardian","floor":20.0,"turns":3.0},{"damage":5.0,"enemies":"Snake Plant","floor":21.0,"turns":3.0},{"damage":23.0,"enemies":"Centurion and Healer","floor":24.0,"turns":3.0},{"damage":28.0,"enemies":"Masked Bandits","floor":27.0,"turns":5.0},{"damage":45,"enemies":"Champ","floor":33,"turns":11},{"damage":3,"enemies":"3 Shapes","floor":35,"turns":3},{"damage":9,"enemies":"Orb Walker","floor":36,"turns":5},{"damage":10,"enemies":"Maw","floor":37,"turns":6},{"damage":0,"enemies":"Sphere and 2 Shapes","floor":39,"turns":3},{"damage":4,"enemies":"Giant Head","floor":40,"turns":5},{"damage":33,"enemies":"Spire Growth","floor":42,"turns":5},{"damage":5,"enemies":"Donu and Deca","floor":50,"turns":3}],"seed_played":"-8527501872442448913","potions_obtained":[{"floor":5.0,"key":"SkillPotion"},{"floor":8.0,"key":"SneckoOil"},{"floor":13.0,"key":"Swift Potion"},{"floor":14.0,"key":"Block Potion"},{"floor":24.0,"key":"Ancient Potion"},{"floor":33,"key":"BlessingOfTheForge"},{"floor":36,"key":"Swift Potion"},{"floor":40,"key":"Dexterity Potion"}],"is_trial":false,"path_per_floor":["M","?","?","T","M","R","E","M","T","M","R","E","?","?","R","B",null,"M","$","M","M","$","R","M","R","T","?","?","?","?","?","R","B",null,"M","M","M","$","M","E","?","M","T","?","R","$","R","$","R","B",null],"character_chosen":"THE_SILENT","items_purchased":["Well Laid Plans","Lee\u0027s Waffle","Flash of Steel","Adrenaline"],"campfire_rested":4,"item_purchase_floors":[19,22,38,46],"current_hp_per_floor":[45,38,38,38,38,38,12,12,12,12,31,32,29,21,21,12,62,53,53,52,47,86,86,63,63,63,37,37,25,25,25,51,8,70,69,62,54,54,56,54,54,23,23,23,53,53,53,53,83,80],"gold":138,"neow_bonus":"THREE_RARE_CARDS","is_daily":false,"chose_seed":false,"campfire_upgraded":5,"win_rate":0.0,"timestamp":1610206056,"path_taken":["M","?","?","?","M","R","E","M","T","M","R","E","?","?","R","BOSS","M","$","M","M","$","R","M","R","T","?","?","?","?","?","R","BOSS","M","M","M","$","M","E","?","M","T","?","R","$","R","$","R","BOSS"],"items_purchased_type":["Card","Relic","Card","Card"],"build_version":"2020-12-22","purchased_purges":4,"victory":true,"max_hp_per_floor":[70,70,65,65,65,65,65,65,65,65,65,79,79,79,79,79,79,79,79,79,79,86,86,86,86,86,88,88,88,88,88,88,90,90,92,94,96,96,98,100,100,102,102,102,102,102,102,102,102,102],"card_choices":[{"not_picked":["Wraith Form v2","Storm of Steel"],"picked":"Glass Knife","floor":0.0},{"not_picked":["Deflect","Dagger Throw"],"picked":"Escape Plan","floor":1.0},{"not_picked":["Endless Agony","Dagger Throw"],"picked":"Deadly Poison","floor":5.0},{"not_picked":["Predator","Quick Slash","Finisher"],"picked":"SKIP","floor":7.0},{"not_picked":["Finisher","Flying Knee"],"picked":"Acrobatics","floor":8.0},{"not_picked":["Distraction","Slice"],"picked":"Backstab","floor":10.0},{"not_picked":["Caltrops","Reflex"],"picked":"Backflip","floor":12.0},{"not_picked":["Cloak And Dagger","Skewer"],"picked":"Bouncing Flask","floor":14.0},{"not_picked":["Venomology","Adrenaline"],"picked":"Grand Finale","floor":16.0},{"not_picked":["Noxious Fumes+1","Leg Sweep+1"],"picked":"Prepared","floor":18.0},{"not_picked":["Slice","All Out Attack","Accuracy"],"picked":"SKIP","floor":20.0},{"not_picked":["Bane","All Out Attack","Infinite Blades"],"picked":"SKIP","floor":21.0},{"not_picked":["Blade Dance","Eviscerate","Dagger Spray"],"picked":"SKIP","floor":24.0},{"not_picked":["Underhanded Strike+1","Deadly Poison","Outmaneuver"],"picked":"Singing Bowl","floor":27.0},{"not_picked":["Storm of Steel","Unload","Corpse Explosion"],"picked":"Singing Bowl","floor":33},{"not_picked":["PiercingWail+1","Slice+1","Poisoned Stab"],"picked":"Singing Bowl","floor":35},{"not_picked":["Dagger Spray","Underhanded Strike+1","Sucker Punch"],"picked":"Singing Bowl","floor":36},{"not_picked":["Underhanded Strike+1","Cloak And Dagger","Blade Dance"],"picked":"Singing Bowl","floor":37},{"not_picked":["Bane+1","Burst","PiercingWail"],"picked":"Singing Bowl","floor":39},{"not_picked":["Poisoned Stab","Flechettes+1","Quick Slash+1"],"picked":"Singing Bowl","floor":40},{"not_picked":["Choke","Poisoned Stab","Caltrops+1"],"picked":"Singing Bowl","floor":42}],"player_experience":76368,"relics_obtained":[{"floor":4.0,"key":"Orichalcum"},{"floor":7.0,"key":"Juzu Bracelet"},{"floor":9.0,"key":"Whetstone"},{"floor":12.0,"key":"Mango"},{"floor":13.0,"key":"Odd Mushroom"},{"floor":14.0,"key":"Omamori"},{"floor":26.0,"key":"Singing Bowl"},{"floor":27.0,"key":"Red Mask"},{"floor":40,"key":"Lizard Tail"},{"floor":43,"key":"Blood Vial"}],"event_choices":[{"cards_removed":["Strike_G"],"damage_healed":0.0,"max_hp_gain":0.0,"max_hp_loss":0.0,"gold_gain":0.0,"event_name":"Golden Wing","player_choice":"Card Removal","floor":2.0,"gold_loss":0.0,"damage_taken":7.0},{"damage_healed":0.0,"max_hp_gain":0.0,"max_hp_loss":5.0,"gold_gain":0.0,"event_name":"Golden Idol","player_choice":"Lose Max HP","floor":3.0,"gold_loss":0.0,"damage_taken":0.0,"relics_obtained":["Golden Idol"]},{"damage_healed":0.0,"max_hp_gain":0.0,"max_hp_loss":0.0,"gold_gain":0.0,"event_name":"Mushrooms","player_choice":"Fought Mushrooms","floor":13.0,"gold_loss":0.0,"damage_taken":0.0},{"damage_healed":0.0,"max_hp_gain":0.0,"max_hp_loss":0.0,"gold_gain":0.0,"event_name":"Dead Adventurer","player_choice":"Searched \u00271\u0027 times","floor":14.0,"gold_loss":0.0,"damage_taken":0.0},{"damage_healed":0.0,"max_hp_gain":0.0,"max_hp_loss":0.0,"gold_gain":0.0,"event_name":"Masked Bandits","player_choice":"Fought Bandits","floor":27.0,"gold_loss":0.0,"damage_taken":0.0},{"cards_removed":["Strike_G"],"damage_healed":0.0,"max_hp_gain":0.0,"max_hp_loss":0.0,"gold_gain":0.0,"event_name":"Wheel of Change","player_choice":"Card Removal","floor":28.0,"gold_loss":0.0,"damage_taken":0.0},{"damage_healed":0,"gold_gain":90,"player_choice":"GOLD ","damage_taken":12,"max_hp_gain":0,"max_hp_loss":0,"event_name":"Knowing Skull","floor":29,"potions_obtained":[],"gold_loss":0,"cards_obtained":[]},{"damage_healed":0,"gold_gain":0,"player_choice":"Ignored","damage_taken":0,"max_hp_gain":0,"max_hp_loss":0,"event_name":"Cursed Tome","floor":30,"gold_loss":0},{"damage_healed":0,"gold_gain":0,"player_choice":"Opened","damage_taken":0,"relics_obtained":["Happy Flower"],"max_hp_gain":0,"max_hp_loss":0,"event_name":"The Mausoleum","floor":31,"gold_loss":0},{"damage_healed":0,"gold_gain":0,"player_choice":"Copied","damage_taken":0,"max_hp_gain":0,"max_hp_loss":0,"event_name":"Duplicator","floor":41,"gold_loss":0,"cards_obtained":["Flash of Steel"]},{"cards_removed":["Well Laid Plans"],"damage_healed":0,"gold_gain":0,"player_choice":"Removed Power","damage_taken":0,"max_hp_gain":0,"max_hp_loss":0,"event_name":"Falling","floor":44,"gold_loss":0}],"is_beta":false,"boss_relics":[{"not_picked":["Black Star","Fusion Hammer"],"picked":"HoveringKite"},{"not_picked":["Ring of the Serpent","SlaversCollar"],"picked":"Runic Pyramid"}],"items_purged_floors":[19,22,38,46],"is_endless":false,"potions_floor_spawned":[5,8,13,14,24,33,36,40,42],"ascension_level":10}}