{"host":"3y2rtlgteqp2nuo3","time":1610203544,"event":{"mods":["2.2 Compatiblity","AchievementEnabler","BaseMod","Colored Map","DeckTracker","Highlight Path","Keyboard Shortcuts","Minty Spire (QoL Compilation)","Permanent Neow","Quick Restart","StSLib","SuperFastMode","everything is the same but u backflip on backflip"],"gold_per_floor":[116,116,116,133,29,60,60,72,72,107,124,134,134,34,34,106,106,119,131,6,23,23,23,23],"floor_reached":23,"playtime":470,"items_purged":["Strike_B","Strike_B","Strike_B"],"score":407,"play_id":"bbb15643-5e70-4e12-8839-937def7521e5","local_time":"20210109234544","is_ascension_mode":true,"campfire_choices":[{"data":"Genetic Algorithm","floor":7.0,"key":"SMITH"},{"data":"Darkness","floor":13.0,"key":"SMITH"},{"data":"Dualcast","floor":15.0,"key":"SMITH"}],"circlet_count":0,"master_deck":["AscendersBane","Strike_B","Defend_B","Defend_B","Defend_B","Defend_B","Zap+1","Dualcast+1","Self Repair","Gash","Streamline","Genetic Algorithm+1","Gash","Darkness+1","Hologram","Ball Lightning","Biased Cognition","Coolheaded","Leap","Rebound","Shame"],"relics":["Cracked Core","NeowsBlessing","Torii","StoneCalendar","Turnip","Fusion Hammer","Matryoshka"],"acts_visited":["Exordium","TheCity"],"potions_floor_usage":[],"damage_taken":[{"damage":0.0,"enemies":"Small Slimes","floor":1.0,"turns":1.0},{"damage":0.0,"enemies":"Jaw Worm","floor":4.0,"turns":1.0},{"damage":0.0,"enemies":"Lagavulin","floor":6.0,"turns":1.0},{"damage":0.0,"enemies":"Cultist","floor":8.0,"turns":4.0},{"damage":33.0,"enemies":"3 Sentries","floor":10.0,"turns":7.0},{"damage":0.0,"enemies":"Large Slime","floor":11.0,"turns":5.0},{"damage":1.0,"enemies":"Blue Slaver","floor":12.0,"turns":3.0},{"damage":28.0,"enemies":"Hexaghost","floor":16.0,"turns":8.0},{"damage":31.0,"enemies":"2 Thieves","floor":18.0,"turns":4.0},{"damage":23,"enemies":"3 Byrds","floor":19,"turns":5},{"damage":26,"enemies":"3 Cultists","floor":21,"turns":7},{"damage":12,"enemies":"Gremlin Leader","floor":23,"turns":1}],"seed_played":"6484244602344196128","potions_obtained":[{"floor":4.0,"key":"FearPotion"},{"floor":8.0,"key":"ColorlessPotion"}],"is_trial":false,"path_per_floor":["M","?","?","M","$","E","R","M","T","E","M","M","R","$","R","B",null,"M","M","$","M","?","E"],"character_chosen":"DEFECT","items_purchased":["Streamline"],"campfire_rested":0,"item_purchase_floors":[5],"current_hp_per_floor":[64,64,69,76,76,76,76,76,76,50,57,63,63,63,63,42,68,44,28,28,9,9,0,0],"gold":23,"neow_bonus":"THREE_ENEMY_KILL","is_daily":false,"chose_seed":false,"campfire_upgraded":3,"win_rate":0.0,"timestamp":1610203544,"path_taken":["M","?","?","?","$","E","R","M","T","E","M","M","R","$","R","BOSS","M","M","$","M","?","E"],"items_purchased_type":["Card"],"build_version":"2020-12-22","purchased_purges":3,"victory":false,"max_hp_per_floor":[71,71,76,76,76,76,76,76,76,76,76,76,76,76,76,76,76,76,76,76,76,76,76,76],"card_choices":[{"not_picked":["Hologram","Steam"],"picked":"Self Repair","floor":1.0},{"not_picked":["Steam Power","Compile Driver"],"picked":"Gash","floor":4.0},{"not_picked":["Force Field","Meteor Strike"],"picked":"Genetic Algorithm","floor":6.0},{"not_picked":["Leap","Compile Driver"],"picked":"Gash","floor":8.0},{"not_picked":["Glacier","Scrape"],"picked":"Darkness","floor":10.0},{"not_picked":["Melter","Go for the Eyes"],"picked":"Hologram","floor":11.0},{"not_picked":["Go for the Eyes","Auto Shields"],"picked":"Ball Lightning","floor":12.0},{"not_picked":["All For One","Core Surge"],"picked":"Biased Cognition","floor":16.0},{"not_picked":["Stack","Force Field+1"],"picked":"Coolheaded","floor":18.0},{"not_picked":["Conserve Battery","Auto Shields"],"picked":"Leap","floor":19},{"not_picked":["Ball Lightning","Beam Cell+1"],"picked":"Rebound","floor":21}],"player_experience":658082,"relics_obtained":[{"floor":6.0,"key":"Torii"},{"floor":9.0,"key":"StoneCalendar"},{"floor":10.0,"key":"Turnip"}],"event_choices":[{"damage_healed":0.0,"max_hp_gain":0.0,"max_hp_loss":0.0,"gold_gain":0.0,"event_name":"Living Wall","player_choice":"Grow","floor":2.0,"gold_loss":0.0,"damage_taken":0.0,"cards_upgraded":["Zap"]},{"damage_healed":0.0,"max_hp_gain":5.0,"max_hp_loss":0.0,"gold_gain":0.0,"event_name":"Big Fish","player_choice":"Donut","floor":3.0,"gold_loss":0.0,"damage_taken":0.0},{"damage_healed":0,"gold_gain":0,"player_choice":"Stole Relic","damage_taken":0,"relics_obtained":["Matryoshka"],"max_hp_gain":0,"max_hp_loss":0,"event_name":"Addict","floor":22,"gold_loss":0,"cards_obtained":["Shame"]}],"is_beta":false,"boss_relics":[{"not_picked":["Ectoplasm","Velvet Choker"],"picked":"Fusion Hammer"}],"items_purged_floors":[5,14,20],"is_endless":false,"potions_floor_spawned":[4,8,10,16,18,21],"killed_by":"Gremlin Leader","ascension_level":16}}