{"host":"7qf1todfnxspvw7w","time":1610150602,"event":{"mods":["AchievementEnabler","BaseMod","Block Reminder","Colored Powertips","Disable Question Mark Monsters","Displayed Cursed Tome","Googly Eyes","Minty Spire (QoL Compilation)","Poor People Problems","Rare Cards Sparkle","Relic Stats","Reorder Act Four","SacredBarkPlus","StSLib","Uncapped"],"gold_per_floor":[113,113,42,59,59,73,73,73,73,73,73,91,91,101,101,101,101],"floor_reached":16,"playtime":257,"items_purged":[],"score":90,"play_id":"bcb43fb6-812f-4e16-be90-53e8018d6078","local_time":"20210109030322","is_ascension_mode":false,"campfire_choices":[{"data":"Bash","floor":7,"key":"SMITH"},{"data":"Shrug It Off","floor":11,"key":"SMITH"},{"data":"Dropkick","floor":15,"key":"SMITH"}],"circlet_count":0,"master_deck":["Strike_R","Strike_R","Strike_R","Strike_R","Strike_R","Defend_R","Defend_R","Defend_R","Defend_R","Bash+1","Shrug It Off+1","Dropkick+1"],"relics":["Burning Blood","The Courier","Eternal Feather"],"acts_visited":["Exordium"],"potions_floor_usage":[],"damage_taken":[{"damage":6,"enemies":"Jaw Worm","floor":1,"turns":3},{"damage":2,"enemies":"Small Slimes","floor":4,"turns":4},{"damage":0,"enemies":"Cultist","floor":6,"turns":2},{"damage":14,"enemies":"2 Fungi Beasts","floor":12,"turns":4},{"damage":5,"enemies":"Looter","floor":14,"turns":3},{"damage":81,"enemies":"Slime Boss","floor":16,"turns":9}],"seed_played":"-1691289822797263113","potions_obtained":[{"floor":1,"key":"HeartOfIron"},{"floor":6,"key":"SpeedPotion"},{"floor":14,"key":"BlessingOfTheForge"}],"is_trial":false,"path_per_floor":["M","?","$","M","$","M","R","$","T","?","R","M","?","M","R","B"],"character_chosen":"IRONCLAD","items_purchased":["Dropkick"],"campfire_rested":0,"item_purchase_floors":[3],"current_hp_per_floor":[80,85,85,85,85,85,85,85,85,85,85,77,70,71,77,0,0],"gold":101,"neow_bonus":"THREE_CARDS","is_daily":false,"chose_seed":false,"campfire_upgraded":3,"win_rate":0.0,"timestamp":1610150602,"path_taken":["M","?","$","M","$","M","R","$","T","?","R","?","?","M","R","BOSS"],"items_purchased_type":["Card"],"build_version":"2020-12-22","purchased_purges":0,"victory":false,"max_hp_per_floor":[80,85,85,85,85,85,85,85,85,85,85,85,85,85,85,85,85],"relic_stats":{"counters":[6,25],"Eternal Feather":6,"obtain_stats":[{"Eternal Feather":13,"The Courier":9,"Burning Blood":0},{"Eternal Feather":4,"The Courier":3,"Burning Blood":0},{"Eternal Feather":13,"The Courier":9,"Burning Blood":0}],"Burning Blood":20},"card_choices":[{"not_picked":["Havoc","Anger"],"picked":"Shrug It Off","floor":0},{"not_picked":["Seeing Red","Rampage","Perfected Strike"],"picked":"SKIP","floor":1},{"not_picked":["Twin Strike","Pommel Strike","Thunderclap"],"picked":"SKIP","floor":4},{"not_picked":["Twin Strike","Body Slam","Cleave"],"picked":"SKIP","floor":6},{"not_picked":["Inflame","Wild Strike","Hemokinesis"],"picked":"SKIP","floor":12},{"not_picked":["Disarm","Bloodletting","Infernal Blade"],"picked":"SKIP","floor":14}],"player_experience":497478,"relics_obtained":[{"floor":9,"key":"The Courier"}],"event_choices":[{"damage_healed":0,"gold_gain":0,"player_choice":"Donut","damage_taken":0,"max_hp_gain":5,"max_hp_loss":0,"event_name":"Big Fish","floor":2,"gold_loss":0},{"damage_healed":0,"gold_gain":0,"player_choice":"0 cards matched","damage_taken":0,"max_hp_gain":0,"max_hp_loss":0,"event_name":"Match and Keep!","floor":10,"gold_loss":0,"cards_obtained":[]},{"damage_healed":0,"gold_gain":0,"player_choice":"Success","damage_taken":7,"relics_obtained":["Eternal Feather"],"max_hp_gain":0,"max_hp_loss":0,"event_name":"Scrap Ooze","floor":13,"gold_loss":0}],"is_beta":false,"boss_relics":[],"items_purged_floors":[],"is_endless":false,"potions_floor_spawned":[1,6,14],"killed_by":"Slime Boss","ascension_level":0}}