{"host":"anpwk55bj6rntrcq","time":1610223693,"event":{"mods":["Act Like it!","BaseMod","BetterRewards","GifTheSpireLib","Hermit","Hubris","Kratos Character Expansion","Minty Spire (QoL Compilation)","Replay The Spire","Robot Space Explorer","SCP261 Mod","StSLib","The Blackbeard","The Death Knight","The Exalted","The Necromancer","The Servant 0.9.4"],"gold_per_floor":[141,141,71,71,38,58,86,86,86,86,86,99,99,113,113,214,214,225,210,210],"floor_reached":19,"playtime":608,"items_purged":[],"score":167,"play_id":"10c3da1a-1ba0-4a88-8f3d-716c5265459f","local_time":"20210109152133","is_ascension_mode":false,"campfire_choices":[{"floor":8,"key":"RECALL"},{"floor":11,"key":"REST"},{"data":"KratosMod:clawsofhades","floor":15,"key":"SMITH"}],"circlet_count":0,"master_deck":["KratosMod:Strike_K","KratosMod:Strike_K","KratosMod:Strike_K","KratosMod:Strike_K","KratosMod:Defend_K","KratosMod:Defend_K","KratosMod:Defend_K","KratosMod:Defend_K","KratosMod:cyclone","KratosMod:AthenaBane","KratosMod:BladeWhip","KratosMod:ablockalypse","KratosMod:clawsofhades+1","KratosMod:BladeWhip","KratosMod:clawsofhades+1","KratosMod:Roll"],"relics":["KratosMod:eagle","KratosMod:chalice","hubris:Potato","PrismaticShard","Black Star"],"acts_visited":["Exordium","TheCity"],"potions_floor_usage":[7,16,16,16],"damage_taken":[{"damage":1,"enemies":"Cultist","floor":1,"turns":3},{"damage":13,"enemies":"Jaw Worm","floor":6,"turns":2},{"damage":31,"enemies":"Lagavulin","floor":7,"turns":4},{"damage":2,"enemies":"Small Slimes","floor":12,"turns":3},{"damage":7,"enemies":"2 Fungi Beasts","floor":14,"turns":3},{"damage":74,"enemies":"The Guardian","floor":16,"turns":13},{"damage":64,"enemies":"Shell Parasite","floor":18,"turns":11},{"damage":35,"enemies":"2 Thieves","floor":19,"turns":4}],"seed_played":"2504740356167231180","potions_obtained":[{"floor":0,"key":"Energy Potion"},{"floor":0,"key":"LiquidBronze"},{"floor":0,"key":"EssenceOfSteel"},{"floor":12,"key":"ColorlessPotion"}],"is_trial":false,"path_per_floor":["M","?","$","?","?","M","E","R","T","?","R","M","?","M","R","B",null,"M","M"],"character_chosen":"KRATOS","items_purchased":["KratosMod:clawsofhades"],"campfire_rested":1,"item_purchase_floors":[3],"current_hp_per_floor":[59,59,59,59,59,48,32,32,32,32,50,56,56,54,54,35,60,35,18,18],"gold":210,"neow_bonus":"THREE_SMALL_POTIONS","is_daily":false,"chose_seed":false,"campfire_upgraded":1,"win_rate":0.0,"timestamp":1610223693,"path_taken":["M","?","$","?","?","M","E","R","T","?","R","M","?","M","R","BOSS","M","M"],"items_purchased_type":["Card"],"build_version":"2020-12-22","purchased_purges":0,"victory":false,"max_hp_per_floor":[60,60,60,60,60,60,60,60,60,60,60,60,60,60,60,60,60,60,60,60],"card_choices":[{"not_picked":["KratosMod:Tempor","KratosMod:ShieldBash"],"picked":"KratosMod:BladeWhip","floor":1},{"not_picked":["KratosMod:Tempor","KratosMod:Endure"],"picked":"KratosMod:BladeWhip","floor":6},{"not_picked":["KratosMod:Endure","KratosMod:SmashStone"],"picked":"KratosMod:clawsofhades","floor":7},{"not_picked":["KratosMod:SmashStone","KratosMod:Tempor"],"picked":"KratosMod:Roll","floor":12},{"not_picked":["ReplayTheSpireMod:Calculation Training","DeathKnight:AntiMagicShell","FlyingSleeves"],"picked":"SKIP","floor":14},{"not_picked":["DeathKnight:FrosPresence","Chill+1","DeathKnight:BoneSpear"],"picked":"SKIP","floor":18}],"player_experience":376037,"relics_obtained":[{"floor":9,"key":"hubris:Potato"}],"event_choices":[{"damage_healed":0,"gold_gain":0,"player_choice":"Grow","damage_taken":0,"max_hp_gain":0,"max_hp_loss":0,"event_name":"Living Wall","floor":4,"gold_loss":0,"cards_upgraded":["KratosMod:clawsofhades"]},{"damage_healed":0,"gold_gain":0,"player_choice":"Left Gold","damage_taken":0,"max_hp_gain":0,"max_hp_loss":0,"event_name":"World of Goop","floor":5,"gold_loss":33},{"damage_healed":0,"gold_gain":0,"player_choice":"Ignored","damage_taken":0,"max_hp_gain":0,"max_hp_loss":0,"event_name":"Shining Light","floor":10,"gold_loss":0}],"is_beta":false,"boss_relics":[{"not_picked":["Runic Pyramid","SacredBark"],"picked":"Black Star"}],"items_purged_floors":[],"is_endless":false,"potions_floor_spawned":[12],"killed_by":"2 Thieves","ascension_level":0}}