{"host":"ha6p5pdchuduffeg","time":1610203105,"event":{"mods":["Act Like it!","BaseMod","Gensokyo","KinomotoSakuraMod(ƒæ÷Æ±æ”£)","Koishi","Marisa£®ÏF”Í°°ƒß¿Ì…≥£©","Minty Spire (QoL Compilation)","Reimu£®≤©¿ˆ¡È√Œ£©","Remilia£®¿Ÿ√◊¿Ú—«£©","Replay The Spire","StSLib","The Servant 0.9.4","Youmu£®ªÍ∆«—˝√Œ£©"],"gold_per_floor":[112,112,112,112,130,163,163,163,232,252,252,270,280,298,298,393,393,412,412,412,422,221,255,255,266,293,307,307,341,341,29,29,124,124,140,242,1241,1341,673,673,689,689,689,689,709,709,720,740,740,740,740],"floor_reached":50,"playtime":1716,"items_purged":["Normality"],"score":605,"play_id":"5bfeda9f-5431-4629-83cf-33d596c24865","local_time":"20210109223825","is_ascension_mode":true,"campfire_choices":[{"floor":7.0,"key":"REST"},{"floor":15.0,"key":"REST"},{"floor":24.0,"key":"REST"},{"floor":28.0,"key":"REST"},{"floor":30.0,"key":"REST"},{"floor":32.0,"key":"REST"},{"floor":40.0,"key":"REST"},{"floor":44.0,"key":"REST"},{"floor":46,"key":"REST"},{"floor":49,"key":"REST"}],"circlet_count":0,"master_deck":["Strike_MRS","Strike_MRS","Strike_MRS","Strike_MRS","Defend_MRS","Defend_MRS+1","Defend_MRS","MasterSpark","UpSweep","WitchLeyline","DoubleSpark+1","LuminesStrike","MysteriousBeam+1","FinalSpark","GrandCross+1","MillisecondPulsars+1","Normality","MysteriousBeam+1","MysteriousBeam+1","PowerUp+1"],"relics":["MiniHakkero","AmplifyWand","Replay:Bottled Eggs","Frozen Egg 2","Replay:Wax Seal","Pet Ghost","Mummified Hand","Nunchaku","Replay:PocketPolymizer","Durian","Black Star","Chemical X","Centennial Puzzle","Molten Egg 2","Blood Vial"],"acts_visited":["Exordium","TheCity","TheBeyond"],"potions_floor_usage":[45,50,50,50],"damage_taken":[{"damage":3.0,"enemies":"Jaw Worm","floor":1.0,"turns":3.0},{"damage":0.0,"enemies":"2 Louse","floor":5.0,"turns":2.0},{"damage":35.0,"enemies":"Lagavulin","floor":6.0,"turns":6.0},{"damage":2.0,"enemies":"Small Slimes","floor":10.0,"turns":2.0},{"damage":4.0,"enemies":"Gremlin Gang","floor":12.0,"turns":4.0},{"damage":9.0,"enemies":"2 Fungi Beasts","floor":13.0,"turns":2.0},{"damage":7.0,"enemies":"Looter","floor":14.0,"turns":2.0},{"damage":58.0,"enemies":"Hexaghost","floor":16.0,"turns":8.0},{"damage":6.0,"enemies":"Chosen","floor":18.0,"turns":4.0},{"damage":5.0,"enemies":"3 Byrds","floor":21.0,"turns":2.0},{"damage":49.0,"enemies":"Slavers","floor":23.0,"turns":6.0},{"damage":8.0,"enemies":"Snecko","floor":25.0,"turns":3.0},{"damage":18.0,"enemies":"Centurion and Healer","floor":27.0,"turns":5.0},{"damage":0.0,"enemies":"Book of Stabbing","floor":29.0,"turns":3.0},{"damage":84.0,"enemies":"Automaton","floor":33.0,"turns":10.0},{"damage":26.0,"enemies":"3 Darklings","floor":35.0,"turns":5.0},{"damage":9.0,"enemies":"3 Shapes","floor":41.0,"turns":2.0},{"damage":42,"enemies":"Writhing Mass","floor":45,"turns":6},{"damage":30,"enemies":"3 Darklings","floor":47,"turns":6},{"damage":7,"enemies":"Spire Growth","floor":48,"turns":3},{"damage":78,"enemies":"Replay:Hell Engine","floor":50,"turns":6}],"seed_played":"4847686387680156146","potions_obtained":[{"floor":6.0,"key":"Energy Potion"},{"floor":12.0,"key":"Explosive Potion"},{"floor":13.0,"key":"EssenceOfSteel"},{"floor":27.0,"key":"Dexterity Potion"},{"floor":29.0,"key":"ColorlessPotion"},{"floor":33.0,"key":"Adrenaline Potion"},{"floor":35.0,"key":"Adrenaline Potion"},{"floor":41.0,"key":"Dexterity Potion"},{"floor":45,"key":"Weak Potion"}],"is_trial":false,"path_per_floor":["M","$","?","?","M","E","R","?","T","M","?","M","M","M","R","B",null,"M","?","?","M","$","E","R","M","T","M","R","E","R","$","R","B",null,"M","?","?","?","$","R","M","?","T","R","M","R","M","M","R","B"],"character_chosen":"MARISA","items_purchased":["Replay:Wax Seal","Pet Ghost","Durian","Chemical X","Centennial Puzzle","Molten Egg 2","MysteriousBeam+1"],"campfire_rested":10,"item_purchase_floors":[22,22,31,39,39,39,39],"current_hp_per_floor":[72,72,77,77,77,42,66,66,66,64,64,60,51,44,68,10,80,74,59,59,54,54,5,30,22,22,4,29,29,54,59,86,2,90,64,28,28,28,28,55,46,46,46,73,33,60,32,27,54,0,0],"gold":740,"neow_bonus":"RANDOM_EVENT","is_daily":false,"chose_seed":false,"campfire_upgraded":0,"win_rate":0.0,"timestamp":1610203105,"path_taken":["M","$","?","?","?","E","R","?","T","M","?","?","?","M","R","BOSS","M","?","?","?","$","E","R","M","T","M","R","E","R","?","R","BOSS","M","?","?","?","$","R","?","?","T","R","M","R","M","M","R","BOSS"],"items_purchased_type":["Relic","Relic","Relic","Relic","Relic","Relic","Card"],"build_version":"2020-12-22","purchased_purges":1,"victory":false,"max_hp_per_floor":[75,75,80,80,80,80,80,80,80,80,80,80,80,80,80,80,80,80,85,85,85,85,85,85,85,85,85,85,85,85,90,90,90,90,90,90,90,90,90,90,90,90,90,90,90,90,90,90,90,90,90],"card_choices":[{"not_picked":["ChargeUpSpray","MachineGunSpark"],"picked":"WitchLeyline","floor":1.0},{"not_picked":["MilkyWay","Singularity"],"picked":"DoubleSpark","floor":5.0},{"not_picked":["SporeBomb","DoubleSpark"],"picked":"LuminesStrike","floor":6.0},{"not_picked":["MeteoricShower","NonDirectionalLaser"],"picked":"MysteriousBeam","floor":10.0},{"not_picked":["Robbery","AlicesGift","WitchOfGreed+1"],"picked":"SKIP","floor":12.0},{"not_picked":["RefractionSpark","MilkyWay","OortCloud+1"],"picked":"SKIP","floor":13.0},{"not_picked":["Occultation","ShootingEcho","RefractionSpark"],"picked":"SKIP","floor":14.0},{"not_picked":["StarDustReverie","TreasureHunter"],"picked":"FinalSpark","floor":16.0},{"not_picked":["PulseMagic","MilkyWay","UnstableBomb"],"picked":"SKIP","floor":18.0},{"not_picked":["PulseMagic","GalacticHalo","DragonMeteor"],"picked":"SKIP","floor":21.0},{"not_picked":["LuminesStrike","OpenUniverse","6A"],"picked":"SKIP","floor":23.0},{"not_picked":["6A+1","OpenUniverse+1","WitchOfGreed+1"],"picked":"SKIP","floor":25.0},{"not_picked":["DC","MachineGunSpark"],"picked":"GrandCross+1","floor":27.0},{"not_picked":["UnstableBomb","DoubleSpark","PulseMagic+1"],"picked":"SKIP","floor":29.0},{"not_picked":["6A+1","GalacticHalo","IllusionStar+1"],"picked":"SKIP","floor":35.0},{"not_picked":["LuminesStrike+1","WitchLeyline"],"picked":"MillisecondPulsars+1","floor":36.0},{"not_picked":["GalacticHalo","Acceleration+1","NonDirectionalLaser+1"],"picked":"SKIP","floor":41.0},{"not_picked":["WitchLeyline+1","WitchOfGreed+1","SporeBomb"],"picked":"SKIP","floor":45},{"not_picked":["GalacticHalo+1","OneTimeOff","BigCrunch"],"picked":"SKIP","floor":47},{"not_picked":["MachineGunSpark+1","SporeBomb+1"],"picked":"PowerUp+1","floor":48}],"player_experience":36901,"relics_obtained":[{"floor":6.0,"key":"AmplifyWand"},{"floor":9.0,"key":"Frozen Egg 2"},{"floor":23.0,"key":"Mummified Hand"},{"floor":26.0,"key":"Nunchaku"},{"floor":29.0,"key":"Replay:PocketPolymizer"},{"floor":43.0,"key":"Blood Vial"}],"event_choices":[{"damage_healed":0.0,"max_hp_gain":5.0,"max_hp_loss":0.0,"gold_gain":0.0,"event_name":"Big Fish","player_choice":"Donut","floor":3.0,"gold_loss":0.0,"damage_taken":0.0},{"damage_healed":0.0,"max_hp_gain":0.0,"max_hp_loss":0.0,"gold_gain":0.0,"event_name":"Shining Light","player_choice":"Ignored","floor":4.0,"gold_loss":0.0,"damage_taken":0.0},{"damage_healed":0.0,"max_hp_gain":0.0,"max_hp_loss":0.0,"gold_gain":0.0,"event_name":"Dead Adventurer","player_choice":"Searched \u00272\u0027 times","floor":8.0,"gold_loss":0.0,"damage_taken":0.0,"relics_obtained":["Replay:Bottled Eggs"]},{"damage_healed":0.0,"max_hp_gain":0.0,"max_hp_loss":0.0,"gold_gain":0.0,"event_name":"Dead Adventurer","player_choice":"Searched \u00272\u0027 times","floor":8.0,"gold_loss":0.0,"damage_taken":0.0,"relics_obtained":["Replay:Bottled Eggs"]},{"damage_healed":0.0,"max_hp_gain":0.0,"max_hp_loss":0.0,"gold_gain":0.0,"event_name":"Accursed Blacksmith","player_choice":"Forge","floor":11.0,"gold_loss":0.0,"damage_taken":0.0,"cards_upgraded":["MysteriousBeam"]},{"damage_healed":0.0,"max_hp_gain":5.0,"max_hp_loss":0.0,"gold_gain":0.0,"event_name":"Forgotten Altar","player_choice":"Shed Blood","floor":19.0,"gold_loss":0.0,"damage_taken":20.0},{"damage_healed":0.0,"max_hp_gain":0.0,"max_hp_loss":0.0,"gold_gain":0.0,"event_name":"The Woman in Blue","player_choice":"Bought 0 Potions","floor":20.0,"gold_loss":0.0,"damage_taken":0.0},{"damage_healed":0.0,"max_hp_gain":0.0,"max_hp_loss":0.0,"gold_gain":999.0,"event_name":"MindBloom","player_choice":"Gold","floor":37.0,"gold_loss":0.0,"damage_taken":0.0,"cards_obtained":["Normality","Normality"]},{"damage_healed":0.0,"max_hp_gain":0.0,"max_hp_loss":0.0,"gold_gain":100.0,"event_name":"Golden Shrine","player_choice":"Pray","floor":38.0,"gold_loss":0.0,"damage_taken":0.0},{"cards_removed":["Defend_MRS"],"damage_healed":0.0,"max_hp_gain":0.0,"max_hp_loss":0.0,"gold_gain":0.0,"event_name":"Falling","player_choice":"Removed Skill","floor":42.0,"gold_loss":0.0,"damage_taken":0.0}],"is_beta":false,"boss_relics":[{"not_picked":["Snecko Eye","RampagingMagicTools","Painkiller Herb"]},{"not_picked":["Replay:Bronze Core","RedLine:ReiMu"],"picked":"Black Star"}],"items_purged_floors":[39],"is_endless":false,"potions_floor_spawned":[6,12,13,16,27,29,33,35,41,45],"killed_by":"Replay:Hell Engine","ascension_level":1}}