{"host":"l60rmjjsfi0fipmi","time":1610215717,"event":{"mods":["BaseMod","Colored Map","DeckTracker","Highlight Path","Minty Spire (QoL Compilation)"],"gold_per_floor":[117,117,132,132,54,88,101,101,101,166,177,202,213,232,232,337,337,350,365,365,384,85,85,116,116,141,173,173,173,183,201,201,201,201],"floor_reached":33,"playtime":2572,"items_purged":["Strike_R"],"score":327,"play_id":"73696739-41a6-42ac-87df-a943e7de6d7d","local_time":"20210109130837","is_ascension_mode":true,"campfire_choices":[{"floor":8,"key":"REST"},{"floor":15,"key":"REST"},{"floor":23,"key":"REST"},{"floor":25,"key":"REST"},{"floor":29,"key":"REST"},{"data":"Armaments","floor":32,"key":"SMITH"}],"circlet_count":0,"master_deck":["Strike_R+1","Defend_R","Defend_R","Defend_R","Defend_R","Bash+1","Cleave","Flex","Exhume","Burning Pact","Battle Trance","Infernal Blade","Heavy Blade","Armaments+1","Feel No Pain","Sentinel","Immolate","Demon Form","Burning Pact+1","Impervious+1","Immolate+1","Headbutt+1","Seeing Red+1","Metallicize","Iron Wave","Juggernaut"],"relics":["Burning Blood","Juzu Bracelet","Bird Faced Urn","Shuriken","Pen Nib","Astrolabe","Red Skull","Art of War","Vajra","Magic Flower","MutagenicStrength"],"acts_visited":["Exordium","TheCity"],"potions_floor_usage":[7,12,12,16,27,27,30,33,33],"damage_taken":[{"damage":5,"enemies":"Small Slimes","floor":1,"turns":5},{"damage":7,"enemies":"Jaw Worm","floor":3,"turns":3},{"damage":58,"enemies":"Lagavulin","floor":6,"turns":7},{"damage":3,"enemies":"Cultist","floor":7,"turns":3},{"damage":5,"enemies":"Large Slime","floor":11,"turns":6},{"damage":22,"enemies":"3 Sentries","floor":12,"turns":6},{"damage":5,"enemies":"2 Fungi Beasts","floor":13,"turns":3},{"damage":3,"enemies":"Exordium Wildlife","floor":14,"turns":3},{"damage":39,"enemies":"The Guardian","floor":16,"turns":14},{"damage":28,"enemies":"2 Thieves","floor":18,"turns":3},{"damage":22,"enemies":"Chosen","floor":19,"turns":7},{"damage":57,"enemies":"Centurion and Healer","floor":21,"turns":7},{"damage":45,"enemies":"Slavers","floor":24,"turns":4},{"damage":15,"enemies":"Book of Stabbing","floor":27,"turns":6},{"damage":22,"enemies":"Chosen and Byrds","floor":30,"turns":5},{"damage":33,"enemies":"Cultist and Chosen","floor":31,"turns":7},{"damage":67,"enemies":"Champ","floor":33,"turns":9}],"seed_played":"6083760967854280005","potions_obtained":[{"floor":3,"key":"EssenceOfSteel"},{"floor":6,"key":"PowerPotion"},{"floor":11,"key":"ColorlessPotion"},{"floor":14,"key":"Dexterity Potion"},{"floor":16,"key":"ColorlessPotion"},{"floor":18,"key":"GamblersBrew"},{"floor":19,"key":"AttackPotion"},{"floor":27,"key":"Regen Potion"},{"floor":31,"key":"Fire Potion"}],"is_trial":false,"path_per_floor":["M","?","M","?","$","E","M","R","T","?","M","E","M","M","R","B",null,"M","M","?","M","$","R","E","R","T","E","?","R","M","M","R","B"],"character_chosen":"IRONCLAD","items_purchased":["Battle Trance","Red Skull","Metallicize"],"campfire_rested":5,"item_purchase_floors":[5,22,22],"current_hp_per_floor":[80,64,63,63,63,11,16,40,40,40,41,25,28,31,55,24,80,58,46,72,23,23,47,10,34,34,29,29,53,68,53,53,0,0],"gold":201,"neow_bonus":"RANDOM_COMMON_RELIC","is_daily":false,"chose_seed":false,"campfire_upgraded":1,"win_rate":0.0,"timestamp":1610215717,"path_taken":["M","?","M","?","$","E","M","R","T","?","M","E","M","M","R","BOSS","M","M","?","M","$","R","E","R","T","E","?","R","M","M","R","BOSS"],"items_purchased_type":["Card","Relic","Card"],"build_version":"2020-12-22","purchased_purges":1,"victory":false,"max_hp_per_floor":[80,80,80,80,80,80,80,80,80,80,80,80,80,80,80,80,80,80,80,80,80,80,80,80,80,80,80,80,80,80,80,80,80,80],"card_choices":[{"not_picked":["Anger","Thunderclap"],"picked":"Cleave","floor":1},{"not_picked":["Clash","Combust"],"picked":"Flex","floor":3},{"not_picked":["Sever Soul","Fire Breathing"],"picked":"Infernal Blade","floor":6},{"not_picked":["Evolve","Sever Soul"],"picked":"Heavy Blade","floor":7},{"not_picked":["Dual Wield","Anger"],"picked":"Armaments","floor":11},{"not_picked":["Anger","Perfected Strike"],"picked":"Feel No Pain","floor":12},{"not_picked":["Dropkick","Flex"],"picked":"Sentinel","floor":13},{"not_picked":["Perfected Strike","Heavy Blade"],"picked":"Immolate","floor":14},{"not_picked":["Exhume","Bludgeon"],"picked":"Demon Form","floor":16},{"not_picked":["Pommel Strike+1","Flex"],"picked":"Headbutt+1","floor":18},{"not_picked":["Burning Pact","Blood for Blood","Infernal Blade"],"picked":"SKIP","floor":19},{"not_picked":["Perfected Strike","Headbutt+1"],"picked":"Seeing Red+1","floor":21},{"not_picked":["Body Slam","Sever Soul+1"],"picked":"Iron Wave","floor":24},{"not_picked":["Hemokinesis","Wild Strike+1"],"picked":"Juggernaut","floor":27},{"not_picked":["Carnage","Armaments","Thunderclap+1"],"picked":"SKIP","floor":30},{"not_picked":["Pummel","Flex","Twin Strike"],"picked":"SKIP","floor":31}],"player_experience":302234,"relics_obtained":[{"floor":6,"key":"Bird Faced Urn"},{"floor":9,"key":"Shuriken"},{"floor":12,"key":"Pen Nib"},{"floor":24,"key":"Art of War"},{"floor":26,"key":"Vajra"},{"floor":27,"key":"Magic Flower"}],"event_choices":[{"damage_healed":0,"gold_gain":0,"player_choice":"Entered Light","damage_taken":16,"max_hp_gain":0,"max_hp_loss":0,"event_name":"Shining Light","floor":2,"gold_loss":0,"cards_upgraded":["Bash","Strike_R"]},{"damage_healed":0,"gold_gain":0,"player_choice":"2 cards matched","damage_taken":0,"max_hp_gain":0,"max_hp_loss":0,"event_name":"Match and Keep!","floor":4,"gold_loss":0,"cards_obtained":["Exhume","Burning Pact"]},{"damage_healed":0,"gold_gain":65,"player_choice":"Gained Gold","damage_taken":0,"max_hp_gain":0,"max_hp_loss":0,"event_name":"Golden Wing","floor":10,"gold_loss":0},{"damage_healed":26,"gold_gain":0,"player_choice":"Heal","damage_taken":0,"max_hp_gain":0,"max_hp_loss":0,"event_name":"The Library","floor":20,"gold_loss":0},{"damage_healed":0,"gold_gain":0,"player_choice":"Inject Mutagens","damage_taken":0,"relics_obtained":["MutagenicStrength"],"max_hp_gain":0,"max_hp_loss":0,"event_name":"Drug Dealer","floor":28,"gold_loss":0}],"is_beta":false,"boss_relics":[{"not_picked":["Runic Dome","Black Blood"],"picked":"Astrolabe"}],"items_purged_floors":[22],"is_endless":false,"potions_floor_spawned":[3,6,11,14,16,18,19,27,31],"killed_by":"Champ","ascension_level":2}}