{"host":"ormi09wwzv7sq47a","time":1610206064,"event":{"mods":["2.2 Compatiblity","AchievementEnabler","Act Like it!","BaseMod","Bestiary","Better Altar","Better Note","Better Sensory Stone","Better Skull","Better Third Choice","Better Vampires","BetterRewards","Block Reminder","Card Forge","Colored Map","Colored Powertips","Curses Come First","DeckTracker","Downfall","Highlight Path","Minty Spire (QoL Compilation)","Permanent Neow","Quick Restart","Rare Cards Sparkle","Relic Stats","Shop Mod","StSLib","The Jungle"],"gold_per_floor":[113,127,147,158,158,184,184,195,195,224,224,243,259,359,359,454,454,474,97,97,97,112,140,140,215,262,262,297,32,44,60,60,162,162,180,197,214,214,225,257,257,267,267,267,9,39,39,54,54,54,54,54,34,69,69],"floor_reached":56,"playtime":4119,"items_purged":["Strike_R","Strike_R","Parasite"],"score":2469,"play_id":"ff66e720-1ba6-4dd3-a9d1-e5facb7f7738","local_time":"20210109132744","is_ascension_mode":true,"campfire_choices":[{"data":"Demon Form","floor":7.0,"key":"SMITH"},{"data":"Feed","floor":11.0,"key":"SMITH"},{"data":"True Grit","floor":15.0,"key":"SMITH"},{"data":"Corruption","floor":27,"key":"SMITH"},{"floor":32,"key":"DIG"},{"data":"Armaments","floor":41,"key":"SMITH"},{"floor":44,"key":"RECALL"},{"data":"Offering","floor":47,"key":"SMITH"},{"data":"Barricade","floor":49,"key":"SMITH"},{"data":"Dark Embrace","floor":52,"key":"SMITH"}],"circlet_count":0,"master_deck":["AscendersBane","Strike_R","Strike_R","Strike_R","Defend_R","Defend_R","Defend_R","Defend_R","Bash","Dark Embrace+1","Master of Strategy","Feel No Pain","Armaments+1","Shrug It Off","Pommel Strike","Pommel Strike","Shrug It Off","Demon Form+1","True Grit+1","Feed+1","Flame Barrier","Corruption+1","Body Slam+1","expansioncontent:Corrupt","expansioncontent:DecasProtection","Warcry","Warcry","Intimidate","Dark Embrace+1","Warcry","Immolate","Disarm","Flame Barrier","Offering+1","Berserk","Shrug It Off","Barricade+1","Burning Pact","Fire Breathing","Entrench","Disarm"],"relics":["Burning Blood","Hammer of Thor","Seething Fire","Anvil of the Gods","Thread and Needle","MealTicket","ClockworkSouvenir","Turnip","Bronze Scales","Vajra","Gambling Chip","Shovel","Mark of Pain","MutagenicStrength","Peace Pipe","Boot","Orichalcum","Self Forming Clay","Paper Frog","hexamod:BolsterEngine","Sozu","PreservedInsect","Du-Vu Doll","Membership Card","Lantern","Mercury Hourglass"],"acts_visited":["Exordium","TheCity","TheBeyond","TheEnding"],"potions_floor_usage":[31,46],"damage_taken":[{"damage":3.0,"enemies":"Cultist","floor":1.0,"turns":5.0},{"damage":0.0,"enemies":"2 Louse","floor":2.0,"turns":3.0},{"damage":0.0,"enemies":"Jaw Worm","floor":3.0,"turns":4.0},{"damage":23.0,"enemies":"Exordium Thugs","floor":4.0,"turns":5.0},{"damage":22.0,"enemies":"3 Sentries","floor":6.0,"turns":8.0},{"damage":7.0,"enemies":"Looter","floor":8.0,"turns":3.0},{"damage":7.0,"enemies":"Lagavulin","floor":10.0,"turns":8.0},{"damage":4.0,"enemies":"Blue Slaver","floor":12.0,"turns":4.0},{"damage":0.0,"enemies":"Red Slaver","floor":13.0,"turns":4.0},{"damage":8.0,"enemies":"Hexaghost","floor":16.0,"turns":9.0},{"damage":10.0,"enemies":"3 Byrds","floor":18.0,"turns":4.0},{"damage":1.0,"enemies":"2 Thieves","floor":22.0,"turns":2.0},{"damage":0.0,"enemies":"Gremlin Leader","floor":23.0,"turns":5.0},{"damage":0,"enemies":"Book of Stabbing","floor":28,"turns":4},{"damage":0,"enemies":"Cultist and Chosen","floor":30,"turns":4},{"damage":3,"enemies":"Snake Plant","floor":31,"turns":2},{"damage":11,"enemies":"Champ","floor":33,"turns":7},{"damage":6,"enemies":"Orb Walker","floor":35,"turns":4},{"damage":1,"enemies":"3 Darklings","floor":36,"turns":3},{"damage":1,"enemies":"Transient","floor":37,"turns":5},{"damage":13,"enemies":"Writhing Mass","floor":39,"turns":4},{"damage":24,"enemies":"Reptomancer","floor":40,"turns":5},{"damage":6,"enemies":"3 Darklings","floor":42,"turns":3},{"damage":7,"enemies":"Nemesis","floor":46,"turns":3},{"damage":7,"enemies":"4 Shapes","floor":48,"turns":3},{"damage":13,"enemies":"Donu and Deca","floor":50,"turns":5},{"damage":46,"enemies":"Shield and Spear","floor":54,"turns":5},{"damage":52,"enemies":"The Heart","floor":55,"turns":7}],"seed_played":"3502264992149479494","potions_obtained":[{"floor":1.0,"key":"Weak Potion"},{"floor":3.0,"key":"Explosive Potion"},{"floor":4.0,"key":"Slimebound:ThreeZeroPotion"},{"floor":12.0,"key":"sneckomod:MuddlingPotion"},{"floor":13.0,"key":"Block Potion"},{"floor":18.0,"key":"Fruit Juice"},{"floor":28,"key":"SneckoOil"},{"floor":30,"key":"Explosive Potion"},{"floor":31,"key":"SteroidPotion"},{"floor":33,"key":"DuplicationPotion"}],"is_trial":false,"path_per_floor":["M","M","M","M","?","E","R","M","T","E","R","M","M","?","R","B",null,"M","$","T","?","M","E","T","?","T","R","E","$","M","M","R","B",null,"M","M","M","?","M","E","R","M","T","R","$","E","R","M","R","B",null,"R","$","E","B",null],"character_chosen":"IRONCLAD","items_purchased":["MealTicket","ClockworkSouvenir","Dark Embrace","Master of Strategy","Feel No Pain","Bronze Scales","Armaments","expansioncontent:Corrupt","expansioncontent:DecasProtection","Warcry","Paper Frog","Warcry","Membership Card","Fire Breathing","Disarm"],"campfire_rested":0,"item_purchase_floors":[0,0,0,0,0,0,0,19,19,19,29,29,45,45,53],"current_hp_per_floor":[51,57,63,46,46,30,30,29,29,28,28,30,40,40,40,38,73,78,93,93,93,93,97,97,88,88,88,98,101,101,101,101,96,100,100,105,105,105,98,80,80,84,84,84,99,102,102,101,101,98,110,110,114,78,36],"gold":69,"neow_bonus":"","is_daily":false,"chose_seed":false,"campfire_upgraded":8,"win_rate":0.0,"timestamp":1610206064,"path_taken":["M","M","?","M","?","E","R","M","T","E","R","M","?","?","R","BOSS","M","$","?","?","?","E","?","?","T","R","E","$","M","?","R","BOSS","M","M","M","?","?","E","R","M","T","R","$","E","R","M","R","BOSS","R","$","E","BOSS"],"items_purchased_type":["Relic","Relic","Card","Card","Card","Relic","Card","Card","Card","Card","Relic","Card","Relic","Card","Card"],"build_version":"2020-12-22","purchased_purges":3,"victory":true,"max_hp_per_floor":[80,80,80,80,80,80,80,80,80,80,80,80,84,84,84,84,84,93,93,93,93,93,97,97,97,97,97,101,101,101,101,101,101,101,101,105,105,105,105,105,105,109,109,109,106,110,110,110,110,114,114,114,114,118,122],"relic_stats":{"counters":[183,832],"Self Forming Clay":[84],"PreservedInsect":127,"Orichalcum":[24],"Boot":[7],"Burning Blood":582,"Mercury Hourglass":[21],"Peace Pipe":0,"Sozu":3,"Shovel":1,"Bronze Scales":[506],"Gambling Chip":[80],"MealTicket":37,"Turnip":[6],"obtain_stats":[{"Vajra":48,"Hammer of Thor":0,"Whetstone":23,"Boot":24,"Old Coin":10,"Sozu":17,"Blood Vial":41,"Centennial Puzzle":27,"DollysMirror":0,"Sundial":47,"Philosopher\u0027s Stone":34,"Prayer Wheel":36,"MealTicket":43,"Kunai":38,"Toxic Egg 2":11,"Slimebound:AggressiveSlimeRelic":38,"MerchantsRug":38,"Girya":0,"Pear":20,"Happy Flower":11,"betterAltar:BloodRelic":30,"Blue Candle":10,"Astrolabe":17,"Dead Branch":44,"Oddly Smooth Stone":27,"Velvet Choker":34,"Eternal Feather":6,"Pen Nib":21,"Guardian:PocketSentry":40,"Letter Opener":0,"War Paint":4,"Akabeko":9,"Du-Vu Doll":43,"Anvil of the Gods":0,"Brimstone":29,"Shuriken":21,"Bronze Scales":47,"Bird Faced Urn":54,"MutagenicStrength":21,"Snecko Eye":17,"Molten Egg 2":26,"Mark of Pain":17,"StrikeDummy":25,"Unceasing Top":0,"Meat on the Bone":48,"Darkstone Periapt":28,"Regal Pillow":0,"Lantern":3,"Magic Flower":26,"StoneCalendar":24,"Incense Burner":0,"Empty Cage":17,"Smiling Mask":41,"Burning Blood":0,"ClockworkSouvenir":38,"Nunchaku":12,"Matryoshka":26,"TheAbacus":47,"Shovel":10,"Gambling Chip":12,"Pantograph":54,"InkBottle":11,"Paper Frog":29,"Golden Idol":3,"Self Forming Clay":28,"Thread and Needle":0,"PreservedInsect":40,"Seething Fire":0,"Odd Mushroom":14,"Orichalcum":26,"Medical Kit":0,"White Beast Statue":8,"Mercury Hourglass":54,"Peace Pipe":0,"CaptainsWheel":45,"Anchor":54,"Ornamental Fan":9,"Turnip":42,"Slimebound:AbsorbEndCombat":0,"Bag of Marbles":3,"Coffee Dripper":34,"Membership Card":0,"Bottled Lightning":41,"Champion Belt":24,"hexamod:BolsterEngine":26,"FossilizedHelix":0,"Toy Ornithopter":44,"TungstenRod":42},{"Vajra":41,"Hammer of Thor":0,"Whetstone":30,"Boot":168,"Old Coin":23,"Sozu":10,"Blood Vial":39,"Centennial Puzzle":86,"DollysMirror":127,"Sundial":151,"Philosopher\u0027s Stone":35,"Prayer Wheel":37,"MealTicket":39,"Kunai":38,"Toxic Egg 2":23,"Slimebound:AggressiveSlimeRelic":38,"MerchantsRug":38,"Girya":127,"Pear":12,"Happy Flower":77,"betterAltar:BloodRelic":143,"Blue Candle":50,"Astrolabe":53,"Dead Branch":93,"Oddly Smooth Stone":32,"Velvet Choker":88,"Eternal Feather":4,"Pen Nib":82,"Guardian:PocketSentry":92,"Letter Opener":18,"War Paint":2,"Akabeko":5,"Du-Vu Doll":178,"Anvil of the Gods":0,"Brimstone":86,"Shuriken":109,"Bronze Scales":69,"Bird Faced Urn":72,"MutagenicStrength":166,"Snecko Eye":107,"Molten Egg 2":15,"Mark of Pain":165,"StrikeDummy":31,"Unceasing Top":18,"Meat on the Bone":41,"Darkstone Periapt":110,"Regal Pillow":18,"Lantern":20,"Magic Flower":110,"StoneCalendar":57,"Incense Burner":0,"Empty Cage":26,"Smiling Mask":118,"Burning Blood":0,"ClockworkSouvenir":38,"Nunchaku":51,"Matryoshka":31,"TheAbacus":41,"Shovel":162,"Gambling Chip":24,"Pantograph":97,"InkBottle":6,"Paper Frog":169,"Golden Idol":2,"Self Forming Clay":169,"Thread and Needle":127,"PreservedInsect":177,"Seething Fire":0,"Odd Mushroom":9,"Orichalcum":168,"Medical Kit":0,"White Beast Statue":5,"Mercury Hourglass":182,"Peace Pipe":73,"CaptainsWheel":94,"Anchor":126,"Ornamental Fan":22,"Turnip":67,"Slimebound:AbsorbEndCombat":0,"Bag of Marbles":46,"Coffee Dripper":61,"Membership Card":18,"Bottled Lightning":66,"Champion Belt":110,"hexamod:BolsterEngine":57,"FossilizedHelix":44,"Toy Ornithopter":120,"TungstenRod":149},{"Vajra":139,"Hammer of Thor":0,"Whetstone":105,"Boot":768,"Old Coin":85,"Sozu":45,"Blood Vial":132,"Centennial Puzzle":364,"DollysMirror":536,"Sundial":685,"Philosopher\u0027s Stone":121,"Prayer Wheel":127,"MealTicket":132,"Kunai":129,"Toxic Egg 2":85,"Slimebound:AggressiveSlimeRelic":129,"MerchantsRug":129,"Girya":536,"Pear":52,"Happy Flower":333,"betterAltar:BloodRelic":643,"Blue Candle":181,"Astrolabe":198,"Dead Branch":383,"Oddly Smooth Stone":110,"Velvet Choker":369,"Eternal Feather":13,"Pen Nib":349,"Guardian:PocketSentry":380,"Letter Opener":73,"War Paint":6,"Akabeko":19,"Du-Vu Doll":809,"Anvil of the Gods":0,"Brimstone":364,"Shuriken":456,"Bronze Scales":289,"Bird Faced Urn":311,"MutagenicStrength":761,"Snecko Eye":449,"Molten Egg 2":59,"Mark of Pain":757,"StrikeDummy":108,"Unceasing Top":73,"Meat on the Bone":139,"Darkstone Periapt":460,"Regal Pillow":73,"Lantern":77,"Magic Flower":460,"StoneCalendar":219,"Incense Burner":0,"Empty Cage":95,"Smiling Mask":498,"Burning Blood":0,"ClockworkSouvenir":129,"Nunchaku":186,"Matryoshka":108,"TheAbacus":139,"Shovel":740,"Gambling Chip":89,"Pantograph":402,"InkBottle":25,"Paper Frog":772,"Golden Idol":6,"Self Forming Clay":772,"Thread and Needle":536,"PreservedInsect":806,"Seething Fire":0,"Odd Mushroom":35,"Orichalcum":768,"Medical Kit":0,"White Beast Statue":19,"Mercury Hourglass":825,"Peace Pipe":319,"CaptainsWheel":386,"Anchor":528,"Ornamental Fan":81,"Turnip":279,"Slimebound:AbsorbEndCombat":0,"Bag of Marbles":164,"Coffee Dripper":245,"Membership Card":73,"Bottled Lightning":274,"Champion Belt":460,"hexamod:BolsterEngine":219,"FossilizedHelix":156,"Toy Ornithopter":504,"TungstenRod":676}]},"card_choices":[{"not_picked":["Feel No Pain","Inflame"],"picked":"Shrug It Off","floor":1.0},{"not_picked":["Hemokinesis","Thunderclap"],"picked":"Pommel Strike","floor":2.0},{"not_picked":["Flex","Combust"],"picked":"Pommel Strike","floor":3.0},{"not_picked":["Clash","Headbutt"],"picked":"Shrug It Off","floor":4.0},{"not_picked":["Perfected Strike","Iron Wave"],"picked":"Demon Form","floor":6.0},{"not_picked":["Inflame","Shrug It Off"],"picked":"True Grit","floor":8.0},{"not_picked":["Thunderclap","Second Wind"],"picked":"Feed","floor":10.0},{"not_picked":["Wild Strike","Havoc","Anger"],"picked":"SKIP","floor":12.0},{"not_picked":["Bloodletting","Fire Breathing"],"picked":"Flame Barrier","floor":13.0},{"not_picked":["Impervious","Berserk"],"picked":"Corruption","floor":16.0},{"not_picked":["Seeing Red","Combust"],"picked":"Body Slam+1","floor":18.0},{"not_picked":["Perfected Strike","Anger"],"picked":"Warcry","floor":22.0},{"not_picked":["Body Slam","Heavy Blade+1"],"picked":"Intimidate","floor":23.0},{"not_picked":["True Grit","Burning Pact"],"picked":"Dark Embrace","floor":28},{"not_picked":["Havoc","Pommel Strike"],"picked":"Immolate","floor":30},{"not_picked":["Clash","Sentinel"],"picked":"Disarm","floor":31},{"not_picked":["Second Wind","Thunderclap+1","Heavy Blade"],"picked":"SKIP","floor":35},{"not_picked":["Hemokinesis","Clash+1"],"picked":"Flame Barrier","floor":36},{"not_picked":["Flex","Pummel+1"],"picked":"Offering","floor":37},{"not_picked":["Combust","Spot Weakness"],"picked":"Shrug It Off","floor":39},{"not_picked":["Thunderclap","Havoc"],"picked":"Barricade","floor":40},{"not_picked":["Body Slam","Thunderclap"],"picked":"Burning Pact","floor":42},{"not_picked":["Spot Weakness","Searing Blow"],"picked":"Entrench","floor":46},{"not_picked":["Havoc","Heavy Blade","Anger"],"picked":"SKIP","floor":48},{"not_picked":["Infernal Blade","Dropkick","Intimidate"],"picked":"SKIP","floor":54}],"player_experience":933763,"relics_obtained":[{"floor":6.0,"key":"Vajra"},{"floor":9.0,"key":"Gambling Chip"},{"floor":10.0,"key":"Shovel"},{"floor":23.0,"key":"Peace Pipe"},{"floor":24.0,"key":"Boot"},{"floor":26.0,"key":"Orichalcum"},{"floor":28,"key":"Self Forming Clay"},{"floor":32,"key":"hexamod:BolsterEngine"},{"floor":40,"key":"PreservedInsect"},{"floor":43,"key":"Du-Vu Doll"},{"floor":46,"key":"Lantern"},{"floor":54,"key":"Mercury Hourglass"}],"event_choices":[{"damage_healed":0.0,"max_hp_gain":0.0,"max_hp_loss":0.0,"gold_gain":0.0,"event_name":"Accursed Blacksmith","player_choice":"Forge","floor":5.0,"gold_loss":0.0,"damage_taken":0.0,"cards_upgraded":["Dark Embrace"]},{"damage_healed":0.0,"max_hp_gain":0.0,"max_hp_loss":0.0,"gold_gain":100.0,"event_name":"Golden Shrine","player_choice":"Pray","floor":14.0,"gold_loss":0.0,"damage_taken":0.0},{"damage_healed":0.0,"max_hp_gain":0.0,"max_hp_loss":0.0,"gold_gain":0.0,"event_name":"Drug Dealer","player_choice":"Inject Mutagens","floor":21.0,"gold_loss":0.0,"damage_taken":0.0,"relics_obtained":["MutagenicStrength"]},{"damage_healed":0.0,"max_hp_gain":0.0,"max_hp_loss":0.0,"gold_gain":75.0,"event_name":"FaceTrader","player_choice":"Touch","floor":25.0,"gold_loss":0.0,"damage_taken":9.0},{"damage_healed":0,"gold_gain":0,"player_choice":"1 cards matched","damage_taken":0,"max_hp_gain":0,"max_hp_loss":0,"event_name":"Match and Keep!","floor":38,"gold_loss":0,"cards_obtained":["Berserk"]}],"is_beta":false,"boss_relics":[{"not_picked":["Empty Cage","Busted Crown"],"picked":"Mark of Pain"},{"not_picked":["Runic Dome","Philosopher\u0027s Stone"],"picked":"Sozu"}],"items_purged_floors":[0,19,45],"is_endless":false,"potions_floor_spawned":[1,3,4,12,13,18,28,30,31,33,36,42,46],"ascension_level":12}}