{"host":"z8galgznf6llawpn","time":1610217604,"event":{"mods":["AchievementEnabler","Act Like it!","Aspiration","BaseMod","Colored Map","Conspire","Defuse TimeMaze Blight","Friendly Minions","GifTheSpireLib","Hubris","Infinite Spire","Minty Spire (QoL Compilation)","Permanent Neow","Replay The Spire","StSLib","Stuff the Spire","Unceasing Turn Reminder"],"gold_per_floor":[113,128,22,32,51,85,85,111,181,181,181,212,222,254,254,351,351,361,361,374,387,387,387,415,514,584,614,614,640,660,671,671,811,811,883,883,883,957,1038,1132,1132,1235,1235,1345,1345,1450,1564,1464,1464,1464,1464],"floor_reached":50,"playtime":3194,"items_purged":[],"score":1070,"play_id":"11b9894d-937b-4e38-bad6-a25d5dd3454b","local_time":"20210109134004","is_ascension_mode":true,"campfire_choices":[{"data":"Defragment","floor":7,"key":"SMITH"},{"data":"Hologram","floor":11,"key":"SMITH"},{"data":"Zap","floor":15,"key":"SMITH"},{"data":"Storm","floor":23,"key":"SMITH"},{"data":"Sweeping Beam","floor":28,"key":"SMITH"},{"data":"StuffTheSpire:LaunchingStrike","floor":32,"key":"SMITH"},{"data":"Reboot","floor":41,"key":"SMITH"},{"data":"Gash","floor":45,"key":"SMITH"},{"data":"Beam Cell","floor":49,"key":"SMITH"}],"circlet_count":0,"master_deck":["Strike_B+1","Strike_B+1","Strike_B+1","Strike_B+1","Defend_B+1","Zap+1","Dualcast","StuffTheSpire:LaunchingStrike+1","Hologram+1","Beam Cell+1","Defragment+1","Leap","Leap","Auto Shields","Storm+1","Ball Lightning","Reboot+1","Beam Cell+1","Sweeping Beam+1","Go for the Eyes+1","Scrape+1","hubris:Ukulele+1","hubris:PowerSurge+1","Defragment+1","Gash+1","Static Discharge+1","Defragment+1","StuffTheSpire:Snapshot","Gash+1","Beam Cell+1","FIFO Queue+1","Undo+1"],"relics":["Cracked Core","hubris:OldNail","Mango","Iron Hammer","Bag of Marbles","Thread and Needle","aspiration:PoetsPen_weak","aspiration:RitualStick","Geode","aspiration:FetidBarrel","Frozen Egg 2","infinitespire:Joker Card","infinitespire:EvilPickle","Black Star","hubris:ScarierMask","DollysMirror","Sundial","infinitespire:Lychee Nut","Toy Ornithopter","Du-Vu Doll","Vajra","Whetstone"],"acts_visited":["Exordium","TheCity","TheBeyond"],"potions_floor_usage":[5,8,20,40,42,50],"damage_taken":[{"damage":1,"enemies":"Cultist","floor":1,"turns":3},{"damage":0,"enemies":"Small Slimes","floor":2,"turns":2},{"damage":2,"enemies":"Jaw Worm","floor":4,"turns":2},{"damage":4,"enemies":"Large Slime","floor":5,"turns":5},{"damage":17,"enemies":"3 Sentries","floor":6,"turns":10},{"damage":14,"enemies":"Gremlin Nob","floor":8,"turns":4},{"damage":13,"enemies":"3 Sentries","floor":12,"turns":8},{"damage":0,"enemies":"Blue Slaver","floor":13,"turns":3},{"damage":11,"enemies":"Lagavulin","floor":14,"turns":6},{"damage":32,"enemies":"Fading Forest","floor":16,"turns":11},{"damage":8,"enemies":"Spheric Guardian","floor":18,"turns":4},{"damage":16,"enemies":"2 Thieves","floor":20,"turns":3},{"damage":7,"enemies":"Snake Plant","floor":21,"turns":3},{"damage":0,"enemies":"Gremlin Leader","floor":24,"turns":6},{"damage":18,"enemies":"Nightmare","floor":27,"turns":4},{"damage":17,"enemies":"Book of Stabbing","floor":29,"turns":3},{"damage":0,"enemies":"conspire:HollyBat","floor":30,"turns":6},{"damage":3,"enemies":"Chosen and Byrds","floor":31,"turns":3},{"damage":2,"enemies":"Pondfish","floor":33,"turns":6},{"damage":0,"enemies":"Orb Walker","floor":35,"turns":2},{"damage":6,"enemies":"3 Shapes","floor":38,"turns":1},{"damage":21,"enemies":"Maw","floor":39,"turns":4},{"damage":18,"enemies":"Reptomancer","floor":40,"turns":3},{"damage":6,"enemies":"R_Hoarder","floor":42,"turns":4},{"damage":9,"enemies":"Giant Head","floor":44,"turns":5},{"damage":12,"enemies":"Spire Growth","floor":46,"turns":2},{"damage":0,"enemies":"Sphere and 2 Shapes","floor":47,"turns":2}],"seed_played":"1323170529595147408","potions_obtained":[{"floor":1,"key":"Block Potion"},{"floor":4,"key":"CultistPotion"},{"floor":16,"key":"Explosive Potion"},{"floor":24,"key":"Regen Potion"},{"floor":30,"key":"Energy Potion"},{"floor":31,"key":"SpeedPotion"},{"floor":35,"key":"DistilledChaos"},{"floor":47,"key":"CultistPotion"}],"is_trial":false,"path_per_floor":["M","M","$","M","M","E","R","E","T","?","R","E","M","E","R","B",null,"M","?","M","M","?","R","E","?","T","NM","R","E","M","M","R","B",null,"M","AVR","?","M","M","E","R","E","T","E","R","M","M","NS","R_BF","B"],"character_chosen":"DEFECT","items_purchased":["Defragment","Leap"],"campfire_rested":0,"item_purchase_floors":[3,3],"current_hp_per_floor":[74,74,74,72,68,51,51,51,51,51,51,38,38,27,27,11,89,81,63,52,87,87,87,87,87,87,69,69,52,52,49,49,47,94,94,94,94,88,67,49,49,49,49,46,46,37,40,40,40,0,0],"gold":1464,"neow_bonus":"THREE_RARE_CARDS","is_daily":false,"chose_seed":false,"campfire_upgraded":9,"win_rate":0.0,"timestamp":1610217604,"path_taken":["M","M","?","?","M","E","R","E","T","?","R","E","M","E","R","BOSS","M","?","M","M","?","R","E","?","T","NM","R","E","?","M","R","BOSS","M","AVR","?","M","?","E","R","E","T","E","R","M","M","NS","R_BF","BOSS"],"items_purchased_type":["Card","Card"],"build_version":"2020-12-22","purchased_purges":0,"victory":false,"max_hp_per_floor":[75,75,75,75,75,75,75,89,89,89,89,89,89,89,89,89,89,89,89,94,94,94,94,94,94,94,94,94,94,94,94,94,94,94,94,94,94,94,94,70,70,70,70,70,70,70,70,70,70,70,70],"card_choices":[{"not_picked":["hubris:DoWhile","Buffer"],"picked":"StuffTheSpire:LaunchingStrike","floor":0},{"not_picked":["Coolheaded","Barrage"],"picked":"Hologram","floor":1},{"not_picked":["Cold Snap","Rebound"],"picked":"Beam Cell","floor":2},{"not_picked":["StuffTheSpire:LoadUp","Leap"],"picked":"Auto Shields","floor":4},{"not_picked":["StuffTheSpire:NuclearReactor","Heatsinks","Doom and Gloom"],"picked":"SKIP","floor":5},{"not_picked":["ReplayTheSpireMod:Repulse","Fission","Coolheaded"],"picked":"SKIP","floor":6},{"not_picked":["ReplayTheSpireMod:Reroute Power","StuffTheSpire:Plugnplay","Compile Driver"],"picked":"SKIP","floor":8},{"not_picked":["Blizzard","ReplayTheSpireMod:GoodbyeWorld"],"picked":"Storm","floor":12},{"not_picked":["Cold Snap","StuffTheSpire:LoadUp"],"picked":"Ball Lightning","floor":13},{"not_picked":["Coolheaded","Compile Driver"],"picked":"Reboot","floor":14},{"not_picked":["Turbo","Redo","Panic Button"],"picked":"SKIP","floor":18},{"not_picked":["Conserve Battery","Go for the Eyes"],"picked":"Beam Cell","floor":20},{"not_picked":["Beam Cell+1","StuffTheSpire:LoadUp"],"picked":"Sweeping Beam","floor":21},{"not_picked":["Conserve Battery","Chill","Cold Snap"],"picked":"SKIP","floor":24},{"not_picked":["Panic Button","Leap"],"picked":"Go for the Eyes+1","floor":27},{"not_picked":["Stack","BasicCrystalCard+1"],"picked":"Scrape+1","floor":29},{"not_picked":["Capacitor+1","Genetic Algorithm"],"picked":"hubris:Ukulele+1","floor":30},{"not_picked":["Stack","FTL+1"],"picked":"hubris:PowerSurge+1","floor":31},{"not_picked":["Panic Button+1","Stack+1","ReplaySolidLightProjector"],"picked":"SKIP","floor":35},{"not_picked":["StuffTheSpire:CleanHardDrive","Stack+1"],"picked":"Gash","floor":38},{"not_picked":["Tempest+1","Leap+1"],"picked":"Static Discharge+1","floor":39},{"not_picked":["Rebound+1","Reboot"],"picked":"Defragment+1","floor":40},{"not_picked":["Conserve Battery","Heatsinks+1"],"picked":"Gash","floor":42},{"not_picked":["Go for the Eyes+1","Conserve Battery+1"],"picked":"Beam Cell+1","floor":44},{"not_picked":["Leap","Panic Button"],"picked":"FIFO Queue+1","floor":46},{"not_picked":["Conserve Battery+1","Steam"],"picked":"Undo+1","floor":47}],"player_experience":351908,"relics_obtained":[{"floor":6,"key":"hubris:OldNail"},{"floor":8,"key":"Mango"},{"floor":9,"key":"Iron Hammer"},{"floor":12,"key":"Bag of Marbles"},{"floor":14,"key":"Thread and Needle"},{"floor":24,"key":"Geode"},{"floor":26,"key":"aspiration:FetidBarrel"},{"floor":27,"key":"Frozen Egg 2"},{"floor":29,"key":"infinitespire:Joker Card"},{"floor":40,"key":"Sundial"},{"floor":40,"key":"infinitespire:Lychee Nut"},{"floor":42,"key":"Toy Ornithopter"},{"floor":43,"key":"Du-Vu Doll"},{"floor":44,"key":"Vajra"},{"floor":44,"key":"Whetstone"}],"event_choices":[{"damage_healed":0,"gold_gain":0,"player_choice":"Leave","damage_taken":0,"max_hp_gain":0,"max_hp_loss":0,"event_name":"conspire:Investor","floor":10,"gold_loss":0},{"damage_healed":0,"gold_gain":0,"player_choice":"Simplicity","damage_taken":0,"max_hp_gain":0,"max_hp_loss":0,"event_name":"Back to Basics","floor":22,"gold_loss":0,"cards_upgraded":["Strike_B","Strike_B","Strike_B","Strike_B","Defend_B","Defend_B","Defend_B","Defend_B"]},{"damage_healed":0,"gold_gain":99,"player_choice":"Stole From Cult","damage_taken":0,"max_hp_gain":0,"max_hp_loss":0,"event_name":"Nest","floor":25,"gold_loss":0},{"cards_removed":["Defend_B"],"damage_healed":0,"gold_gain":0,"player_choice":"Offered Basic","damage_taken":0,"max_hp_gain":0,"max_hp_loss":0,"event_name":"Bonfire Elementals","floor":37,"gold_loss":0}],"is_beta":false,"boss_relics":[{"not_picked":["conspire:SpecialSausage","Snecko Eye"],"picked":"aspiration:PoetsPen_weak"},{"not_picked":["Honey Jar","Kintsugi"],"picked":"Black Star"}],"items_purged_floors":[],"is_endless":true,"potions_floor_spawned":[1,4,16,24,30,31,33,35,38,39,47],"killed_by":"infinitespire:MassOfShapes","ascension_level":1}}