{"host":"x205naxbihvu3p76","time":1610180314,"event":{"mods":["AchievementEnabler","BaseMod","Minty Spire (QoL Compilation)","StSLib","SuperFastMode"],"gold_per_floor":[112,262,332,344,113,146,161,161,161,3,29,43,54,69,69,146,146,161,161,172,172,188,188,214,69,92,92,11,27,27,40,40,114,114,125,142,142,142,154,154,183,196,196,206,206,206],"floor_reached":45,"playtime":1289,"items_purged":["Doubt","Strike_B"],"score":1078,"play_id":"cb2ff689-2e55-4134-b2d1-7cb8fc9f255e","local_time":"20210109171834","is_ascension_mode":true,"campfire_choices":[{"data":"Defragment","floor":8.0,"key":"SMITH"},{"data":"Capacitor","floor":15.0,"key":"SMITH"},{"floor":23.0,"key":"REST"},{"data":"Defragment","floor":30.0,"key":"SMITH"},{"data":"Loop","floor":32.0,"key":"SMITH"},{"floor":40.0,"key":"REST"}],"circlet_count":0,"master_deck":["AscendersBane","Strike_B","Defend_B","Defend_B","Defend_B","Defend_B","Zap","Dualcast","Defragment+1","Barrage","Cold Snap","Ball Lightning","Leap","Glacier","Capacitor+1","Reboot","Defragment+1","Loop+1","Thunder Strike","Chaos+1","Creative AI"],"relics":["Cracked Core","NeowsBlessing","Meat on the Bone","Regal Pillow","Singing Bowl","DataDisk","HornCleat","Nuclear Battery","Omamori","Nunchaku","Empty Cage","Mango","Mummified Hand"],"acts_visited":["Exordium","TheCity","TheBeyond"],"potions_floor_usage":[45],"damage_taken":[{"damage":0.0,"enemies":"Cultist","floor":1.0,"turns":1.0},{"damage":0.0,"enemies":"Jaw Worm","floor":4.0,"turns":1.0},{"damage":0.0,"enemies":"Lagavulin","floor":6.0,"turns":1.0},{"damage":3.0,"enemies":"Small Slimes","floor":7.0,"turns":2.0},{"damage":23.0,"enemies":"Gremlin Nob","floor":11.0,"turns":5.0},{"damage":2.0,"enemies":"Looter","floor":12.0,"turns":3.0},{"damage":0.0,"enemies":"Blue Slaver","floor":13.0,"turns":3.0},{"damage":12.0,"enemies":"Gremlin Gang","floor":14.0,"turns":5.0},{"damage":11.0,"enemies":"Slime Boss","floor":16.0,"turns":7.0},{"damage":3.0,"enemies":"2 Thieves","floor":18.0,"turns":4.0},{"damage":6.0,"enemies":"Shell Parasite","floor":20.0,"turns":5.0},{"damage":16.0,"enemies":"Cultist and Chosen","floor":22.0,"turns":8.0},{"damage":29.0,"enemies":"Gremlin Leader","floor":24.0,"turns":10.0},{"damage":21.0,"enemies":"Colosseum Slavers","floor":27.0,"turns":5.0},{"damage":0.0,"enemies":"Snecko","floor":29.0,"turns":6.0},{"damage":0.0,"enemies":"Sentry and Sphere","floor":31.0,"turns":6.0},{"damage":28.0,"enemies":"Collector","floor":33.0,"turns":15.0},{"damage":27.0,"enemies":"3 Darklings","floor":35.0,"turns":7.0},{"damage":0.0,"enemies":"3 Shapes","floor":36.0,"turns":5.0},{"damage":42.0,"enemies":"3 Darklings","floor":39.0,"turns":7.0},{"damage":49.0,"enemies":"Giant Head","floor":41.0,"turns":12.0},{"damage":34.0,"enemies":"Spire Growth","floor":42.0,"turns":5.0},{"damage":10.0,"enemies":"Maw","floor":44.0,"turns":8.0},{"damage":35,"enemies":"Sphere and 2 Shapes","floor":45,"turns":3}],"seed_played":"8170072326259801886","potions_obtained":[{"floor":1.0,"key":"EssenceOfSteel"},{"floor":6.0,"key":"GamblersBrew"},{"floor":12.0,"key":"Dexterity Potion"},{"floor":20.0,"key":"Block Potion"},{"floor":22.0,"key":"Fire Potion"},{"floor":36.0,"key":"AttackPotion"},{"floor":39.0,"key":"SkillPotion"},{"floor":42.0,"key":"BlessingOfTheForge"},{"floor":44.0,"key":"Explosive Potion"}],"is_trial":false,"path_per_floor":["M","?","T","M","$","E","M","R","T","$","E","M","M","M","R","B",null,"M","?","M","?","M","R","E","$","T","?","$","M","R","M","R","B",null,"M","M","?","?","M","R","E","M","T","M","M"],"character_chosen":"DEFECT","items_purchased":["Cold Snap","Ball Lightning","Leap","DataDisk","Defragment","Loop"],"campfire_rested":2,"item_purchase_floors":[5,5,5,10,25,28],"current_hp_per_floor":[64,64,64,64,64,64,61,61,61,61,40,40,42,42,42,43,69,68,68,64,41,39,80,53,53,53,44,44,58,58,60,60,44,82,57,57,57,52,24,68,45,25,25,29,0,0],"gold":206,"neow_bonus":"THREE_ENEMY_KILL","is_daily":false,"chose_seed":false,"campfire_upgraded":4,"win_rate":0.0,"timestamp":1610180314,"path_taken":["M","?","?","M","?","E","M","R","T","$","E","M","M","M","R","BOSS","M","?","M","?","M","R","E","$","T","?","$","M","R","M","R","BOSS","M","M","?","?","M","R","E","M","T","M","M"],"items_purchased_type":["Card","Card","Card","Relic","Card","Card"],"build_version":"2020-12-22","purchased_purges":2,"victory":false,"max_hp_per_floor":[71,71,71,71,71,71,71,71,71,71,73,75,77,77,77,77,77,79,79,81,86,88,88,90,90,90,90,90,92,92,94,94,94,94,96,96,96,96,98,98,112,114,114,116,116,116],"card_choices":[{"not_picked":["Self Repair","Chaos"],"picked":"Defragment","floor":1.0},{"not_picked":["Gash","Hologram"],"picked":"Barrage","floor":4.0},{"not_picked":["Static Discharge","Hello World","Rebound"],"picked":"SKIP","floor":6.0},{"not_picked":["Rebound","Sweeping Beam"],"picked":"Glacier","floor":7.0},{"not_picked":["Sunder","Steam Power","Force Field"],"picked":"Singing Bowl","floor":11.0},{"not_picked":["Go for the Eyes","Streamline","Gash"],"picked":"Singing Bowl","floor":12.0},{"not_picked":["Hello World","Turbo","Barrage"],"picked":"Singing Bowl","floor":13.0},{"not_picked":["Beam Cell","BootSequence"],"picked":"Capacitor","floor":14.0},{"not_picked":["Thunder Strike","Machine Learning"],"picked":"Reboot","floor":16.0},{"not_picked":["Cold Snap","Skim","Rebound"],"picked":"Singing Bowl","floor":18.0},{"not_picked":["Turbo","Steam","Stack"],"picked":"Singing Bowl","floor":20.0},{"not_picked":["BootSequence","Steam","Steam Power"],"picked":"Singing Bowl","floor":22.0},{"not_picked":["Rebound","Sunder","Stack"],"picked":"Singing Bowl","floor":24.0},{"not_picked":["Go for the Eyes","Cold Snap","Stack"],"picked":"Singing Bowl","floor":29.0},{"not_picked":["Glacier","Compile Driver","Steam Power"],"picked":"Singing Bowl","floor":31.0},{"not_picked":["Multi-Cast","All For One"],"picked":"Thunder Strike","floor":33.0},{"not_picked":["Redo","Stack","Cold Snap"],"picked":"Singing Bowl","floor":35.0},{"not_picked":["Gash","Self Repair"],"picked":"Chaos+1","floor":36.0},{"not_picked":["Conserve Battery+1","Compile Driver","Auto Shields"],"picked":"Singing Bowl","floor":39.0},{"not_picked":["Rebound+1","Compile Driver"],"picked":"Creative AI","floor":41.0},{"not_picked":["Barrage","Static Discharge","White Noise"],"picked":"Singing Bowl","floor":42.0},{"not_picked":["Loop","Sweeping Beam+1","Beam Cell+1"],"picked":"Singing Bowl","floor":44.0}],"player_experience":958941,"relics_obtained":[{"floor":3.0,"key":"Meat on the Bone"},{"floor":6.0,"key":"Regal Pillow"},{"floor":9.0,"key":"Singing Bowl"},{"floor":11.0,"key":"HornCleat"},{"floor":24.0,"key":"Omamori"},{"floor":26.0,"key":"Nunchaku"},{"floor":41.0,"key":"Mango"},{"floor":43.0,"key":"Mummified Hand"}],"event_choices":[{"damage_healed":0.0,"max_hp_gain":0.0,"max_hp_loss":0.0,"gold_gain":150.0,"event_name":"Liars Game","player_choice":"AGREE","floor":2.0,"gold_loss":0.0,"damage_taken":0.0,"cards_obtained":["Doubt"]},{"damage_healed":0.0,"max_hp_gain":0.0,"max_hp_loss":0.0,"gold_gain":0.0,"event_name":"The Mausoleum","player_choice":"Ignored","floor":19.0,"gold_loss":0.0,"damage_taken":0.0},{"damage_healed":0.0,"max_hp_gain":5.0,"max_hp_loss":0.0,"gold_gain":0.0,"event_name":"Forgotten Altar","player_choice":"Shed Blood","floor":21.0,"gold_loss":0.0,"damage_taken":28.0},{"damage_healed":0.0,"max_hp_gain":0.0,"max_hp_loss":0.0,"gold_gain":0.0,"event_name":"Colosseum","player_choice":"Fight","floor":27.0,"gold_loss":0.0,"damage_taken":0.0},{"damage_healed":0.0,"max_hp_gain":0.0,"max_hp_loss":0.0,"gold_gain":0.0,"event_name":"Colosseum","player_choice":"Fled From Nobs","floor":27.0,"gold_loss":0.0,"damage_taken":0.0},{"damage_healed":0.0,"max_hp_gain":0.0,"max_hp_loss":0.0,"gold_gain":0.0,"event_name":"Tomb of Lord Red Mask","player_choice":"Ignored","floor":37.0,"gold_loss":0.0,"damage_taken":0.0},{"damage_healed":0.0,"max_hp_gain":0.0,"max_hp_loss":0.0,"gold_gain":0.0,"event_name":"The Woman in Blue","player_choice":"Bought 0 Potions","floor":38.0,"gold_loss":0.0,"damage_taken":0.0}],"is_beta":false,"boss_relics":[{"not_picked":["Snecko Eye","SacredBark"],"picked":"Nuclear Battery"},{"not_picked":["Black Star","Runic Dome"],"picked":"Empty Cage"}],"items_purged_floors":[5,25],"is_endless":false,"potions_floor_spawned":[1,6,12,20,22,27,36,39,42,44],"killed_by":"Sphere and 2 Shapes","ascension_level":19}}