{"host":"2c1pg2m9wpz3w4c0","time":1610228349,"event":{"mods":["AchievementEnabler","Act Like it!","Aspiration","BaseMod","Better Note","BetterRewards","Curses Come First","Disable Question Mark Monsters","Halation","Hubris","Infinite Spire","Lotus Mark","Marisa????????","Minty Spire (QoL Compilation)","Replay The Spire","StSLib","SuperFastMode","The Clintock","The Jungle","The Marked","The Runesmith","Transform Curses"],"gold_per_floor":[114,12,12,30,45,45,45,45,45,61,87,87,87,100,100,197,197,215,226,226,38,83,83,183,199,248,260,277,277,290,290,290,389,389,400,400,400,410,410,410,425,425,425,110,144,154,167,167,167],"floor_reached":48,"playtime":1834,"items_purged":[],"score":562,"play_id":"96dfc846-f9dc-4fdf-adf6-d5cfaae7ec9e","local_time":"20210109143909","is_ascension_mode":false,"campfire_choices":[{"data":"Runesmith:Fortify","floor":6,"key":"SMITH"},{"data":"Runesmith:DoubleUp","floor":8,"key":"SMITH"},{"data":"Runesmith:CraftMagma","floor":13,"key":"SMITH"},{"floor":15,"key":"REST"},{"data":"Runesmith:MetallurgicalResearch","floor":23,"key":"SMITH"},{"floor":29,"key":"REST"},{"floor":32,"key":"REST"},{"floor":40,"key":"REST"}],"circlet_count":0,"master_deck":["Runesmith:Strike_RS","Runesmith:Strike_RS","Runesmith:Strike_RS","Runesmith:Defend_RS","Runesmith:Defend_RS","Runesmith:Defend_RS","Runesmith:Defend_RS","Runesmith:CraftFirestone","Runesmith:Fortify+1","Runesmith:DoubleUp+1","Runesmith:ChiselStab","Runesmith:Prism+1","Runesmith:ChiselStab","Runesmith:ChiselStab","Runesmith:FrozenChisel","Pot Of Greed+1","Pot Of Greed","Runesmith:CraftMagma+1","Runesmith:BackupBattery","Runesmith:Grindstone","Runesmith:MetallurgicalResearch+1","Runesmith:HeatedChisel","Runesmith:Attraction+1","Runesmith:LithiumIon","Pot Of Greed+1","Runesmith:EarthShield","Runesmith:PoweredAnvil+1","Runesmith:Grindstone+1","Runesmith:EnergizedChisel","Runesmith:CraftIndustria","Runesmith:PerfectChisel","Runesmith:Refine+1","Runesmith:GoWithTheFlow","Replay:Sluggish","Voices","infinitespire:Starlight","hubris:Fate","Pot Of Greed","Runesmith:CraftMagma+1","Runesmith:FrozenChisel","Runesmith:ChiselStab"],"relics":["Runesmith:CoreCrystal","Grinning Jar","halation:BottledLove","Orichalcum","hubris:MysteriousPyramids","hubris:Backtick","Membership Card","Gremlin Food","Lee\u0027s Waffle","Lantern","aspiration:TomeofQuesting","aspiration:HiddenCompartment","hubris:TinFlute","FossilizedHelix","halation:PrussianBluePaint"],"acts_visited":["Exordium","theJungle:Jungle","TheBeyond"],"potions_floor_usage":[5,11,16,16,25,28,33,35,38,45,47,48],"damage_taken":[{"damage":0,"enemies":"Cultist","floor":1,"turns":4},{"damage":0,"enemies":"Small Slimes","floor":4,"turns":5},{"damage":0,"enemies":"Jaw Worm","floor":5,"turns":3},{"damage":2,"enemies":"Looter","floor":10,"turns":3},{"damage":7,"enemies":"Gremlin Nob","floor":11,"turns":4},{"damage":2,"enemies":"3 Louse","floor":14,"turns":3},{"damage":18,"enemies":"Fading Forest","floor":16,"turns":11},{"damage":11,"enemies":"theJungle:MUSHROOMGANG","floor":18,"turns":5},{"damage":10,"enemies":"theJungle:Flameango_and_Byrd","floor":19,"turns":6},{"damage":24,"enemies":"theJungle:Lyon","floor":25,"turns":5},{"damage":0,"enemies":"theJungle:2_Flameangoes","floor":27,"turns":6},{"damage":15,"enemies":"Snake Plant","floor":28,"turns":3},{"damage":18,"enemies":"theJungle:2_Snecko_Cultists","floor":30,"turns":7},{"damage":2,"enemies":"theJungle:QueenSpyder","floor":33,"turns":11},{"damage":16,"enemies":"3 Shapes","floor":35,"turns":8},{"damage":17,"enemies":"Orb Walker","floor":38,"turns":7},{"damage":39,"enemies":"3 Darklings","floor":41,"turns":9},{"damage":7,"enemies":"Nightmare","floor":45,"turns":11},{"damage":51,"enemies":"Spire Growth","floor":46,"turns":7},{"damage":7,"enemies":"Transient","floor":47,"turns":5},{"damage":13,"enemies":"Reptomancer","floor":48,"turns":2}],"seed_played":"6869371689874499942","potions_obtained":[{"floor":4,"key":"Explosive Potion"},{"floor":5,"key":"Cursed Concoction"},{"floor":10,"key":"Block Potion"},{"floor":14,"key":"Fire Potion"},{"floor":16,"key":"Dexterity Potion"},{"floor":27,"key":"PowerPotion"},{"floor":30,"key":"LiquidBronze"},{"floor":33,"key":"DuplicationPotion"},{"floor":35,"key":"BlessingOfTheForge"},{"floor":46,"key":"AttackPotion"},{"floor":47,"key":"Swift Potion"}],"is_trial":false,"path_per_floor":["M","$","?","M","M","R","?","R","T","M","E","T","R","M","R","B",null,"M","M","?","$","T","R","?","M","T","M","M","R","M","?","R","B",null,"M","?","?","M","?","R","M","?","T","$","NM","M","M","E"],"character_chosen":"RUNESMITH_CLASS","items_purchased":["Runesmith:DoubleUp","Runesmith:Prism+1","Runesmith:ChiselStab","Gremlin Food","Lee\u0027s Waffle","Runesmith:LithiumIon","hubris:TinFlute","FossilizedHelix","Regen Potion"],"campfire_rested":4,"item_purchase_floors":[0,2,2,21,21,21,44,44,44],"current_hp_per_floor":[70,70,70,70,70,70,70,70,70,68,61,61,61,59,70,52,70,59,49,49,77,77,77,77,53,53,53,38,61,43,43,66,64,77,61,69,69,52,52,75,36,36,36,36,54,13,6,0,0],"gold":167,"neow_bonus":"","is_daily":false,"chose_seed":false,"campfire_upgraded":4,"win_rate":0.0,"timestamp":1610228349,"path_taken":["M","$","?","M","M","R","?","R","T","M","E","?","R","M","R","BOSS","M","M","?","$","?","R","?","M","T","M","?","R","M","?","R","BOSS","M","?","?","M","?","R","?","?","T","$","NM","M","M","E"],"items_purchased_type":["Card","Card","Card","Relic","Relic","Card","Relic","Relic","Potion"],"build_version":"2020-12-22","purchased_purges":0,"victory":false,"max_hp_per_floor":[70,70,70,70,70,70,70,70,70,70,70,70,70,70,70,70,70,70,70,70,77,77,77,77,77,77,77,77,77,77,77,77,77,77,77,77,77,77,77,77,77,77,77,77,77,77,77,77,77],"card_choices":[{"not_picked":["Runesmith:UnstableHammer","Runesmith:MakeshiftArmor"],"picked":"Runesmith:ChiselStab","floor":1},{"not_picked":["Runesmith:NanitesCloud","Runesmith:MakeshiftArmor"],"picked":"Runesmith:ChiselStab","floor":4},{"not_picked":["Runesmith:Repurpose","Runesmith:HeatExchange"],"picked":"Runesmith:FrozenChisel","floor":5},{"not_picked":["Runesmith:Permafrost","Runesmith:Overpower"],"picked":"Runesmith:CraftMagma","floor":10},{"not_picked":["Runesmith:MakeshiftArmor","Runesmith:CraftMagma"],"picked":"Runesmith:BackupBattery","floor":11},{"not_picked":["Runesmith:MakeshiftArmor","Runesmith:HammerAndChisel"],"picked":"Runesmith:Grindstone","floor":14},{"not_picked":["Runesmith:Duplicate","Runesmith:FissionHammer"],"picked":"Runesmith:MetallurgicalResearch","floor":16},{"not_picked":["Runesmith:Repurpose","Runesmith:BackupBattery"],"picked":"Runesmith:HeatedChisel","floor":18},{"not_picked":["Runesmith:CraftSpiculum","Runesmith:HeatedChisel+1"],"picked":"Runesmith:Attraction","floor":19},{"not_picked":["Runesmith:NegativeSpace","Runesmith:Attraction"],"picked":"Runesmith:EarthShield","floor":25},{"not_picked":["Runesmith:EnergizedChisel","Runesmith:RuneHurl"],"picked":"Runesmith:PoweredAnvil+1","floor":27},{"not_picked":["Runesmith:FrozenChisel","Runesmith:UnstableHammer"],"picked":"Runesmith:Grindstone+1","floor":28},{"not_picked":["Runesmith:StaticCage+1","Runesmith:DuctTape"],"picked":"Runesmith:EnergizedChisel","floor":30},{"not_picked":["Runesmith:ReplicatingBarrier","Runesmith:Duplicate"],"picked":"Runesmith:CraftIndustria","floor":33},{"not_picked":["Runesmith:HammerThrow","Runesmith:RuneHurl"],"picked":"Runesmith:PerfectChisel","floor":35},{"not_picked":["Runesmith:UnstableHammer","Runesmith:MakeshiftArmor","Runesmith:LastStand"],"picked":"SKIP","floor":38},{"not_picked":["Runesmith:UnstableHammer","Runesmith:LithiumIon+1"],"picked":"Runesmith:GoWithTheFlow","floor":41},{"not_picked":["ReplayTheSpireMod:Echoes of Time","ReplayTheSpireMod:Black Plague"],"picked":"infinitespire:Starlight","floor":42},{"not_picked":["hubris:Rewind","infinitespire:SevenWalls"],"picked":"hubris:Fate","floor":45},{"not_picked":["Runesmith:Firewall+1","Runesmith:UnstableHammer"],"picked":"Runesmith:CraftMagma+1","floor":45},{"not_picked":["Runesmith:StaticCage+1","Runesmith:ReplicatingBarrier"],"picked":"Runesmith:FrozenChisel","floor":46},{"not_picked":["Runesmith:Overpower+1","Runesmith:HammerTime"],"picked":"Runesmith:ChiselStab","floor":47}],"player_experience":1155420,"relics_obtained":[{"floor":7,"key":"Grinning Jar"},{"floor":9,"key":"halation:BottledLove"},{"floor":11,"key":"Orichalcum"},{"floor":12,"key":"hubris:MysteriousPyramids"},{"floor":22,"key":"Lantern"},{"floor":26,"key":"aspiration:TomeofQuesting"},{"floor":43,"key":"aspiration:HiddenCompartment"},{"floor":45,"key":"halation:PrussianBluePaint"}],"event_choices":[{"damage_healed":0,"gold_gain":0,"cards_transformed":["Runesmith:Strike_RS"],"player_choice":"Transformed","damage_taken":0,"max_hp_gain":0,"max_hp_loss":0,"event_name":"Transmorgrifier","floor":20,"gold_loss":0,"cards_obtained":["Runesmith:Repurpose"]},{"damage_healed":0,"gold_gain":100,"player_choice":"Pray","damage_taken":0,"max_hp_gain":0,"max_hp_loss":0,"event_name":"Golden Shrine","floor":24,"gold_loss":0},{"cards_removed":["Runesmith:Repurpose"],"damage_healed":0,"gold_gain":0,"player_choice":"Purged","damage_taken":0,"max_hp_gain":0,"max_hp_loss":0,"event_name":"Purifier","floor":31,"gold_loss":0},{"damage_healed":0,"gold_gain":0,"player_choice":"Upgraded","damage_taken":0,"max_hp_gain":0,"max_hp_loss":0,"event_name":"Upgrade Shrine","floor":39,"gold_loss":0,"cards_upgraded":["Runesmith:Refine"]}],"is_beta":false,"boss_relics":[{"not_picked":["Coffee Dripper","hubris:TerracottaHorce"],"picked":"hubris:Backtick"},{"not_picked":["Tiny House","Pandora\u0027s Box"],"picked":"Runesmith:CoreCrystal"}],"items_purged_floors":[],"is_endless":true,"potions_floor_spawned":[4,5,10,14,16,27,30,33,35,46,47],"killed_by":"Reptomancer","ascension_level":0}}