{"host":"bxn2em57qlx5u4i0","time":1610229393,"event":{"mods":["BaseMod","Colored Map","Colored Powertips","Highlight Path","Minty Spire (QoL Compilation)","Random Character Button","Relic Sorter","Relic Stats","StSLib","SuperFastMode"],"gold_per_floor":[109,23,39,39,49,49,77,77,77,77,77],"floor_reached":10,"playtime":209,"items_purged":[],"score":132,"play_id":"f7cb1dea-bfb1-41de-8f45-26796f16936c","local_time":"20210109165633","is_ascension_mode":true,"campfire_choices":[{"data":"Calculated Gamble","floor":6.0,"key":"SMITH"},{"data":"Tactician","floor":8,"key":"SMITH"}],"circlet_count":0,"master_deck":["AscendersBane","Strike_G","Strike_G","Strike_G","Strike_G","Defend_G","Defend_G","Defend_G","Defend_G","Defend_G","Survivor","Neutralize","Burst","Tactician+1","Glass Knife","Calculated Gamble+1","Bouncing Flask","Footwork"],"relics":["Ring of the Snake","Du-Vu Doll","Ice Cream"],"acts_visited":["Exordium"],"potions_floor_usage":[7],"damage_taken":[{"damage":0.0,"enemies":"2 Louse","floor":1.0,"turns":5.0},{"damage":6.0,"enemies":"Small Slimes","floor":3.0,"turns":5.0},{"damage":1.0,"enemies":"Cultist","floor":5.0,"turns":4.0},{"damage":30,"enemies":"Lagavulin","floor":7,"turns":7},{"damage":43,"enemies":"Gremlin Nob","floor":10,"turns":3}],"seed_played":"-4566872808890583206","potions_obtained":[{"floor":3.0,"key":"Ancient Potion"}],"is_trial":false,"path_per_floor":["M","$","M","?","M","R","E","R","T","E"],"character_chosen":"THE_SILENT","items_purchased":["Glass Knife"],"campfire_rested":0,"item_purchase_floors":[2],"current_hp_per_floor":[59,59,53,46,45,45,15,15,15,0,0],"gold":77,"neow_bonus":"THREE_RARE_CARDS","is_daily":false,"chose_seed":false,"campfire_upgraded":2,"win_rate":0.0,"timestamp":1610229393,"path_taken":["M","$","M","?","M","R","E","R","T","E"],"items_purchased_type":["Card"],"build_version":"2020-12-22","purchased_purges":0,"victory":false,"max_hp_per_floor":[60,60,60,60,60,60,60,60,60,60,60],"relic_stats":{"counters":[5,24],"obtain_stats":[{"Du-Vu Doll":7,"Ice Cream":9,"Ring of the Snake":0},{"Du-Vu Doll":4,"Ice Cream":4,"Ring of the Snake":0},{"Du-Vu Doll":21,"Ice Cream":21,"Ring of the Snake":0}],"Ring of the Snake":[10]},"card_choices":[{"not_picked":["Venomology","Malaise"],"picked":"Burst","floor":0.0},{"not_picked":["Dodge and Roll","Sucker Punch"],"picked":"Tactician","floor":1.0},{"not_picked":["Acrobatics","Leg Sweep"],"picked":"Calculated Gamble","floor":3.0},{"not_picked":["Caltrops","Quick Slash"],"picked":"Bouncing Flask","floor":5.0},{"not_picked":["Dagger Throw","Outmaneuver"],"picked":"Footwork","floor":7}],"player_experience":2898201,"relics_obtained":[{"floor":7,"key":"Du-Vu Doll"},{"floor":9,"key":"Ice Cream"}],"event_choices":[{"cards_removed":["Strike_G"],"damage_healed":0.0,"max_hp_gain":0.0,"max_hp_loss":0.0,"gold_gain":0.0,"event_name":"Golden Wing","player_choice":"Card Removal","floor":4.0,"gold_loss":0.0,"damage_taken":7.0}],"is_beta":false,"boss_relics":[],"items_purged_floors":[],"is_endless":false,"potions_floor_spawned":[3],"killed_by":"Gremlin Nob","ascension_level":20}}