{"host":"b995t17pt6d05w8c","time":1610187501,"event":{"mods":["AchievementEnabler","BaseMod","Colored Map","Minty Spire (QoL Compilation)","SuperFastMode"],"gold_per_floor":[211,211,229,3,17,48,48,48,73,73,93,93,132,146,146,274,274,295,13,37,37,37,37,75,94,94,119,139,158,68,68,68,196,196,219,552,569,294,313,662,662,680,748,781,246,274,274,287,287,287],"floor_reached":51,"playtime":1693,"items_purged":["Strike_B","Strike_B","Defend_B","Strike_B+1"],"score":1142,"play_id":"031fac79-a313-4b0c-aaa0-bde8e9dd24f7","local_time":"20210109191821","is_ascension_mode":true,"campfire_choices":[{"data":"Chaos","floor":7.0,"key":"SMITH"},{"floor":12.0,"key":"REST"},{"floor":15.0,"key":"REST"},{"data":"Apotheosis","floor":23,"key":"SMITH"},{"floor":32,"key":"REST"},{"floor":41,"key":"REST"},{"floor":47,"key":"REST"},{"data":"Echo Form","floor":49,"key":"SMITH"}],"circlet_count":0,"master_deck":["Defend_B+1","Defend_B","Zap","Dualcast+1","Darkness","Chaos+1","Core Surge","Loop","White Noise","FTL","Glacier","Capacitor","Electrodynamics","Coolheaded","Apotheosis+1","Stack","Force Field","Biased Cognition","Redo+1","Core Surge","Hologram+1","Chill","Defragment","Loop+1","Skim+1","Double Energy","Reboot","Heatsinks","Chaos+1","Echo Form+1"],"relics":["Cracked Core","DataDisk","Toy Ornithopter","Dream Catcher","Unceasing Top","Philosopher\u0027s Stone","Membership Card","Vajra","Kunai","Nuclear Battery","Runic Capacitor","Potion Belt","Old Coin","Pantograph","Akabeko","Singing Bowl","Orrery","Du-Vu Doll","Blue Candle"],"acts_visited":["Exordium","TheCity","TheBeyond"],"potions_floor_usage":[28,33,50,50,50,50],"damage_taken":[{"damage":2.0,"enemies":"Jaw Worm","floor":1.0,"turns":3.0},{"damage":6.0,"enemies":"Small Slimes","floor":3.0,"turns":4.0},{"damage":1.0,"enemies":"Cultist","floor":5.0,"turns":3.0},{"damage":15.0,"enemies":"Lagavulin","floor":6.0,"turns":6.0},{"damage":7.0,"enemies":"Looter","floor":11.0,"turns":3.0},{"damage":18.0,"enemies":"3 Sentries","floor":13.0,"turns":6.0},{"damage":5.0,"enemies":"Exordium Thugs","floor":14.0,"turns":4.0},{"damage":6.0,"enemies":"The Guardian","floor":16.0,"turns":7.0},{"damage":19.0,"enemies":"3 Byrds","floor":18.0,"turns":2.0},{"damage":1.0,"enemies":"Chosen","floor":20.0,"turns":5.0},{"damage":0,"enemies":"Gremlin Leader","floor":24,"turns":4},{"damage":12,"enemies":"Sentry and Sphere","floor":25,"turns":6},{"damage":2,"enemies":"Snecko","floor":27,"turns":4},{"damage":15,"enemies":"Centurion and Healer","floor":28,"turns":6},{"damage":1,"enemies":"Chosen and Byrds","floor":29,"turns":5},{"damage":10,"enemies":"Collector","floor":33,"turns":8},{"damage":14,"enemies":"3 Shapes","floor":35,"turns":4},{"damage":23,"enemies":"3 Darklings","floor":37,"turns":4},{"damage":0,"enemies":"Jaw Worm Horde","floor":39,"turns":2},{"damage":0,"enemies":"2 Orb Walkers","floor":40,"turns":3},{"damage":0,"enemies":"4 Shapes","floor":42,"turns":3},{"damage":0,"enemies":"Giant Head","floor":44,"turns":7},{"damage":8,"enemies":"Nemesis","floor":46,"turns":5},{"damage":0,"enemies":"Spire Growth","floor":48,"turns":4},{"damage":2,"enemies":"Awakened One","floor":50,"turns":7}],"seed_played":"1710565200231913752","potions_obtained":[{"floor":1.0,"key":"FearPotion"},{"floor":3.0,"key":"BlessingOfTheForge"},{"floor":11.0,"key":"SkillPotion"},{"floor":28,"key":"PowerPotion"},{"floor":29,"key":"Fruit Juice"},{"floor":35,"key":"AttackPotion"},{"floor":44,"key":"SkillPotion"}],"is_trial":false,"path_per_floor":["M","?","M","$","M","E","R","?","T","$","M","R","E","M","R","B",null,"M","$","M","?","?","R","E","M","T","M","M","M","?","$","R","B",null,"M","?","M","$","M","?","R","M","T","E","$","E","R","M","R","B",null],"character_chosen":"DEFECT","items_purchased":["DataDisk","Membership Card","Apotheosis","Runic Capacitor","Potion Belt","Defragment","FocusPotion","Heatsinks","Singing Bowl","Orrery","DistilledChaos","Du-Vu Doll","SkillPotion"],"campfire_rested":5,"item_purchase_floors":[4,19,19,38,38,38,38,45,45,45,45,45,45],"current_hp_per_floor":[66,66,60,60,59,44,44,30,30,30,23,43,25,20,40,34,60,41,41,40,40,40,40,40,28,28,26,16,15,15,15,35,35,64,50,50,27,27,27,27,49,49,49,49,57,51,78,78,78,84],"gold":287,"neow_bonus":"HUNDRED_GOLD","is_daily":false,"chose_seed":false,"campfire_upgraded":3,"win_rate":0.0,"timestamp":1610187501,"path_taken":["M","?","M","$","M","E","R","?","T","?","M","R","E","M","R","BOSS","M","$","M","?","?","R","E","M","T","M","?","M","?","$","R","BOSS","M","?","M","$","M","?","R","M","T","E","$","E","R","M","R","BOSS"],"items_purchased_type":["Relic","Relic","Card","Relic","Relic","Card","Potion","Card","Relic","Relic","Potion","Relic","Potion"],"build_version":"2020-12-22","purchased_purges":4,"victory":true,"max_hp_per_floor":[75,69,69,69,69,69,69,69,69,69,69,69,69,69,69,69,69,69,69,69,69,69,69,69,69,69,69,69,69,69,69,69,74,74,74,74,74,74,74,74,74,74,74,74,82,84,86,86,86,86],"card_choices":[{"not_picked":["Go for the Eyes","Fusion"],"picked":"Darkness","floor":1.0},{"not_picked":["Streamline","Leap"],"picked":"Chaos","floor":3.0},{"not_picked":["Blizzard","Scrape"],"picked":"Core Surge","floor":5.0},{"not_picked":["Beam Cell","Ball Lightning"],"picked":"Loop","floor":6.0},{"not_picked":["Beam Cell","Reinforced Body","Turbo"],"picked":"SKIP","floor":11.0},{"not_picked":["Conserve Battery","Double Energy"],"picked":"White Noise","floor":12.0},{"not_picked":["Compile Driver","Streamline"],"picked":"FTL","floor":13.0},{"not_picked":["Rip and Tear","Fusion"],"picked":"Glacier","floor":14.0},{"not_picked":["Tempest","FTL"],"picked":"Capacitor","floor":15.0},{"not_picked":["Thunder Strike","Multi-Cast"],"picked":"Electrodynamics","floor":16.0},{"not_picked":["Consume","Lockon+1"],"picked":"Coolheaded","floor":18.0},{"not_picked":["Coolheaded","Gash","Rip and Tear"],"picked":"SKIP","floor":20.0},{"not_picked":["Machine Learning","Turbo","Recycle"],"picked":"SKIP","floor":24},{"not_picked":["Coolheaded","Streamline","Rip and Tear"],"picked":"SKIP","floor":25},{"not_picked":["Beam Cell","Static Discharge+1"],"picked":"Force Field","floor":27},{"not_picked":["Gash+1","Darkness","Reprogram+1"],"picked":"SKIP","floor":28},{"not_picked":["Conserve Battery","Scrape"],"picked":"Biased Cognition","floor":29},{"not_picked":["Stack","Glacier"],"picked":"Redo+1","floor":32},{"not_picked":["Electrodynamics","Machine Learning"],"picked":"Core Surge","floor":33},{"not_picked":["Doom and Gloom+1","Gash"],"picked":"Hologram+1","floor":35},{"not_picked":["Aggregate","Sunder"],"picked":"Chill","floor":37},{"not_picked":["Ball Lightning+1","Darkness"],"picked":"Loop+1","floor":39},{"not_picked":["Tempest+1","Beam Cell"],"picked":"Skim+1","floor":40},{"not_picked":["Beam Cell+1","Turbo+1"],"picked":"Double Energy","floor":41},{"not_picked":["FTL+1","Ball Lightning"],"picked":"Reboot","floor":42},{"not_picked":["Redo","Tempest+1","Leap+1"],"picked":"SKIP","floor":44},{"not_picked":["Leap+1","Barrage","Lockon"],"picked":"Singing Bowl","floor":45},{"not_picked":["Gash","Ball Lightning","Multi-Cast"],"picked":"Singing Bowl","floor":45},{"not_picked":["Blizzard+1","Leap+1","Gash"],"picked":"Singing Bowl","floor":45},{"not_picked":["Cold Snap+1","Reinforced Body"],"picked":"Chaos+1","floor":45},{"not_picked":["Ball Lightning+1","Loop+1","Redo+1"],"picked":"Singing Bowl","floor":45},{"not_picked":["Conserve Battery","Steam","Sweeping Beam+1"],"picked":"Singing Bowl","floor":46},{"not_picked":["Barrage+1","Blizzard+1","Streamline+1"],"picked":"Singing Bowl","floor":47},{"not_picked":["Turbo","Blizzard+1"],"picked":"Echo Form","floor":48}],"player_experience":65176,"relics_obtained":[{"floor":6.0,"key":"Toy Ornithopter"},{"floor":9.0,"key":"Dream Catcher"},{"floor":13.0,"key":"Unceasing Top"},{"floor":24,"key":"Vajra"},{"floor":26,"key":"Kunai"},{"floor":40,"key":"Old Coin"},{"floor":43,"key":"Pantograph"},{"floor":44,"key":"Akabeko"},{"floor":46,"key":"Blue Candle"}],"event_choices":[{"damage_healed":0.0,"max_hp_gain":0.0,"max_hp_loss":6.0,"gold_gain":0.0,"event_name":"Golden Idol","player_choice":"Lose Max HP","floor":2.0,"gold_loss":0.0,"damage_taken":0.0,"relics_obtained":["Golden Idol"]},{"damage_healed":0.0,"max_hp_gain":0.0,"max_hp_loss":0.0,"gold_gain":0.0,"event_name":"Shining Light","player_choice":"Entered Light","floor":8.0,"gold_loss":0.0,"damage_taken":14.0,"cards_upgraded":["Dualcast","Strike_B"]},{"damage_healed":0,"gold_gain":0,"player_choice":"Ignored","damage_taken":0,"max_hp_gain":0,"max_hp_loss":0,"event_name":"The Mausoleum","floor":21,"gold_loss":0},{"damage_healed":0,"gold_gain":0,"cards_transformed":["Strike_B"],"player_choice":"Transformed","damage_taken":0,"max_hp_gain":0,"max_hp_loss":0,"event_name":"Transmorgrifier","floor":22,"gold_loss":0,"cards_obtained":["Stack"]},{"cards_removed":["Defend_B"],"damage_healed":0,"gold_gain":0,"player_choice":"Upgrade and Remove","damage_taken":0,"max_hp_gain":0,"max_hp_loss":0,"event_name":"Designer","floor":30,"gold_loss":90,"cards_upgraded":["Defend_B"]},{"damage_healed":0,"gold_gain":333,"player_choice":"Gave Idol","damage_taken":0,"max_hp_gain":0,"max_hp_loss":0,"event_name":"The Moai Head","floor":36,"relics_lost":["Golden Idol"],"gold_loss":0},{"damage_healed":0,"gold_gain":0,"player_choice":"Fight","damage_taken":0,"max_hp_gain":0,"max_hp_loss":0,"event_name":"Mysterious Sphere","floor":40,"gold_loss":0}],"is_beta":false,"boss_relics":[{"not_picked":["Empty Cage","Calling Bell"],"picked":"Philosopher\u0027s Stone"},{"not_picked":["Velvet Choker","Snecko Eye"],"picked":"Nuclear Battery"}],"items_purged_floors":[4,19,38,45],"is_endless":false,"potions_floor_spawned":[1,3,11,16,20,25,28,29,35,44,46,48],"ascension_level":8}}