{"host":"t3nmszc7fx0d6552","time":1610203270,"event":{"mods":["AchievementEnabler","BaseMod","Colored Map","Minty Spire (QoL Compilation)","Permanent Neow","StSLib","SuperFastMode"],"gold_per_floor":[117,117,130,147,163,163,193,193,271,271,296,308,333,344,344,344,344],"floor_reached":16,"playtime":493,"items_purged":[],"score":244,"play_id":"88d661f1-74f9-459f-9f2d-2e9bf1bbd60c","local_time":"20210109234110","is_ascension_mode":true,"campfire_choices":[{"data":"All Out Attack","floor":6,"key":"SMITH"},{"data":"Crippling Poison","floor":8,"key":"SMITH"},{"data":"Dagger Throw","floor":10,"key":"SMITH"},{"floor":15,"key":"REST"}],"circlet_count":0,"master_deck":["AscendersBane","Strike_G","Strike_G","Strike_G","Strike_G","Defend_G","Defend_G","Defend_G","Defend_G","Defend_G","Survivor","Neutralize","Dagger Throw+1","All Out Attack+1","Crippling Poison+1","Bane","Acrobatics","Backflip","Prepared","Footwork"],"relics":["Sozu","CaptainsWheel","InkBottle","Orichalcum","Singing Bowl"],"acts_visited":["Exordium"],"potions_floor_usage":[],"damage_taken":[{"damage":4,"enemies":"Jaw Worm","floor":1,"turns":7},{"damage":0,"enemies":"Cultist","floor":3,"turns":4},{"damage":0,"enemies":"Small Slimes","floor":4,"turns":2},{"damage":1,"enemies":"3 Louse","floor":5,"turns":3},{"damage":19,"enemies":"Gremlin Nob","floor":7,"turns":4},{"damage":11,"enemies":"Lagavulin","floor":11,"turns":8},{"damage":4,"enemies":"Exordium Wildlife","floor":12,"turns":2},{"damage":17,"enemies":"3 Sentries","floor":13,"turns":6},{"damage":1,"enemies":"Blue Slaver","floor":14,"turns":2},{"damage":29,"enemies":"Slime Boss","floor":16,"turns":6}],"seed_played":"4314727145534635108","potions_obtained":[],"is_trial":false,"path_per_floor":["M","?","M","M","M","R","E","R","T","R","E","M","E","M","R","B"],"character_chosen":"THE_SILENT","items_purchased":[],"campfire_rested":1,"item_purchase_floors":[],"current_hp_per_floor":[55,55,55,55,54,54,35,35,35,35,24,20,5,4,24,0,0],"gold":344,"neow_bonus":"BOSS_RELIC","is_daily":false,"chose_seed":false,"campfire_upgraded":3,"win_rate":0.0,"timestamp":1610203270,"path_taken":["M","?","M","?","M","R","E","R","T","R","E","M","E","M","R","BOSS"],"items_purchased_type":[],"build_version":"2020-12-22","purchased_purges":0,"victory":false,"max_hp_per_floor":[66,66,66,66,66,66,66,66,66,66,66,66,68,68,68,68,68],"card_choices":[{"not_picked":["Concentrate","Caltrops"],"picked":"Dagger Throw","floor":1},{"not_picked":["Underhanded Strike","Dagger Throw"],"picked":"All Out Attack","floor":3},{"not_picked":["A Thousand Cuts","Predator"],"picked":"Crippling Poison","floor":4},{"not_picked":["Masterful Stab","Underhanded Strike"],"picked":"Bane","floor":5},{"not_picked":["Flechettes","Distraction"],"picked":"Acrobatics","floor":7},{"not_picked":["Poisoned Stab","Eviscerate"],"picked":"Backflip","floor":11},{"not_picked":["Expertise","Blade Dance"],"picked":"Prepared","floor":12},{"not_picked":["Flechettes","Bane","Underhanded Strike"],"picked":"Singing Bowl","floor":13},{"not_picked":["Tactician","Glass Knife"],"picked":"Footwork","floor":14}],"player_experience":1370661,"relics_obtained":[{"floor":7,"key":"CaptainsWheel"},{"floor":9,"key":"InkBottle"},{"floor":11,"key":"Orichalcum"},{"floor":13,"key":"Singing Bowl"}],"event_choices":[{"cards_removed":["Strike_G"],"damage_healed":0,"gold_gain":0,"player_choice":"Offered Basic","damage_taken":0,"max_hp_gain":0,"max_hp_loss":0,"event_name":"Bonfire Elementals","floor":2,"gold_loss":0}],"is_beta":false,"boss_relics":[],"items_purged_floors":[],"is_endless":false,"potions_floor_spawned":[1,4,5,7,13,14],"killed_by":"Slime Boss","ascension_level":20}}