{"host":"1p0ug38l8q9et435","time":1610220285,"event":{"mods":["AchievementEnabler","BaseMod","Colored Powertips","Downfall","Minty Spire (QoL Compilation)","StSLib","UnlockEverythingMod"],"gold_per_floor":[211,211,46,46,65,108,134,134,134],"floor_reached":8,"playtime":396,"items_purged":[],"score":56,"play_id":"d4eb62fa-e179-4ea5-a41e-b899ca9bc79e","local_time":"20210109112445","is_ascension_mode":false,"campfire_choices":[],"circlet_count":0,"master_deck":["Strike_P","Strike_P","Strike_P","Strike_P","Defend_P","Defend_P","Defend_P","Defend_P","Eruption","Vigilance","Study","BattleHymn","EmptyFist","WaveOfTheHand","FearNoEvil","Evaluate","ReachHeaven"],"relics":["PureWater","Damaru","CeramicFish"],"acts_visited":["Exordium"],"potions_floor_usage":[8],"damage_taken":[{"damage":0,"enemies":"Small Slimes","floor":1,"turns":3},{"damage":8,"enemies":"2 Louse","floor":5,"turns":3},{"damage":4,"enemies":"3 Sentries","floor":6,"turns":6},{"damage":0,"enemies":"Jaw Worm","floor":7,"turns":3},{"damage":53,"enemies":"Gremlin Nob","floor":8,"turns":4}],"seed_played":"-6939164283938921976","potions_obtained":[{"floor":6,"key":"Guardian:BlockOnCardUsePotion"}],"is_trial":false,"path_per_floor":["M","?","$","?","M","E","M","E"],"character_chosen":"WATCHER","items_purchased":["BattleHymn","EmptyFist","WaveOfTheHand"],"campfire_rested":0,"item_purchase_floors":[3,3,3],"current_hp_per_floor":[72,72,72,65,57,53,53,0,0],"gold":134,"neow_bonus":"HUNDRED_GOLD","is_daily":false,"chose_seed":false,"campfire_upgraded":0,"win_rate":0.0,"timestamp":1610220285,"path_taken":["M","?","$","?","M","E","M","E"],"items_purchased_type":["Card","Card","Card"],"build_version":"2020-12-22","purchased_purges":0,"victory":false,"max_hp_per_floor":[72,72,72,72,72,72,72,72,72],"card_choices":[{"not_picked":["FollowUp","Weave"],"picked":"Study","floor":1},{"not_picked":["FlyingSleeves","CutThroughFate"],"picked":"FearNoEvil","floor":5},{"not_picked":["ClearTheMind","PathToVictory"],"picked":"Evaluate","floor":6},{"not_picked":["Adaptation","Conclude"],"picked":"ReachHeaven","floor":7}],"player_experience":7955,"relics_obtained":[{"floor":6,"key":"CeramicFish"}],"event_choices":[{"damage_healed":0,"gold_gain":0,"player_choice":"Ignored","damage_taken":0,"max_hp_gain":0,"max_hp_loss":0,"event_name":"Golden Wing","floor":2,"gold_loss":0},{"damage_healed":0,"gold_gain":0,"player_choice":"Success","damage_taken":7,"relics_obtained":["Damaru"],"max_hp_gain":0,"max_hp_loss":0,"event_name":"Scrap Ooze","floor":4,"gold_loss":0}],"is_beta":false,"boss_relics":[],"items_purged_floors":[],"is_endless":false,"potions_floor_spawned":[6],"killed_by":"Gremlin Nob","ascension_level":0}}