{"host":"pl1fbpkom0aq337f","time":1610215109,"event":{"mods":["AchievementEnabler","BaseMod","Colored Map","Minty Spire (QoL Compilation)"],"gold_per_floor":[109,120,120,295,112,112,131,164,164,175,207,207,44,59,59,59,59,134,134,124,147,147,147],"floor_reached":22,"playtime":805,"items_purged":["Doubt","Strike_G"],"score":317,"play_id":"bbd6c6cf-160a-4155-b854-b1ce993c570a","local_time":"20210109185829","is_ascension_mode":true,"campfire_choices":[{"data":"Skewer","floor":6.0,"key":"SMITH"},{"data":"Storm of Steel","floor":12,"key":"SMITH"},{"data":"Accuracy","floor":16,"key":"SMITH"},{"data":"Bullet Time","floor":17,"key":"SMITH"}],"circlet_count":0,"master_deck":["AscendersBane","Strike_G","Strike_G","Strike_G","Strike_G","Defend_G","Defend_G","Defend_G","Defend_G","Survivor","Neutralize","Storm of Steel+1","Dagger Spray","Skewer+1","Bullet Time+1","Blur","Finisher","Quick Slash","Cloak And Dagger","Acrobatics","Die Die Die","Leg Sweep","Accuracy+1"],"relics":["Ring of the Snake","Membership Card","Thread and Needle","Ginger","Eternal Feather","Orrery","Black Star","Dream Catcher"],"acts_visited":["TheCity"],"potions_floor_usage":[11,18],"damage_taken":[{"damage":2.0,"enemies":"2 Louse","floor":1.0,"turns":4.0},{"damage":0.0,"enemies":"Small Slimes","floor":2.0,"turns":2.0},{"damage":2.0,"enemies":"Jaw Worm","floor":7.0,"turns":4.0},{"damage":24,"enemies":"3 Sentries","floor":8,"turns":7},{"damage":0,"enemies":"Blue Slaver","floor":10,"turns":4},{"damage":23,"enemies":"Lagavulin","floor":11,"turns":5},{"damage":0,"enemies":"Red Slaver","floor":14,"turns":2},{"damage":31,"enemies":"Slime Boss","floor":18,"turns":10},{"damage":11,"enemies":"2 Thieves","floor":20,"turns":4},{"damage":8,"enemies":"3 Byrds","floor":22,"turns":2}],"seed_played":"-7079736687948426288","potions_obtained":[{"floor":8,"key":"FearPotion"},{"floor":11,"key":"Energy Potion"},{"floor":14,"key":"Fire Potion"},{"floor":18,"key":"Regen Potion"}],"is_trial":false,"path_per_floor":["M","M","?","?","$","R","M","E","T","M","E","R","$","M","?","R","R","B",null,"M","T","M"],"character_chosen":"THE_SILENT","items_purchased":["Membership Card","Orrery","Accuracy"],"campfire_rested":0,"item_purchase_floors":[5,13,13],"current_hp_per_floor":[61,61,61,61,61,61,59,35,35,35,12,21,21,21,21,33,45,14,56,45,45,37,37],"gold":147,"neow_bonus":"ONE_RANDOM_RARE_CARD","is_daily":false,"chose_seed":false,"campfire_upgraded":4,"win_rate":0.0,"timestamp":1610215109,"path_taken":["M","M","?","?","$","R","M","E","T","M","E","R","$","?","?","R","R","BOSS","M","?","M"],"items_purchased_type":["Relic","Relic","Card"],"build_version":"2020-12-22","purchased_purges":2,"victory":false,"max_hp_per_floor":[70,70,70,70,70,70,70,70,70,70,70,70,70,70,70,70,70,70,70,70,70,70,70],"card_choices":[{"not_picked":["Acrobatics","Distraction"],"picked":"Dagger Spray","floor":1.0},{"not_picked":["PiercingWail","Reflex"],"picked":"Skewer","floor":2.0},{"not_picked":["Prepared","Flechettes"],"picked":"Blur","floor":7.0},{"not_picked":["Caltrops","Expertise","Escape Plan"],"picked":"SKIP","floor":8},{"not_picked":["Infinite Blades","Outmaneuver"],"picked":"Finisher","floor":10},{"not_picked":["Caltrops","Eviscerate"],"picked":"Quick Slash","floor":11},{"not_picked":["Choke","Poisoned Stab"],"picked":"Cloak And Dagger","floor":13},{"not_picked":["Bane","Flying Knee"],"picked":"Acrobatics","floor":13},{"not_picked":["Sucker Punch","Dagger Throw"],"picked":"Die Die Die","floor":13},{"not_picked":["Dagger Spray","Setup"],"picked":"Leg Sweep","floor":13},{"not_picked":["Dagger Spray","Backstab","Finisher"],"picked":"SKIP","floor":14},{"not_picked":["Expertise","Dash","Prepared+1"],"picked":"SKIP","floor":20}],"player_experience":444781,"relics_obtained":[{"floor":8,"key":"Thread and Needle"},{"floor":9,"key":"Ginger"},{"floor":11,"key":"Eternal Feather"},{"floor":21,"key":"Dream Catcher"}],"event_choices":[{"damage_healed":0.0,"max_hp_gain":0.0,"max_hp_loss":0.0,"gold_gain":0.0,"cards_transformed":["Defend_G"],"event_name":"Living Wall","player_choice":"Change","floor":3.0,"gold_loss":0.0,"damage_taken":0.0,"cards_obtained":["Bullet Time"]},{"damage_healed":0.0,"max_hp_gain":0.0,"max_hp_loss":0.0,"gold_gain":175.0,"event_name":"Liars Game","player_choice":"AGREE","floor":4.0,"gold_loss":0.0,"damage_taken":0.0,"cards_obtained":["Doubt"]},{"damage_healed":0,"gold_gain":0,"player_choice":"Got Potions","damage_taken":0,"max_hp_gain":0,"max_hp_loss":0,"event_name":"Lab","floor":15,"gold_loss":0}],"is_beta":false,"boss_relics":[{"not_picked":["HoveringKite","Coffee Dripper"],"picked":"Black Star"}],"items_purged_floors":[5,13],"is_endless":false,"potions_floor_spawned":[8,11,14,18],"killed_by":"3 Byrds","ascension_level":13}}