{"host":"yii5it3292r9xs7s","time":1610198929,"event":{"mods":["ATMod(阿瑾Mod)","Act Like it!","BaseMod","Better Vampires","Colored Powertips","Energized Spire","Hallownest","Minty Spire (QoL Compilation)","Red Circlet Mod","Relic Stats","RumiaBox-露米娅的神秘盒子","StSLib","The Bug Knight","noobMod","【功能Mod】混沌之环修复补丁","【遗物卡牌】REMEMod","篝火指南"],"gold_per_floor":[109,0,0,10,21,21,39,39,39,39,39,65,79,92,92,193,193,208,58,58,69,39,69,84,124,124,34,34,34,68,82,82,82,82],"floor_reached":33,"playtime":1915,"items_purged":[],"score":426,"play_id":"e4fc3c2e-cfb9-4777-9bd5-cc4fd1dbf06f","local_time":"20210109212849","is_ascension_mode":true,"campfire_choices":[{"floor":6,"key":"REST"},{"floor":10,"key":"REST"},{"data":"AT_EssenceShift","floor":15,"key":"SMITH"},{"data":"HollowMod:VoidDash","floor":28,"key":"SMITH"},{"data":"HollowMod:SlysStrikes","floor":32,"key":"SMITH"}],"circlet_count":0,"master_deck":["HollowMod:NailStrikeStart","HollowMod:NailStrikeStart","HollowMod:NailStrikeStart","HollowMod:NailStrikeStart","HollowMod:QuickDashStart","HollowMod:QuickDashStart","HollowMod:QuickDashStart","HollowMod:QuickDashStart","HollowMod:PogoStrike","HollowMod:Hiveblood","AT_EssenceShift+1","HollowMod:DescendingDark","HollowMod:ShadowDash","HollowMod:BlackTendrils","HollowMod:ShadowDash","HollowMod:ShadowDash+1","HollowMod:DungDefenderAura","HollowMod:VoidDash+1","HollowMod:PerfectDash+1","HollowMod:NewInfectedGuardian","HollowMod:QuirrelsAssistance","HollowMod:ChannelNail","HollowMod:SoulSplash+1","HollowMod:Grubsong","HollowMod:WraithStrike","HollowMod:InfectedAttack","HollowMod:BrokenVessel","HollowMod:SlysStrikes+1","HollowMod:VengefulVoid","HollowMod:PureNailStrike","HollowMod:DoubleDash"],"relics":["HollowMod:VesselMask","REME_ComplimentaryCards","ice","AT_ATBox","Hallownest:BankAccountRelic","Hallownest:DreamNailRelic","Baka2","Hallownest:SalubrasBlessingRelic","HornCleat","Hallownest:TeacherSealRelic","energizedSpire:StickyHand","HollowMod:StagPassRelic","HollowMod:StagPassRelic","Bag of Marbles","Ginger","Hallownest:StagBellRelic1","Hallownest:WatcherSealRelic","GodSword3","AT_ChloranthyRing"],"acts_visited":["Hallownest:Greenpath","Hallownest:CityofTears"],"potions_floor_usage":[16],"damage_taken":[{"damage":7,"enemies":"Hallownest:monsterHuskGuard","floor":1,"turns":4},{"damage":60,"enemies":"Hallownest:monsterHuskWarrior","floor":4,"turns":4},{"damage":0,"enemies":"2_ Uuma","floor":5,"turns":1},{"damage":9,"enemies":"Hallownest:Guard_and_Warrior","floor":7,"turns":3},{"damage":0,"enemies":"Hallownest:eliteMossKnight","floor":12,"turns":3},{"damage":85,"enemies":"Hallownest:1_Ooma_and_2_Uuma","floor":13,"turns":24},{"damage":2,"enemies":"Hallownest:2_Tiktiks_1_Baldur_1_Crawlid","floor":14,"turns":4},{"damage":36,"enemies":"Hallownest:BossFalseKnight","floor":16,"turns":8},{"damage":18,"enemies":"Hallownest:3_Youths","floor":18,"turns":6},{"damage":0,"enemies":"Hallownest:2_Mistakes","floor":21,"turns":5},{"damage":10,"enemies":"Hallownest:eliteWatcherKnight","floor":23,"turns":11},{"damage":15,"enemies":"Hallownest:3_Mistakes","floor":24,"turns":2},{"damage":10,"enemies":"Hallownest:Nosk","floor":30,"turns":10},{"damage":5,"enemies":"Hallownest:2_Husk_Sentries","floor":31,"turns":3},{"damage":540,"enemies":"Hallownest:BossSoulMaster","floor":33,"turns":6}],"seed_played":"-8362664223364982227","potions_obtained":[{"floor":5,"key":"Strength Potion"},{"floor":12,"key":"Energy Potion"},{"floor":13,"key":"ColorlessPotion"},{"floor":30,"key":"CultistPotion"}],"is_trial":false,"path_per_floor":["M","?","?","M","M","R","M","?","T","R","?","E","M","M","R","B",null,"M","?","?","M","$","E","M","$","T","?","R","?","E","M","R","B"],"character_chosen":"THE_BUGKNIGHT","items_purchased":["HollowMod:PerfectDash"],"campfire_rested":2,"item_purchase_floors":[22],"current_hp_per_floor":[74,74,74,23,23,45,36,36,36,60,60,67,77,78,78,68,93,88,88,84,88,88,96,86,86,86,86,86,86,104,99,99,0,0],"gold":82,"neow_bonus":"ONE_RANDOM_RARE_CARD","is_daily":false,"chose_seed":false,"campfire_upgraded":3,"win_rate":0.0,"timestamp":1610198929,"path_taken":["M","?","?","M","M","R","?","?","T","R","?","E","?","?","R","BOSS","M","?","?","?","$","E","M","$","T","?","R","?","E","M","R","BOSS"],"items_purchased_type":["Card"],"build_version":"2020-12-22","purchased_purges":0,"victory":false,"max_hp_per_floor":[75,75,75,75,75,75,75,75,75,77,77,77,79,85,85,93,93,103,103,103,105,105,112,115,115,115,115,115,115,119,123,123,128,128],"relic_stats":{"counters":[15,94],"Ginger":[6],"obtain_stats":[{"AT_ChloranthyRing":30,"Hallownest:SalubrasBlessingRelic":8,"Hallownest:StagBellRelic1":27,"AT_ATBox":0,"HollowMod:VesselMask":0,"ice":0,"Baka":1,"Hallownest:DreamNailRelic":3,"Ginger":26,"energizedSpire:StickyHand":17,"HollowMod:StagPassRelic":19,"Baka2":4,"Hallownest:WatcherSealRelic":29,"HornCleat":9,"Hallownest:BankAccountRelic":2,"Bag of Marbles":23,"GodSword3":30,"Hallownest:TeacherSealRelic":11,"REME_ComplimentaryCards":0},{"AT_ChloranthyRing":13,"Hallownest:SalubrasBlessingRelic":4,"Hallownest:StagBellRelic1":12,"AT_ATBox":0,"HollowMod:VesselMask":0,"ice":0,"Baka":1,"Hallownest:DreamNailRelic":1,"Ginger":12,"energizedSpire:StickyHand":8,"HollowMod:StagPassRelic":9,"Baka2":2,"Hallownest:WatcherSealRelic":12,"HornCleat":4,"Hallownest:BankAccountRelic":1,"Bag of Marbles":11,"GodSword3":13,"Hallownest:TeacherSealRelic":4,"REME_ComplimentaryCards":0},{"AT_ChloranthyRing":85,"Hallownest:SalubrasBlessingRelic":12,"Hallownest:StagBellRelic1":75,"AT_ATBox":0,"HollowMod:VesselMask":0,"ice":0,"Baka":4,"Hallownest:DreamNailRelic":4,"Ginger":75,"energizedSpire:StickyHand":51,"HollowMod:StagPassRelic":57,"Baka2":8,"Hallownest:WatcherSealRelic":75,"HornCleat":12,"Hallownest:BankAccountRelic":4,"Bag of Marbles":73,"GodSword3":85,"Hallownest:TeacherSealRelic":12,"REME_ComplimentaryCards":0}]},"card_choices":[{"not_picked":["HollowMod:MawleksShell","HollowMod:TaintedHusks"],"picked":"HollowMod:VengefulVoid","floor":1},{"not_picked":["HollowMod:TaintedHusks","HollowMod:InfectedCysts","HollowMod:NewJinnsSoul"],"picked":"SKIP","floor":4},{"not_picked":["HollowMod:SoulStrike","HollowMod:DoubleDash"],"picked":"HollowMod:DescendingDark","floor":5},{"not_picked":["HollowMod:ChannelNail","HollowMod:HowlingWraiths"],"picked":"HollowMod:ShadowDash","floor":7},{"not_picked":["HollowMod:HeavyBlow","HollowMod:CornifersMapStart"],"picked":"HollowMod:BlackTendrils","floor":12},{"not_picked":["HollowMod:InfectedCysts","HollowMod:SoulShaman","HollowMod:TaintedHusks"],"picked":"SKIP","floor":13},{"not_picked":["HollowMod:ChannelNail","HollowMod:GrimmsGift"],"picked":"HollowMod:DungDefenderAura","floor":14},{"not_picked":["HollowMod:NewInfectedGuardian","HollowMod:LifebloodCore"],"picked":"HollowMod:VoidDash","floor":16},{"not_picked":["HollowMod:GreatSlash","HollowMod:PureNailStrike+1","HollowMod:InfectedCysts"],"picked":"SKIP","floor":18},{"not_picked":["HollowMod:NewJinnsSoul","HollowMod:Grubsong","HollowMod:MawleksShell"],"picked":"SKIP","floor":21},{"not_picked":["HollowMod:NewInfectedGuardian","HollowMod:ChannelNail"],"picked":"HollowMod:QuirrelsAssistance","floor":23},{"not_picked":["HollowMod:SoulSplash+1","HollowMod:Grubsong"],"picked":"HollowMod:WraithStrike","floor":24},{"not_picked":["HollowMod:InfectedAttack","HollowMod:BrokenVessel"],"picked":"HollowMod:SlysStrikes","floor":30},{"not_picked":["HollowMod:PureNailStrike","HollowMod:DoubleDash"],"picked":"HollowMod:VengefulVoid","floor":31}],"player_experience":6261,"relics_obtained":[{"floor":1,"key":"Baka"},{"floor":4,"key":"Baka2"},{"floor":9,"key":"HornCleat"},{"floor":21,"key":"HollowMod:StagPassRelic"},{"floor":23,"key":"Bag of Marbles"},{"floor":26,"key":"Ginger"},{"floor":30,"key":"GodSword3"},{"floor":30,"key":"AT_ChloranthyRing"}],"event_choices":[],"is_beta":false,"boss_relics":[{"not_picked":["SacredBark","energizedSpire:EnergizedDie"],"picked":"energizedSpire:StickyHand"}],"items_purged_floors":[],"is_endless":false,"potions_floor_spawned":[5,12,13,30,31],"killed_by":"Hallownest:BossSoulMaster","ascension_level":1}}