{"host":"m77rrhbqzv44va4v","time":1610226969,"event":{"mods":["AchievementEnabler","BaseMod","Colored Map","DeckTracker","Keyboard Shortcuts","Minty Spire (QoL Compilation)","StSLib","SuperFastMode","everything is the same but u backflip on backflip"],"gold_per_floor":[113,113,113,133,133,168,168,187,212,70,70,80,80,99,99,197,197,212,212,23,23,23],"floor_reached":21,"playtime":284,"items_purged":["Strike_B"],"score":333,"play_id":"3476e9e7-1a24-4d5c-94c8-87bec4a98ac4","local_time":"20210110061609","is_ascension_mode":true,"campfire_choices":[{"data":"Dualcast","floor":7,"key":"SMITH"},{"data":"Zap","floor":11,"key":"SMITH"},{"floor":15,"key":"REST"}],"circlet_count":0,"master_deck":["AscendersBane","Strike_B","Strike_B","Defend_B","Defend_B","Defend_B","Zap+1","Dualcast+1","Skim","Rip and Tear","Chill","Compile Driver","Steam Power","Doom and Gloom","Defragment","Hyperbeam","CurseOfTheBell","Coolheaded","Apotheosis"],"relics":["Cracked Core","NeowsBlessing","Anchor","Happy Flower","Golden Idol","Calling Bell","DataDisk","StrikeDummy","Bird Faced Urn","Pear"],"acts_visited":["Exordium","TheCity"],"potions_floor_usage":[16],"damage_taken":[{"damage":0,"enemies":"2 Louse","floor":1,"turns":1},{"damage":0,"enemies":"Cultist","floor":4,"turns":1},{"damage":0,"enemies":"Gremlin Nob","floor":6,"turns":1},{"damage":0,"enemies":"Jaw Worm","floor":8,"turns":2},{"damage":0,"enemies":"Gremlin Gang","floor":12,"turns":4},{"damage":6,"enemies":"Lots of Slimes","floor":14,"turns":2},{"damage":13,"enemies":"Slime Boss","floor":16,"turns":6},{"damage":20,"enemies":"3 Byrds","floor":18,"turns":5},{"damage":4,"enemies":"Shell Parasite","floor":21,"turns":2}],"seed_played":"-2040689470013872296","potions_obtained":[{"floor":1,"key":"ColorlessPotion"},{"floor":4,"key":"FocusPotion"},{"floor":18,"key":"LiquidBronze"}],"is_trial":false,"path_per_floor":["M","?","?","M","?","E","R","M","T","$","R","M","?","M","R","B",null,"M","?","$","M"],"character_chosen":"DEFECT","items_purchased":["Steam Power","Apotheosis"],"campfire_rested":1,"item_purchase_floors":[10,20],"current_hp_per_floor":[68,61,61,61,61,61,61,61,61,61,61,61,43,37,59,46,68,50,60,60,56,56],"gold":23,"neow_bonus":"THREE_ENEMY_KILL","is_daily":false,"chose_seed":false,"campfire_upgraded":2,"win_rate":0.0,"timestamp":1610226969,"path_taken":["M","?","?","?","?","E","R","?","T","?","R","M","?","M","R","BOSS","M","?","$","?"],"items_purchased_type":["Card","Card"],"build_version":"2020-12-22","purchased_purges":1,"victory":false,"max_hp_per_floor":[75,75,75,75,75,75,75,75,75,75,75,75,75,75,75,75,75,75,85,85,85,85],"card_choices":[{"not_picked":["Heatsinks","Static Discharge"],"picked":"Skim","floor":1},{"not_picked":["Chaos","Static Discharge"],"picked":"Rip and Tear","floor":4},{"not_picked":["Hello World","Sweeping Beam"],"picked":"Compile Driver","floor":6},{"not_picked":["Tempest","Compile Driver","Blizzard"],"picked":"SKIP","floor":8},{"not_picked":["Rebound","Auto Shields"],"picked":"Doom and Gloom","floor":12},{"not_picked":["Fusion","Conserve Battery"],"picked":"Defragment","floor":14},{"not_picked":["Electrodynamics","Multi-Cast"],"picked":"Hyperbeam","floor":16},{"not_picked":["Streamline","Sweeping Beam"],"picked":"Coolheaded","floor":18}],"player_experience":920269,"relics_obtained":[{"floor":6,"key":"Anchor"},{"floor":9,"key":"Happy Flower"},{"floor":17,"key":"DataDisk"},{"floor":17,"key":"StrikeDummy"},{"floor":17,"key":"Bird Faced Urn"}],"event_choices":[{"cards_removed":["Defend_B"],"damage_healed":0,"gold_gain":0,"player_choice":"Card Removal","damage_taken":7,"max_hp_gain":0,"max_hp_loss":0,"event_name":"Golden Wing","floor":2,"gold_loss":0},{"cards_removed":["Strike_B"],"damage_healed":0,"gold_gain":0,"player_choice":"Offered Basic","damage_taken":0,"max_hp_gain":0,"max_hp_loss":0,"event_name":"Bonfire Elementals","floor":3,"gold_loss":0},{"damage_healed":0,"gold_gain":0,"player_choice":"1 cards matched","damage_taken":0,"max_hp_gain":0,"max_hp_loss":0,"event_name":"Match and Keep!","floor":5,"gold_loss":0,"cards_obtained":["Chill"]},{"damage_healed":0,"gold_gain":0,"player_choice":"Take Damage","damage_taken":18,"relics_obtained":["Golden Idol"],"max_hp_gain":0,"max_hp_loss":0,"event_name":"Golden Idol","floor":13,"gold_loss":0},{"damage_healed":0,"gold_gain":0,"player_choice":"Gave Potion","damage_taken":0,"relics_obtained":["Pear"],"max_hp_gain":0,"max_hp_loss":0,"event_name":"WeMeetAgain","floor":19,"gold_loss":0}],"is_beta":false,"boss_relics":[{"not_picked":["Astrolabe","Snecko Eye"],"picked":"Calling Bell"}],"items_purged_floors":[10],"is_endless":false,"potions_floor_spawned":[1,4,12,18],"killed_by":"Shell Parasite","ascension_level":13}}