{"host":"qxeepl7ydvsgmfdb","time":1610168099,"event":{"mods":["AchievementEnabler","BaseMod","Colored Powertips","Minty Spire (QoL Compilation)","Quick Restart","slay the spire mod where everything is the same but ironclad has a cowboy hat"],"gold_per_floor":[109,109,109,59,59,86,96,116,140,187,274,299,311,336,348,462,474,500,611,9,19,19,19,50,50,50,84,9,25,25,40,40,137,137,148,148,148],"floor_reached":36,"playtime":1001,"items_purged":["Regret"],"score":659,"play_id":"11ea8e94-fb6d-47d5-a74d-f8f942d56107","local_time":"20210108235459","is_ascension_mode":true,"campfire_choices":[{"floor":13.0,"key":"REST"},{"floor":15.0,"key":"REST"},{"floor":23.0,"key":"REST"},{"floor":32,"key":"REST"}],"circlet_count":0,"master_deck":["Strike_G","Strike_G","Defend_G","Defend_G","Defend_G","Defend_G","Defend_G","Survivor","Neutralize","Infinite Blades","Backstab","Poisoned Stab","Blade Dance","Dagger Spray","Deadly Poison","Catalyst","Poisoned Stab","Deadly Poison","Deadly Poison","Envenom","Deadly Poison+1","Poisoned Stab","Shame","Poisoned Stab","Prepared+1"],"relics":["Ring of the Snake","NeowsBlessing","Dream Catcher","Boot","MawBank","Meat on the Bone","SlaversCollar","Kunai","Blood Vial","TwistedFunnel","InkBottle","MealTicket","Blue Candle","Pantograph","Philosopher\u0027s Stone"],"acts_visited":["Exordium","TheCity","TheBeyond"],"potions_floor_usage":[31,33,36],"damage_taken":[{"damage":0.0,"enemies":"2 Louse","floor":1.0,"turns":1.0},{"damage":4.0,"enemies":"3 Sentries","floor":6.0,"turns":2.0},{"damage":0.0,"enemies":"Small Slimes","floor":7.0,"turns":1.0},{"damage":10.0,"enemies":"Jaw Worm","floor":8.0,"turns":4.0},{"damage":27.0,"enemies":"Gremlin Nob","floor":10.0,"turns":4.0},{"damage":3.0,"enemies":"Looter","floor":12.0,"turns":2.0},{"damage":7.0,"enemies":"Exordium Thugs","floor":14.0,"turns":4.0},{"damage":59.0,"enemies":"Slime Boss","floor":16.0,"turns":14.0},{"damage":22.0,"enemies":"Spheric Guardian","floor":18.0,"turns":4.0},{"damage":24.0,"enemies":"2 Thieves","floor":21.0,"turns":3.0},{"damage":46.0,"enemies":"Book of Stabbing","floor":24.0,"turns":5.0},{"damage":36.0,"enemies":"Slavers","floor":27.0,"turns":4.0},{"damage":15.0,"enemies":"Snake Plant","floor":29.0,"turns":4.0},{"damage":7,"enemies":"Cultist and Chosen","floor":31,"turns":4},{"damage":65,"enemies":"Champ","floor":33,"turns":10},{"damage":8,"enemies":"3 Shapes","floor":35,"turns":3},{"damage":71,"enemies":"2 Orb Walkers","floor":36,"turns":4}],"seed_played":"-5220245510381521825","potions_obtained":[{"floor":1.0,"key":"Regen Potion"},{"floor":6.0,"key":"CultistPotion"},{"floor":12.0,"key":"PowerPotion"},{"floor":21.0,"key":"PowerPotion"},{"floor":27.0,"key":"GhostInAJar"},{"floor":29.0,"key":"SteroidPotion"},{"floor":31,"key":"Swift Potion"},{"floor":33,"key":"Block Potion"}],"is_trial":false,"path_per_floor":["M","$","?","?","?","E","M","M","T","E","?","M","R","M","R","B",null,"M","?","$","M","$","R","E","$","T","E","?","M","?","M","R","B",null,"M","?"],"character_chosen":"THE_SILENT","items_purchased":["Kunai","Blood Vial","TwistedFunnel"],"campfire_rested":4,"item_purchase_floors":[20,20,20],"current_hp_per_floor":[63,63,56,56,56,52,52,42,42,15,4,13,34,39,60,13,56,46,46,46,36,36,57,37,37,37,15,15,14,14,21,42,16,57,51,0,0],"gold":148,"neow_bonus":"THREE_ENEMY_KILL","is_daily":false,"chose_seed":false,"campfire_upgraded":0,"win_rate":0.0,"timestamp":1610168099,"path_taken":["M","$","?","?","?","E","M","M","T","E","?","?","R","M","R","BOSS","M","?","$","M","?","R","E","$","T","E","?","?","?","M","R","BOSS","M","?"],"items_purchased_type":["Relic","Relic","Relic"],"build_version":"2020-12-22","purchased_purges":1,"victory":false,"max_hp_per_floor":[70,70,70,70,70,70,70,70,70,70,70,70,70,70,70,70,70,70,70,70,70,70,70,70,70,70,70,70,70,70,70,70,70,70,70,70,70],"card_choices":[{"not_picked":["Catalyst","Riddle With Holes"],"picked":"Infinite Blades","floor":1.0},{"not_picked":["Acrobatics","All Out Attack"],"picked":"Backstab","floor":6.0},{"not_picked":["Quick Slash","Backflip"],"picked":"Poisoned Stab","floor":7.0},{"not_picked":["Flying Knee","Sucker Punch"],"picked":"Blade Dance","floor":8.0},{"not_picked":["Storm of Steel","Quick Slash"],"picked":"Dagger Spray","floor":10.0},{"not_picked":["Backflip","Slice"],"picked":"Deadly Poison","floor":12.0},{"not_picked":["Flying Knee","Bane"],"picked":"Catalyst","floor":13.0},{"not_picked":["Underhanded Strike","Expertise","Bane"],"picked":"SKIP","floor":14.0},{"not_picked":["Slice","Adrenaline"],"picked":"Poisoned Stab","floor":15.0},{"not_picked":["Flying Knee","Cloak And Dagger"],"picked":"Deadly Poison","floor":18.0},{"not_picked":["Dagger Spray","Flying Knee"],"picked":"Deadly Poison","floor":21.0},{"not_picked":["Slice+1","Reflex"],"picked":"Envenom","floor":24.0},{"not_picked":["Endless Agony","Flying Knee+1"],"picked":"Deadly Poison+1","floor":27.0},{"not_picked":["Skewer","Acrobatics+1"],"picked":"Poisoned Stab","floor":29.0},{"not_picked":["Dagger Spray","Flechettes","Deadly Poison"],"picked":"SKIP","floor":31},{"not_picked":["Corpse Explosion","Outmaneuver+1"],"picked":"Poisoned Stab","floor":32},{"not_picked":["Flying Knee","All Out Attack+1"],"picked":"Prepared+1","floor":35}],"player_experience":400101,"relics_obtained":[{"floor":6.0,"key":"Boot"},{"floor":9.0,"key":"MawBank"},{"floor":10.0,"key":"Meat on the Bone"},{"floor":24.0,"key":"InkBottle"},{"floor":26.0,"key":"MealTicket"},{"floor":27.0,"key":"Blue Candle"}],"event_choices":[{"cards_removed":["Strike_G"],"damage_healed":0.0,"max_hp_gain":0.0,"max_hp_loss":0.0,"gold_gain":0.0,"event_name":"Golden Wing","player_choice":"Card Removal","floor":3.0,"gold_loss":0.0,"damage_taken":7.0},{"cards_removed":["Strike_G"],"damage_healed":0.0,"max_hp_gain":0.0,"max_hp_loss":0.0,"gold_gain":0.0,"event_name":"The Cleric","player_choice":"Card Removal","floor":4.0,"gold_loss":50.0,"damage_taken":0.0},{"damage_healed":0.0,"max_hp_gain":0.0,"max_hp_loss":0.0,"gold_gain":0.0,"event_name":"Big Fish","player_choice":"Box","floor":5.0,"gold_loss":0.0,"damage_taken":0.0,"relics_obtained":["Dream Catcher"],"cards_obtained":["Regret"]},{"damage_healed":0.0,"max_hp_gain":0.0,"max_hp_loss":0.0,"gold_gain":75.0,"event_name":"World of Goop","player_choice":"Gather Gold","floor":11.0,"gold_loss":0.0,"damage_taken":11.0},{"damage_healed":0.0,"max_hp_gain":0.0,"max_hp_loss":0.0,"gold_gain":99.0,"event_name":"Nest","player_choice":"Stole From Cult","floor":19.0,"gold_loss":0.0,"damage_taken":0.0},{"cards_removed":["Strike_G"],"damage_healed":0.0,"max_hp_gain":0.0,"max_hp_loss":0.0,"gold_gain":0.0,"event_name":"Beggar","player_choice":"Gave Gold","floor":28.0,"gold_loss":75.0,"damage_taken":0.0},{"damage_healed":0.0,"max_hp_gain":0.0,"max_hp_loss":0.0,"gold_gain":0.0,"event_name":"Addict","player_choice":"Stole Relic","floor":30.0,"gold_loss":0.0,"damage_taken":0.0,"relics_obtained":["Pantograph"],"cards_obtained":["Shame"]},{"damage_healed":0,"gold_gain":0,"player_choice":"Fight","damage_taken":0,"max_hp_gain":0,"max_hp_loss":0,"event_name":"Mysterious Sphere","floor":36,"gold_loss":0}],"is_beta":false,"boss_relics":[{"not_picked":["Astrolabe","Pandora\u0027s Box"],"picked":"SlaversCollar"},{"not_picked":["Sozu","Runic Dome"],"picked":"Philosopher\u0027s Stone"}],"items_purged_floors":[20],"is_endless":false,"potions_floor_spawned":[1,6,12,21,27,29,31,33],"killed_by":"2 Orb Walkers","ascension_level":8}}