{"host":"aaqofma31c3gm2hj","time":1610163520,"event":{"mods":["BaseMod","Minty Spire (QoL Compilation)","Replay The Spire","Spicy Shops","StSLib"],"gold_per_floor":[111,129,13,26,42,42,73,73,73,73,85,85,85,85,85,157,157,157,157],"floor_reached":18,"playtime":330,"items_purged":["Defend_P"],"score":370,"play_id":"e9d7e523-0be9-4d32-9870-b6e7ea4593ca","local_time":"20210109113840","is_ascension_mode":true,"campfire_choices":[{"data":"Omniscience","floor":6.0,"key":"SMITH"},{"data":"Ragnarok","floor":10.0,"key":"SMITH"}],"circlet_count":0,"master_deck":["AscendersBane","Strike_P","Strike_P+1","Strike_P","Eruption+1","Vigilance","Tantrum","Ragnarok+1","Omniscience+1","TalkToTheHand","Prostrate","LessonLearned"],"relics":["Calling Bell","ReplayTheSpireMod:Lightbulb","Mercury Hourglass","Replay:PocketPolymizer","Bottled Flame","Black Star"],"acts_visited":["Exordium","TheCity"],"potions_floor_usage":[16],"damage_taken":[{"damage":4.0,"enemies":"Jaw Worm","floor":1.0,"turns":4.0},{"damage":5.0,"enemies":"2 Louse","floor":2.0,"turns":2.0},{"damage":7.0,"enemies":"Small Slimes","floor":4.0,"turns":3.0},{"damage":3.0,"enemies":"Blue Slaver","floor":5.0,"turns":3.0},{"damage":0.0,"enemies":"Lagavulin","floor":7.0,"turns":3.0},{"damage":11.0,"enemies":"Looter","floor":11.0,"turns":2.0},{"damage":2,"enemies":"Hexaghost","floor":16,"turns":6},{"damage":0,"enemies":"Shell Parasite","floor":18,"turns":1}],"seed_played":"1109137306655984612","potions_obtained":[{"floor":1.0,"key":"Dexterity Potion"},{"floor":4.0,"key":"Dexterity Potion"},{"floor":5.0,"key":"Languid Potion"},{"floor":7.0,"key":"Elixir"}],"is_trial":false,"path_per_floor":["M","M","$","M","M","R","E","?","T","R","M","?","$","?","R","B",null,"M"],"character_chosen":"WATCHER","items_purchased":["Tantrum"],"campfire_rested":0,"item_purchase_floors":[3],"current_hp_per_floor":[57,52,52,45,42,42,42,35,35,35,24,29,29,7,7,5,56,56,56],"gold":157,"neow_bonus":"BOSS_RELIC","is_daily":false,"chose_seed":false,"campfire_upgraded":2,"win_rate":0.0,"timestamp":1610163520,"path_taken":["M","M","$","M","M","R","E","?","T","R","M","?","?","?","R","BOSS","M"],"items_purchased_type":["Card"],"build_version":"2020-12-22","purchased_purges":1,"victory":false,"max_hp_per_floor":[68,68,68,68,68,68,68,68,68,68,68,73,73,73,73,73,73,73,73],"card_choices":[{"not_picked":["Crescendo","ClearTheMind","Consecrate"],"picked":"SKIP","floor":1.0},{"not_picked":["Consecrate","Prostrate","LikeWater"],"picked":"SKIP","floor":2.0},{"not_picked":["CrushJoints","PathToVictory","SashWhip"],"picked":"SKIP","floor":4.0},{"not_picked":["BowlingBash","MentalFortress"],"picked":"Ragnarok","floor":5.0},{"not_picked":["WaveOfTheHand","Replay:Battleflow","EmptyFist"],"picked":"SKIP","floor":7.0},{"not_picked":["DeceiveReality","JustLucky","PathToVictory"],"picked":"SKIP","floor":11.0},{"not_picked":["ConjureBlade","Wish"],"picked":"LessonLearned","floor":16}],"player_experience":569994,"relics_obtained":[{"floor":0.0,"key":"ReplayTheSpireMod:Lightbulb"},{"floor":0.0,"key":"Mercury Hourglass"},{"floor":0.0,"key":"Replay:PocketPolymizer"},{"floor":7.0,"key":"Bottled Flame"}],"event_choices":[{"cards_removed":["Defend_P"],"damage_healed":0.0,"max_hp_gain":0.0,"max_hp_loss":0.0,"gold_gain":0.0,"event_name":"Golden Wing","player_choice":"Card Removal","floor":8.0,"gold_loss":0.0,"damage_taken":7.0},{"damage_healed":0.0,"max_hp_gain":5.0,"max_hp_loss":0.0,"gold_gain":0.0,"event_name":"Big Fish","player_choice":"Donut","floor":12.0,"gold_loss":0.0,"damage_taken":0.0},{"damage_healed":0.0,"max_hp_gain":0.0,"max_hp_loss":0.0,"gold_gain":0.0,"event_name":"Shining Light","player_choice":"Entered Light","floor":14.0,"gold_loss":0.0,"damage_taken":22.0,"cards_upgraded":["Strike_P","Eruption"]},{"damage_healed":0,"gold_gain":0,"player_choice":"Ignored","damage_taken":0,"max_hp_gain":0,"max_hp_loss":0,"event_name":"Liars Game","floor":15,"gold_loss":0}],"is_beta":false,"boss_relics":[{"not_picked":["SlaversCollar","Velvet Choker"],"picked":"Black Star"}],"items_purged_floors":[3],"is_endless":false,"potions_floor_spawned":[1,4,5,7],"killed_by":"Shell Parasite","ascension_level":20}}