{"host":"i0avyit1s6jb1siw","time":1610188479,"event":{"mods":["BaseMod","DeckTracker","Dota2Spire","Highlight Path","Minty Spire (QoL Compilation)","Quick Restart","StSLib","SuperFastMode"],"gold_per_floor":[116,116,116,139,55,96,121,154,154,79,129,153,153,174,174,174,174],"floor_reached":16,"playtime":256,"items_purged":["Strike_G"],"score":270,"play_id":"f1ffa9a0-ac1e-40bd-8be7-00e10df7da77","local_time":"20210109113439","is_ascension_mode":true,"campfire_choices":[{"data":"Corpse Explosion","floor":13,"key":"SMITH"},{"data":"Deadly Poison","floor":15,"key":"SMITH"}],"circlet_count":0,"master_deck":["AscendersBane","Strike_G","Strike_G","Strike_G","Strike_G","Defend_G","Defend_G","Defend_G","Defend_G","Defend_G","Survivor","Neutralize","Deadly Poison+1","Corpse Explosion+1","Bane","Dash"],"relics":["Ring of the Snake","NeowsBlessing","Golden Idol","Dota2Spire:ShadowBlade","Kunai","Mummified Hand"],"acts_visited":["Exordium"],"potions_floor_usage":[14,16],"damage_taken":[{"damage":0,"enemies":"Small Slimes","floor":1,"turns":1},{"damage":0,"enemies":"Jaw Worm","floor":4,"turns":1},{"damage":0,"enemies":"Lagavulin","floor":6,"turns":1},{"damage":1,"enemies":"2 Louse","floor":7,"turns":2},{"damage":27,"enemies":"3 Sentries","floor":8,"turns":4},{"damage":0,"enemies":"Lots of Slimes","floor":12,"turns":1},{"damage":15,"enemies":"Exordium Thugs","floor":14,"turns":4},{"damage":18,"enemies":"Hexaghost","floor":16,"turns":9}],"seed_played":"4582547303891246823","potions_obtained":[{"floor":7,"key":"SpeedPotion"},{"floor":14,"key":"BlessingOfTheForge"}],"is_trial":false,"path_per_floor":["M","?","?","M","$","E","M","E","T","$","?","M","R","M","R","B"],"character_chosen":"THE_SILENT","items_purchased":["Corpse Explosion"],"campfire_rested":0,"item_purchase_floors":[5],"current_hp_per_floor":[59,64,64,64,64,64,63,36,36,36,30,30,30,15,15,0,0],"gold":174,"neow_bonus":"THREE_ENEMY_KILL","is_daily":false,"chose_seed":false,"campfire_upgraded":2,"win_rate":0.0,"timestamp":1610188479,"path_taken":["M","?","?","M","?","E","M","E","T","$","?","?","R","M","R","BOSS"],"items_purchased_type":["Card"],"build_version":"2020-12-22","purchased_purges":1,"victory":false,"max_hp_per_floor":[66,71,64,64,64,64,64,64,64,64,64,64,64,64,64,64,64],"card_choices":[{"not_picked":["Prepared","Riddle With Holes","Slice"],"picked":"SKIP","floor":1},{"not_picked":["Outmaneuver","Backflip"],"picked":"Deadly Poison","floor":4},{"not_picked":["Finisher","Tactician","Quick Slash"],"picked":"SKIP","floor":6},{"not_picked":["Setup","Backflip"],"picked":"Bane","floor":7},{"not_picked":["Acrobatics","Prepared","Well Laid Plans"],"picked":"SKIP","floor":8},{"not_picked":["Poisoned Stab","Flechettes","Eviscerate"],"picked":"SKIP","floor":12},{"not_picked":["PiercingWail","Well Laid Plans"],"picked":"Dash","floor":14}],"player_experience":2193215,"relics_obtained":[{"floor":6,"key":"Dota2Spire:ShadowBlade"},{"floor":8,"key":"Kunai"},{"floor":9,"key":"Mummified Hand"}],"event_choices":[{"damage_healed":0,"gold_gain":0,"player_choice":"Donut","damage_taken":0,"max_hp_gain":5,"max_hp_loss":0,"event_name":"Big Fish","floor":2,"gold_loss":0},{"damage_healed":0,"gold_gain":0,"player_choice":"Lose Max HP","damage_taken":0,"relics_obtained":["Golden Idol"],"max_hp_gain":0,"max_hp_loss":7,"event_name":"Golden Idol","floor":3,"gold_loss":0},{"damage_healed":0,"gold_gain":50,"player_choice":"Touch","damage_taken":6,"max_hp_gain":0,"max_hp_loss":0,"event_name":"FaceTrader","floor":11,"gold_loss":0}],"is_beta":false,"boss_relics":[],"items_purged_floors":[10],"is_endless":false,"potions_floor_spawned":[7,14],"killed_by":"Hexaghost","ascension_level":20}}