{"host":"b995t17pt6d05w8c","time":1610218179,"event":{"mods":["AchievementEnabler","BaseMod","Colored Map","Minty Spire (QoL Compilation)","SuperFastMode"],"gold_per_floor":[116,129,145,156,138,138,167,167,167,180,52,72,72,86,86,189,189,179,359,376,130,130,130,130,130],"floor_reached":24,"playtime":585,"items_purged":["Strike_B","Strike_B"],"score":300,"play_id":"f5777c41-9557-4a71-b07d-cdb3d71ae0d4","local_time":"20210110034939","is_ascension_mode":true,"campfire_choices":[{"data":"Rainbow","floor":6.0,"key":"SMITH"},{"floor":8.0,"key":"REST"},{"data":"Zap","floor":13.0,"key":"SMITH"},{"data":"Capacitor","floor":15.0,"key":"SMITH"},{"floor":23.0,"key":"REST"}],"circlet_count":0,"master_deck":["AscendersBane","Strike_B+1","Strike_B+1","Defend_B+1","Defend_B+1","Defend_B+1","Defend_B+1","Zap+1","Dualcast","Cold Snap","Genetic Algorithm","Rainbow+1","Rebound","Ball Lightning","Conserve Battery","Capacitor+1","BootSequence","Creative AI","White Noise","Coolheaded"],"relics":["Cracked Core","Smiling Mask","Emotion Chip","Sozu","Lantern"],"acts_visited":["Exordium","TheCity"],"potions_floor_usage":[24],"damage_taken":[{"damage":1.0,"enemies":"Cultist","floor":1.0,"turns":3.0},{"damage":3.0,"enemies":"2 Louse","floor":2.0,"turns":3.0},{"damage":0.0,"enemies":"Small Slimes","floor":3.0,"turns":3.0},{"damage":4.0,"enemies":"2 Fungi Beasts","floor":4.0,"turns":4.0},{"damage":14.0,"enemies":"Exordium Thugs","floor":5.0,"turns":4.0},{"damage":28.0,"enemies":"3 Sentries","floor":7.0,"turns":7.0},{"damage":4.0,"enemies":"Blue Slaver","floor":10.0,"turns":3.0},{"damage":0.0,"enemies":"Large Slime","floor":12.0,"turns":5.0},{"damage":0.0,"enemies":"Looter","floor":14.0,"turns":3.0},{"damage":17.0,"enemies":"Slime Boss","floor":16.0,"turns":7.0},{"damage":15.0,"enemies":"2 Thieves","floor":18.0,"turns":4.0},{"damage":25.0,"enemies":"Chosen","floor":20.0,"turns":6.0},{"damage":45,"enemies":"Gremlin Leader","floor":24,"turns":6}],"seed_played":"-4638419778595173020","potions_obtained":[{"floor":4.0,"key":"Dexterity Potion"},{"floor":10.0,"key":"Weak Potion"},{"floor":12.0,"key":"Dexterity Potion"},{"floor":14.0,"key":"FocusPotion"},{"floor":16.0,"key":"Explosive Potion"}],"is_trial":false,"path_per_floor":["M","M","M","M","M","R","E","R","T","M","$","M","R","M","R","B",null,"M","?","M","$","?","R","E"],"character_chosen":"DEFECT","items_purchased":["Capacitor","Lantern","Coolheaded"],"campfire_rested":2,"item_purchase_floors":[11,21,21],"current_hp_per_floor":[63,60,60,56,42,42,14,40,40,36,36,36,36,36,36,19,72,57,38,13,13,13,39,0,0],"gold":130,"neow_bonus":"TWENTY_PERCENT_HP_BONUS","is_daily":false,"chose_seed":false,"campfire_upgraded":3,"win_rate":0.0,"timestamp":1610218179,"path_taken":["M","M","?","M","M","R","E","R","T","M","$","M","R","?","R","BOSS","M","?","?","$","?","R","E"],"items_purchased_type":["Card","Relic","Card"],"build_version":"2020-12-22","purchased_purges":2,"victory":false,"max_hp_per_floor":[89,89,89,89,89,89,89,89,89,89,89,89,89,89,89,89,89,89,89,89,89,89,89,89,89],"card_choices":[{"not_picked":["Sweeping Beam","Steam","Fusion"],"picked":"SKIP","floor":1.0},{"not_picked":["White Noise","Streamline"],"picked":"Cold Snap","floor":2.0},{"not_picked":["Reprogram","Stack"],"picked":"Genetic Algorithm","floor":3.0},{"not_picked":["Leap","Streamline"],"picked":"Rainbow","floor":4.0},{"not_picked":["Sweeping Beam","Double Energy"],"picked":"Rebound","floor":5.0},{"not_picked":["Stack","Hologram"],"picked":"Ball Lightning","floor":7.0},{"not_picked":["Rip and Tear","Streamline"],"picked":"Conserve Battery","floor":10.0},{"not_picked":["Doom and Gloom","Conserve Battery"],"picked":"BootSequence","floor":12.0},{"not_picked":["BootSequence","Ball Lightning","Steam"],"picked":"SKIP","floor":14.0},{"not_picked":["Fission","Buffer"],"picked":"Creative AI","floor":16.0},{"not_picked":["Leap","Rip and Tear","Streamline+1"],"picked":"SKIP","floor":18.0},{"not_picked":["Ball Lightning","Steam+1"],"picked":"White Noise","floor":20.0}],"player_experience":80408,"relics_obtained":[{"floor":7.0,"key":"Smiling Mask"},{"floor":9.0,"key":"Emotion Chip"}],"event_choices":[{"damage_healed":0.0,"max_hp_gain":0.0,"max_hp_loss":0.0,"gold_gain":180.0,"event_name":"Knowing Skull","player_choice":"GOLD GOLD ","floor":19.0,"potions_obtained":[],"gold_loss":0.0,"damage_taken":19.0,"cards_obtained":[]},{"damage_healed":0.0,"max_hp_gain":0.0,"max_hp_loss":0.0,"gold_gain":0.0,"event_name":"Back to Basics","player_choice":"Simplicity","floor":22.0,"gold_loss":0.0,"damage_taken":0.0,"cards_upgraded":["Strike_B","Strike_B","Defend_B","Defend_B","Defend_B","Defend_B"]}],"is_beta":false,"boss_relics":[{"not_picked":["Cursed Key","FrozenCore"],"picked":"Sozu"}],"items_purged_floors":[11,21],"is_endless":false,"potions_floor_spawned":[4,10,12,14,16],"killed_by":"Gremlin Leader","ascension_level":10}}