{"host":"uonldg9uriwfhjjx","time":1610167494,"event":{"mods":["AchievementEnabler","BaseMod","Minty Spire (QoL Compilation)","Relic Stats"],"gold_per_floor":[116,38,38,38,53,53,67,94,118,68,82,109,123,156,156,229,229,247,103,115,115,25,50,50,75,75,75,75,75,75,75,75,150,150,169,169,26,45,45,75,103,121,121,141,182,182,216,216,216,216,216],"floor_reached":50,"playtime":1498,"items_purged":[],"score":1340,"play_id":"e0351e07-94e2-4f0d-a55b-d9cb0cac6a7d","local_time":"20210108234454","is_ascension_mode":true,"campfire_choices":[{"data":"Darkness","floor":6,"key":"SMITH"},{"data":"Defragment","floor":15,"key":"SMITH"},{"data":"Zap","floor":24,"key":"SMITH"},{"data":"Amplify","floor":29,"key":"SMITH"},{"data":"Creative AI","floor":32,"key":"SMITH"},{"data":"Loop","floor":46,"key":"SMITH"},{"data":"Loop","floor":49,"key":"SMITH"}],"circlet_count":0,"master_deck":["AscendersBane","Zap+1","Defragment+1","Storm","Storm","Hello World","Force Field","Leap","Self Repair","Darkness+1","Loop+1","Glacier","Defragment+1","Genetic Algorithm+1","Creative AI+1","Amplify+1","Darkness","Loop+1","Echo Form","Defragment+1","Defragment+1","Self Repair","Force Field","Loop+1"],"relics":["Pandora\u0027s Box","Bag of Marbles","Strawberry","FossilizedHelix","Pantograph","Nuclear Battery","Juzu Bracelet","Incense Burner","Torii","Ancient Tea Set","InkBottle","Enchiridion","Black Star","DollysMirror","Smiling Mask","CeramicFish","StrikeDummy","Blue Candle","Mango","Regal Pillow","Ginger"],"acts_visited":["Exordium","TheCity","TheBeyond"],"potions_floor_usage":[50],"damage_taken":[{"damage":6,"enemies":"Small Slimes","floor":1,"turns":3},{"damage":1,"enemies":"Cultist","floor":5,"turns":4},{"damage":13,"enemies":"2 Louse","floor":7,"turns":3},{"damage":18,"enemies":"Gremlin Nob","floor":8,"turns":3},{"damage":12,"enemies":"Exordium Wildlife","floor":11,"turns":3},{"damage":26,"enemies":"Lagavulin","floor":12,"turns":4},{"damage":0,"enemies":"3 Louse","floor":13,"turns":5},{"damage":0,"enemies":"Gremlin Nob","floor":14,"turns":4},{"damage":0,"enemies":"The Guardian","floor":16,"turns":7},{"damage":0,"enemies":"Spheric Guardian","floor":18,"turns":3},{"damage":7,"enemies":"Shell Parasite","floor":20,"turns":5},{"damage":12,"enemies":"Book of Stabbing","floor":23,"turns":5},{"damage":34,"enemies":"Slavers","floor":25,"turns":5},{"damage":0,"enemies":"Collector","floor":33,"turns":4},{"damage":0,"enemies":"3 Darklings","floor":35,"turns":4},{"damage":0,"enemies":"Orb Walker","floor":38,"turns":3},{"damage":0,"enemies":"Giant Head","floor":40,"turns":4},{"damage":10,"enemies":"4 Shapes","floor":41,"turns":4},{"damage":0,"enemies":"Maw","floor":42,"turns":4},{"damage":0,"enemies":"Writhing Mass","floor":44,"turns":4},{"damage":0,"enemies":"Reptomancer","floor":45,"turns":4},{"damage":1,"enemies":"Giant Head","floor":47,"turns":5},{"damage":115,"enemies":"Awakened One","floor":50,"turns":7}],"seed_played":"997913309674901525","potions_obtained":[{"floor":7,"key":"Strength Potion"},{"floor":11,"key":"Fire Potion"}],"is_trial":false,"path_per_floor":["M","$","?","$","M","R","M","E","T","?","M","E","M","E","R","B",null,"M","$","M","?","?","E","R","E","T","?","?","R","?","?","R","B",null,"M","?","$","M","?","E","M","M","T","M","E","R","E","?","R","B"],"character_chosen":"DEFECT","items_purchased":["Self Repair","Juzu Bracelet","DollysMirror"],"campfire_rested":0,"item_purchase_floors":[2,19,37],"current_hp_per_floor":[58,58,58,58,64,64,58,47,54,54,49,30,37,44,44,76,78,78,78,78,78,78,73,73,46,46,46,30,30,30,30,30,62,74,74,74,74,74,74,78,78,78,78,78,92,92,92,92,92,0,0],"gold":216,"neow_bonus":"BOSS_RELIC","is_daily":false,"chose_seed":false,"campfire_upgraded":7,"win_rate":0.0,"timestamp":1610167494,"path_taken":["M","$","?","?","M","R","M","E","T","?","M","E","?","E","R","BOSS","M","$","M","?","?","E","R","E","T","?","?","R","?","?","R","BOSS","M","?","$","M","?","E","M","M","T","M","E","R","E","?","R","BOSS"],"items_purchased_type":["Card","Relic","Relic"],"build_version":"2020-12-22","purchased_purges":0,"victory":false,"max_hp_per_floor":[71,71,71,71,71,71,71,71,78,78,78,78,78,78,78,78,78,78,78,78,78,78,78,78,78,78,78,78,78,78,78,78,78,78,78,78,78,78,78,78,78,78,78,78,92,92,92,92,92,92,92],"relic_stats":{"Regal Pillow":0,"Torii":4,"counters":[23,95],"CeramicFish":27,"Blue Candle":[0],"Juzu Bracelet":2,"Ginger":[0],"Smiling Mask":0,"Pantograph":50,"Pandora\u0027s Box":["Defragment","Steam","All For One","Storm","Storm","Hello World","Reprogram","Force Field"],"Black Star":3,"obtain_stats":[{"Regal Pillow":47,"Torii":23,"CeramicFish":40,"Blue Candle":45,"Enchiridion":28,"Mango":45,"Juzu Bracelet":19,"Incense Burner":21,"Ginger":47,"Ancient Tea Set":25,"Smiling Mask":40,"Nuclear Battery":17,"DollysMirror":37,"Strawberry":9,"Pantograph":14,"Pandora\u0027s Box":0,"Bag of Marbles":8,"Black Star":34,"Cracked Core":0,"StrikeDummy":43,"FossilizedHelix":12,"InkBottle":26},{"Regal Pillow":22,"Torii":12,"CeramicFish":17,"Blue Candle":21,"Enchiridion":13,"Mango":21,"Juzu Bracelet":10,"Incense Burner":11,"Ginger":22,"Ancient Tea Set":13,"Smiling Mask":17,"Nuclear Battery":9,"DollysMirror":15,"Strawberry":4,"Pantograph":8,"Pandora\u0027s Box":0,"Bag of Marbles":4,"Black Star":14,"Cracked Core":0,"StrikeDummy":19,"FossilizedHelix":6,"InkBottle":13},{"Regal Pillow":88,"Torii":49,"CeramicFish":68,"Blue Candle":83,"Enchiridion":54,"Mango":83,"Juzu Bracelet":39,"Incense Burner":44,"Ginger":88,"Ancient Tea Set":54,"Smiling Mask":68,"Nuclear Battery":36,"DollysMirror":62,"Strawberry":13,"Pantograph":29,"Pandora\u0027s Box":0,"Bag of Marbles":13,"Black Star":58,"Cracked Core":0,"StrikeDummy":76,"FossilizedHelix":20,"InkBottle":54}],"InkBottle":[20]},"card_choices":[{"not_picked":["Doom and Gloom","Undo"],"picked":"Leap","floor":1},{"not_picked":["Melter","Steam"],"picked":"Darkness","floor":5},{"not_picked":["Go for the Eyes","Sweeping Beam","Doom and Gloom"],"picked":"SKIP","floor":7},{"not_picked":["Blizzard","Ball Lightning"],"picked":"Loop","floor":8},{"not_picked":["Turbo","Gash","Sunder"],"picked":"SKIP","floor":11},{"not_picked":["Steam","Cold Snap"],"picked":"Glacier","floor":12},{"not_picked":["Compile Driver","Ball Lightning"],"picked":"Defragment","floor":13},{"not_picked":["Turbo","Undo"],"picked":"Genetic Algorithm","floor":14},{"not_picked":["Hyperbeam","Reboot"],"picked":"Creative AI","floor":16},{"not_picked":["Turbo","Barrage","Glacier"],"picked":"SKIP","floor":18},{"not_picked":["Stack","Compile Driver","Cold Snap"],"picked":"SKIP","floor":20},{"not_picked":["Cold Snap","Scrape","Sweeping Beam"],"picked":"SKIP","floor":23},{"not_picked":["Turbo","Compile Driver","Darkness"],"picked":"SKIP","floor":25},{"not_picked":["Creative AI","Core Surge"],"picked":"Echo Form","floor":33},{"not_picked":["Stack","Leap+1"],"picked":"Defragment+1","floor":35},{"not_picked":["Undo","Leap","Steam+1"],"picked":"SKIP","floor":38},{"not_picked":["Hologram","Scrape+1","Conserve Battery"],"picked":"SKIP","floor":40},{"not_picked":["Rebound","Barrage"],"picked":"Self Repair","floor":41},{"not_picked":["Undo","Barrage","Turbo"],"picked":"SKIP","floor":42},{"not_picked":["Aggregate+1","Storm"],"picked":"Force Field","floor":44},{"not_picked":["Echo Form","Chaos"],"picked":"Loop","floor":45},{"not_picked":["Beam Cell+1","Meteor Strike","Barrage"],"picked":"SKIP","floor":47}],"player_experience":746723,"relics_obtained":[{"floor":8,"key":"Bag of Marbles"},{"floor":9,"key":"Strawberry"},{"floor":12,"key":"FossilizedHelix"},{"floor":14,"key":"Pantograph"},{"floor":23,"key":"Torii"},{"floor":25,"key":"Ancient Tea Set"},{"floor":26,"key":"InkBottle"},{"floor":28,"key":"Enchiridion"},{"floor":40,"key":"Smiling Mask"},{"floor":40,"key":"CeramicFish"},{"floor":43,"key":"StrikeDummy"},{"floor":45,"key":"Blue Candle"},{"floor":45,"key":"Mango"},{"floor":47,"key":"Regal Pillow"},{"floor":47,"key":"Ginger"}],"event_choices":[{"damage_healed":0,"gold_gain":0,"player_choice":"Upgraded","damage_taken":0,"max_hp_gain":0,"max_hp_loss":0,"event_name":"Upgrade Shrine","floor":3,"gold_loss":0,"cards_upgraded":["Defragment"]},{"cards_removed":["Reprogram"],"damage_healed":0,"gold_gain":0,"player_choice":"Card Removal","damage_taken":0,"max_hp_gain":0,"max_hp_loss":0,"event_name":"The Cleric","floor":10,"gold_loss":50},{"damage_healed":0,"gold_gain":0,"player_choice":"Opened","damage_taken":0,"relics_obtained":["Incense Burner"],"max_hp_gain":0,"max_hp_loss":0,"event_name":"The Mausoleum","floor":21,"gold_loss":0,"cards_obtained":["Writhe"]},{"cards_removed":["Writhe"],"damage_healed":0,"gold_gain":0,"player_choice":"Upgrade and Remove","damage_taken":0,"max_hp_gain":0,"max_hp_loss":0,"event_name":"Designer","floor":22,"gold_loss":90,"cards_upgraded":["Genetic Algorithm"]},{"damage_healed":0,"gold_gain":0,"cards_transformed":["All For One","Steam"],"player_choice":"Became Test Subject","damage_taken":0,"max_hp_gain":0,"max_hp_loss":0,"event_name":"Drug Dealer","floor":27,"gold_loss":0,"cards_obtained":["Amplify","Darkness"]},{"damage_healed":0,"gold_gain":0,"player_choice":"Obtained Book","damage_taken":16,"max_hp_gain":0,"max_hp_loss":0,"event_name":"Cursed Tome","floor":28,"gold_loss":0},{"damage_healed":0,"gold_gain":0,"player_choice":"Simplicity","damage_taken":0,"max_hp_gain":0,"max_hp_loss":0,"event_name":"Back to Basics","floor":30,"gold_loss":0,"cards_upgraded":[]},{"damage_healed":0,"gold_gain":0,"player_choice":"Read","damage_taken":0,"max_hp_gain":0,"max_hp_loss":0,"event_name":"The Library","floor":31,"gold_loss":0,"cards_obtained":["Loop"]},{"cards_removed":["Dualcast"],"damage_healed":0,"gold_gain":0,"player_choice":"Removed Skill","damage_taken":0,"max_hp_gain":0,"max_hp_loss":0,"event_name":"Falling","floor":36,"gold_loss":0},{"damage_healed":0,"gold_gain":0,"player_choice":"Ignored","damage_taken":0,"max_hp_gain":0,"max_hp_loss":0,"event_name":"SecretPortal","floor":39,"gold_loss":0},{"damage_healed":0,"gold_gain":0,"player_choice":"Forge","damage_taken":0,"max_hp_gain":0,"max_hp_loss":0,"event_name":"Accursed Blacksmith","floor":48,"gold_loss":0,"cards_upgraded":["Loop"]}],"is_beta":false,"boss_relics":[{"not_picked":["Tiny House","Runic Pyramid"],"picked":"Nuclear Battery"},{"not_picked":["Empty Cage","Runic Dome"],"picked":"Black Star"}],"items_purged_floors":[],"is_endless":false,"potions_floor_spawned":[7,11,12,16,18,33,35,41,45,47],"killed_by":"Awakened One","ascension_level":14}}