{"host":"l84l8xigz5v5foa2","time":1610197296,"event":{"mods":["2.2 Compatiblity","AchievementEnabler","BaseMod","Better Note","Better Vampires","Card Filter","Colored Map","DeckTracker","Downfall","Gremlin Skip","Highlight Path","Keyboard Shortcuts","Minty Spire (QoL Compilation)","Permanent Neow","Quick Restart","Relic Filter","Relic Stats","StSLib","SuperFastMode","Transform Curses","Unknown Chances"],"gold_per_floor":[99,115,127,127,177,196,196,196,208,233,245,265,13,23,41,115,115,115,134,234,251,136,136,189,223,238,249,249,249,249],"floor_reached":29,"playtime":1220,"items_purged":["Strike_B","Strike_B"],"score":498,"play_id":"6435c49a-01e5-4000-a41f-4aad97d49eaa","local_time":"20210109220136","is_ascension_mode":true,"campfire_choices":[{"data":"Zap","floor":1.0,"key":"SMITH"},{"data":"Echo Form","floor":18.0,"key":"SMITH"},{"data":"Dualcast","floor":23,"key":"SMITH"},{"data":"Skim","floor":28,"key":"SMITH"}],"circlet_count":0,"master_deck":["AscendersBane","Defend_B","Defend_B","Defend_B","Defend_B","Zap+1","Dualcast+1","Sweeping Beam","Rebound","Skim+1","Lockon","Melter+1","Beam Cell+1","Glacier","Scrape+1","Sunder+1","Echo Form+1","Buffer","Compile Driver+1","BootSequence","Turbo","Gash+1"],"relics":["Cracked Core","Akabeko","Molten Egg 2","Runic Capacitor","sneckomod:SneckoTalon","downfall:GremlinWheel","Du-Vu Doll"],"acts_visited":["Exordium","TheCity"],"potions_floor_usage":[21,26,29],"damage_taken":[{"damage":2.0,"enemies":"2 Louse","floor":2.0,"turns":2.0},{"damage":7.0,"enemies":"Jaw Worm","floor":3.0,"turns":3.0},{"damage":0.0,"enemies":"Cultist","floor":6.0,"turns":3.0},{"damage":0.0,"enemies":"2 Fungi Beasts","floor":9.0,"turns":2.0},{"damage":23.0,"enemies":"Lagavulin","floor":10.0,"turns":6.0},{"damage":4.0,"enemies":"Red Slaver","floor":11.0,"turns":2.0},{"damage":11.0,"enemies":"Exordium Thugs","floor":12.0,"turns":2.0},{"damage":0.0,"enemies":"downfall:FleeingMerchant","floor":13.0,"turns":4.0},{"damage":0.0,"enemies":"Lots of Slimes","floor":14.0,"turns":1.0},{"damage":0.0,"enemies":"3 Louse","floor":15.0,"turns":1.0},{"damage":44.0,"enemies":"downfall:Ironclad","floor":16.0,"turns":8.0},{"damage":0.0,"enemies":"Spheric Guardian","floor":19.0,"turns":2.0},{"damage":24.0,"enemies":"Spheric Guardian","floor":20.0,"turns":4.0},{"damage":0,"enemies":"Chosen","floor":21,"turns":4},{"damage":15,"enemies":"downfall:FleeingMerchant","floor":22,"turns":4},{"damage":22,"enemies":"Slavers","floor":25,"turns":5},{"damage":4,"enemies":"Snake Plant","floor":26,"turns":2},{"damage":0,"enemies":"Cultist and Chosen","floor":27,"turns":6},{"damage":55,"enemies":"Book of Stabbing","floor":29,"turns":4}],"seed_played":"-4743777220252532248","potions_obtained":[{"floor":3.0,"key":"sneckomod:MuddlingPotion"},{"floor":9.0,"key":"EssenceOfSteel"},{"floor":12.0,"key":"ColorlessPotion"},{"floor":14.0,"key":"FairyPotion"},{"floor":16.0,"key":"Ancient Potion"},{"floor":19.0,"key":"FearPotion"},{"floor":25,"key":"FearPotion"},{"floor":26,"key":"DistilledChaos"}],"is_trial":false,"path_per_floor":["R","M","M","?","?","M","T","?","M","E","M","M","$","M","M","B",null,"R","M","?","M","$","R","T","E","M","M","R","E"],"character_chosen":"DEFECT","items_purchased":["Runic Capacitor"],"campfire_rested":0,"item_purchase_floors":[13],"current_hp_per_floor":[64,62,55,60,60,60,60,60,60,37,33,22,22,22,22,17,61,61,61,37,37,22,76,76,54,50,50,50,0,0],"gold":249,"neow_bonus":"TRANSFORM_CARD","is_daily":false,"chose_seed":false,"campfire_upgraded":4,"win_rate":0.0,"timestamp":1610197296,"path_taken":["R","M","M","?","?","?","T","?","?","E","M","M","$","M","M","BOSS","R","M","?","M","$","R","T","E","M","?","R","E"],"items_purchased_type":["Relic"],"build_version":"2020-12-22","purchased_purges":2,"victory":false,"max_hp_per_floor":[71,71,71,76,76,76,76,76,76,76,76,76,76,76,76,76,76,76,76,76,76,76,76,76,76,76,76,76,76,76],"relic_stats":{"counters":[19,65],"obtain_stats":[{"Du-Vu Doll":25,"downfall:GremlinWheel":20,"Molten Egg 2":10,"Runic Capacitor":13,"Cracked Core":0,"sneckomod:SneckoTalon":17,"Akabeko":7},{"Du-Vu Doll":16,"downfall:GremlinWheel":13,"Molten Egg 2":5,"Runic Capacitor":8,"Cracked Core":0,"sneckomod:SneckoTalon":11,"Akabeko":3},{"Du-Vu Doll":53,"downfall:GremlinWheel":40,"Molten Egg 2":16,"Runic Capacitor":24,"Cracked Core":0,"sneckomod:SneckoTalon":34,"Akabeko":8}]},"card_choices":[{"not_picked":["Cold Snap","Ball Lightning"],"picked":"Rebound","floor":2.0},{"not_picked":["Go for the Eyes","Sweeping Beam","Cold Snap"],"picked":"SKIP","floor":3.0},{"not_picked":["Meteor Strike","Cold Snap"],"picked":"Skim","floor":6.0},{"not_picked":["Tempest","Barrage"],"picked":"Lockon","floor":9.0},{"not_picked":["Glacier","Steam"],"picked":"Melter+1","floor":10.0},{"not_picked":["Redo","Rebound+1"],"picked":"Beam Cell+1","floor":11.0},{"not_picked":["Sweeping Beam+1","Consume"],"picked":"Glacier","floor":12.0},{"not_picked":["Streamline+1","Capacitor"],"picked":"Scrape+1","floor":13.0},{"not_picked":["Glacier","Cold Snap+1"],"picked":"Sunder+1","floor":14.0},{"not_picked":["Gash+1","Heatsinks"],"picked":"Echo Form","floor":15.0},{"not_picked":["Amplify","Multi-Cast"],"picked":"Buffer","floor":16.0},{"not_picked":["Loop","Recycle"],"picked":"Compile Driver+1","floor":19.0},{"not_picked":["Steam Power","Stack+1"],"picked":"BootSequence","floor":21},{"not_picked":["Loop","Redo","Recycle"],"picked":"SKIP","floor":22},{"not_picked":["Creative AI","Rebound+1","Lockon+1"],"picked":"SKIP","floor":25},{"not_picked":["Coolheaded","Sunder+1"],"picked":"Turbo","floor":26},{"not_picked":["Rebound+1","Redo"],"picked":"Gash+1","floor":27}],"player_experience":3032655,"relics_obtained":[{"floor":7.0,"key":"Akabeko"},{"floor":10.0,"key":"Molten Egg 2"},{"floor":20.0,"key":"downfall:GremlinWheel"},{"floor":25,"key":"Du-Vu Doll"}],"event_choices":[{"damage_healed":0.0,"max_hp_gain":5.0,"max_hp_loss":0.0,"gold_gain":0.0,"event_name":"Big Fish","player_choice":"Donut","floor":4.0,"gold_loss":0.0,"damage_taken":0.0},{"cards_removed":["Strike_B"],"damage_healed":0.0,"max_hp_gain":0.0,"max_hp_loss":0.0,"gold_gain":0.0,"event_name":"Purifier","player_choice":"Purged","floor":8.0,"gold_loss":0.0,"damage_taken":0.0},{"damage_healed":54,"gold_gain":0,"player_choice":"Full Heal","damage_taken":0,"max_hp_gain":0,"max_hp_loss":0,"event_name":"Wheel of Change","floor":23,"gold_loss":0}],"is_beta":false,"boss_relics":[{"not_picked":["SacredBark","Sozu"],"picked":"sneckomod:SneckoTalon"}],"items_purged_floors":[13,22],"is_endless":false,"potions_floor_spawned":[3,9,12,14,16,19,25,26],"killed_by":"Book of Stabbing","ascension_level":20}}