{"host":"3i0tc1zs9k2bo7un","time":1610194370,"event":{"mods":["Act Like it!","Aspiration","BaseMod","Better Synergies","Communication Mod","Gensokyo","Minty Spire (QoL Compilation)","MostiFishMod","Quick Restart","Replay The Spire","StSLib","TestMod","[IsaacMod]ÒÔÈö¼âËþ","vexMod","¡¾ÒÅÎï¿¨ÅÆ¡¿REMEMod"],"gold_per_floor":[117,133,10,10,60,85,318,335,386,718,731,765,765,796,796,870,870,888,511,531,293,308,538,571,132,132,161,188,226,255,255,255,352,352,364,364,364,364,364,364,364,364,364,364,364],"floor_reached":45,"playtime":1637,"items_purged":["Strike_B","Defend_B","Defend_B","Defend_B"],"score":1592,"play_id":"75dd1a40-0f6d-410c-9dbc-14da26e13fa2","local_time":"20210109201250","is_ascension_mode":true,"campfire_choices":[{"data":"Seek","floor":13.0,"key":"SMITH"},{"data":"Defragment","floor":15.0,"key":"SMITH"},{"data":"Turbo","floor":32.0,"key":"SMITH"},{"data":"Creative AI","floor":37.0,"key":"SMITH"},{"data":"Defragment","floor":38.0,"key":"SMITH"},{"data":"Heatsinks","floor":39.0,"key":"SMITH"},{"data":"Skim","floor":40.0,"key":"SMITH"},{"data":"Amplify","floor":41.0,"key":"SMITH"},{"data":"ReplayTheSpireMod:Omega Cannon","floor":42.0,"key":"SMITH"},{"data":"Feed","floor":45,"key":"SMITH"}],"circlet_count":0,"master_deck":["AscendersBane","Defend_B","Zap","Dualcast","ReplayTheSpireMod:Omega Cannon+1","Defragment+1","Defragment+1","Heatsinks+1","Seek+1","Feed+1","Skim+1","Turbo+1","MostiFishMod:ReadyAimFire+1","Amplify+1","Streamline+1","Reboot+1","REME_Shoggoth+1","Electrodynamics+1","Coolheaded+1","Creative AI+1","Defragment+1"],"relics":["Cracked Core","DaveBox","testmod-TestBox","HushsDoor","REME_ComplimentaryCards","D6","testmod-IndustrialRevolution","BionicSphere","NeowsBlessing","SynthV:TestCard","Gensokyo:PortableGap","testmod-HeartOfDaVinci","Replay:Mystery Machine","testmod-D¨¦j¨¤vu","testmod-OneHitWonder","testmod-Justice","Red Skull","Kunai","Potion Belt","Astrolabe","GuppysHead","GuppysCollar","GuppysPaw","Medical Kit","aspiration:Nostalgia","PureWater","testmod-Muramasa","Matryoshka","Art of War","vexMod:PaidLearning","Bag of Preparation","testmod-CyclicPeriapt","testmod-RealStoneCalender","Replay:Bandana","Ancient Tea Set","Singing Bowl","Prayer Wheel","Prayer Wheel"],"acts_visited":["Gensokyo:Gensokyo","Gensokyo:Gensokyoer","Gensokyo:Gensokyoest","TheEnding","TheEnding","TheEnding","TheEnding","TheEnding","TheEnding","TheEnding","TheEnding","TheEnding","TheEnding"],"potions_floor_usage":[],"damage_taken":[{"damage":0.0,"enemies":"Gensokyo:Gryphon","floor":1.0,"turns":1.0},{"damage":0.0,"enemies":"Gensokyo:2_Kodama","floor":2.0,"turns":1.0},{"damage":0.0,"enemies":"Hiden Room Battle","floor":5.0,"turns":2.0},{"damage":4.0,"enemies":"Gensokyo:Aya","floor":6.0,"turns":5.0},{"damage":12.0,"enemies":"Gensokyo:Cirno","floor":7.0,"turns":6.0},{"damage":0.0,"enemies":"Gensokyo:3_Fairies","floor":8.0,"turns":3.0},{"damage":4.0,"enemies":"Gensokyo:Mamizou","floor":10.0,"turns":8.0},{"damage":0.0,"enemies":"Gensokyo:VengefulSpirit","floor":11.0,"turns":3.0},{"damage":0.0,"enemies":"Gensokyo:Aya","floor":12.0,"turns":3.0},{"damage":0.0,"enemies":"Gensokyo:Mamizou","floor":14.0,"turns":3.0},{"damage":0.0,"enemies":"Gensokyo:Kokoro","floor":16.0,"turns":8.0},{"damage":0.0,"enemies":"Gensokyo:2_Gloops","floor":18.0,"turns":1.0},{"damage":0.0,"enemies":"Gensokyo:AngelMirror","floor":20.0,"turns":3.0},{"damage":0.0,"enemies":"Gensokyo:Wraith","floor":22.0,"turns":3.0},{"damage":0.0,"enemies":"Gensokyo:Reisen","floor":23.0,"turns":2.0},{"damage":0.0,"enemies":"Gensokyo:Koishi","floor":24.0,"turns":4.0},{"damage":0.0,"enemies":"Gensokyo:Tenshi","floor":27.0,"turns":2.0},{"damage":0.0,"enemies":"Gensokyo:Reisen","floor":28.0,"turns":1.0},{"damage":0.0,"enemies":"Gensokyo:Tenshi","floor":29.0,"turns":1.0},{"damage":0.0,"enemies":"Gensokyo:Reisen","floor":30.0,"turns":2.0},{"damage":0.0,"enemies":"Gensokyo:Eternal_Rivals","floor":33.0,"turns":3.0},{"damage":0.0,"enemies":"Gensokyo:3_Bats","floor":35.0,"turns":2.0}],"seed_played":"7464413819206413372","potions_obtained":[{"floor":2.0,"key":"Weak Potion"},{"floor":5.0,"key":"Regen Potion"},{"floor":14.0,"key":"Explosive Potion"},{"floor":18.0,"key":"SkillPotion"},{"floor":27.0,"key":"Dexterity Potion"},{"floor":30.0,"key":"Fruit Juice"},{"floor":31.0,"key":"Energy Potion"}],"is_trial":false,"path_per_floor":["M","M","COS","?","?","E","E","M","T","E","M","E","R","E","R","B",null,"M","COS","M","$","M","E","E","$","T","E","E","E","E","?","R","B",null,"M","R","R","R","R","R","R","R","$","R"],"character_chosen":"DEFECT","items_purchased":["GuppysHead","GuppysCollar","GuppysPaw","Electrodynamics","aspiration:Nostalgia","Art of War","vexMod:PaidLearning"],"campfire_rested":0,"item_purchase_floors":[17,17,17,17,21,25,25],"current_hp_per_floor":[64,64,64,61,46,42,30,30,30,26,29,32,32,35,35,35,20,20,20,23,20,23,23,23,23,23,20,17,16,21,21,21,21,21,25,25,25,25,25,25,25,25,16,16,16],"gold":364,"neow_bonus":"THREE_ENEMY_KILL","is_daily":false,"chose_seed":false,"campfire_upgraded":10,"win_rate":0.0,"timestamp":1610194370,"path_taken":["M","M","COS","?","?","E","E","M","T","E","M","E","R","E","R","BOSS","M","COS","M","$","M","E","E","$","T","E","E","E","E","?","R","BOSS","M","R","R","R","R","R","R","R","$","R"],"items_purchased_type":["Relic","Relic","Relic","Card","Relic","Relic","Relic"],"build_version":"2020-12-22","purchased_purges":4,"victory":false,"max_hp_per_floor":[71,71,71,61,61,58,58,58,58,55,58,61,61,64,64,64,20,20,20,23,20,23,23,23,23,23,20,17,16,21,21,21,21,21,25,25,25,25,25,25,25,25,16,16,16],"card_choices":[{"not_picked":["Coolheaded","Genetic Algorithm"],"picked":"Defragment","floor":1.0},{"not_picked":["ReplayTheSpireMod:Repulse","Hologram","Auto Shields","Beam Cell"],"picked":"Defragment","floor":2.0},{"not_picked":["Cold Snap","Ball Lightning","BootSequence","Turbo"],"picked":"Heatsinks","floor":6.0},{"not_picked":["Sweeping Beam","Chill","Ball Lightning","Cold Snap"],"picked":"Seek","floor":7.0},{"not_picked":["Static Discharge","Sweeping Beam","ReplayTheSpireMod:Repulse","Cold Snap","Barrage"],"picked":"SKIP","floor":8.0},{"not_picked":["MostiFishMod:PushDownKick","Streamline","Tempest","Ball Lightning"],"picked":"Skim","floor":10.0},{"not_picked":["Streamline","Loop","BasicCrystalCard","Heatsinks"],"picked":"Turbo","floor":11.0},{"not_picked":["Compile Driver","Genetic Algorithm","MostiFishMod:TalkingToTheRain","Go for the Eyes"],"picked":"MostiFishMod:ReadyAimFire","floor":12.0},{"not_picked":["Go for the Eyes","White Noise","Melter","Reprogram","ReplayTheSpireMod:Calculation Training"],"picked":"SKIP","floor":14.0},{"not_picked":["Machine Learning","Hyperbeam","MostiFishMod:Prepare","Multi-Cast"],"picked":"Amplify","floor":16.0},{"not_picked":["Compile Driver","Rebound+1","Undo","BootSequence","Steam Power"],"picked":"SKIP","floor":18.0},{"not_picked":["REME_SelfUpgrade","Lockon","Panic Button","Beam Cell","Self Repair"],"picked":"SKIP","floor":20.0},{"not_picked":["Crystallizer","Steam","BootSequence","Rebound","Hello World"],"picked":"SKIP","floor":22.0},{"not_picked":["Panic Button","Hologram","Compile Driver","Undo"],"picked":"Coolheaded+1","floor":23.0},{"not_picked":["Capacitor","Genetic Algorithm","Cold Snap","BasicCrystalCard","Barrage"],"picked":"SKIP","floor":24.0},{"not_picked":["Beam Cell","White Noise","Chaos","Panic Button","Hologram"],"picked":"SKIP","floor":27.0},{"not_picked":["Beam Cell","MostiFishMod:Hijack","FIFO Queue","Go for the Eyes","Skim"],"picked":"SKIP","floor":28.0},{"not_picked":["Static Discharge","Cold Snap","Leap","BasicCrystalCard","Steam Power+1"],"picked":"Singing Bowl","floor":29.0},{"not_picked":["MostiFishMod:IceShield","Cancel","Distribution","MostiFishMod:LinkProtocol"],"picked":"Creative AI","floor":30.0},{"not_picked":["MostiFishMod:Nova","MostiFishMod:SeaWaves","MostiFishMod:ReadyAimFire","Buffer"],"picked":"ReplayTheSpireMod:Fabricate Wheel","floor":33.0},{"not_picked":["MostiFishMod:GoodWordForIt","Buffer","ReplayTheSpireMod:Omega Cannon","Creative AI"],"picked":"ReplayTheSpireMod:Fabricate Wheel","floor":33.0},{"not_picked":["Compile Driver+1","Beam Cell","Streamline+1","Rip and Tear","Time Bomb"],"picked":"Singing Bowl","floor":35.0},{"not_picked":["ReplaySolidLightProjector+1","FTL","Consume","Beam Cell","Streamline+1"],"picked":"Singing Bowl","floor":35.0},{"not_picked":["Glacier","REME_Whirling","Rebound","Stack+1"],"picked":"Defragment+1","floor":35.0}],"player_experience":680610,"relics_obtained":[{"floor":1.0,"key":"SynthV:TestCard"},{"floor":5.0,"key":"testmod-HeartOfDaVinci"},{"floor":5.0,"key":"Replay:Mystery Machine"},{"floor":6.0,"key":"testmod-D¨¦j¨¤vu"},{"floor":7.0,"key":"testmod-Justice"},{"floor":10.0,"key":"Red Skull"},{"floor":12.0,"key":"Kunai"},{"floor":14.0,"key":"Potion Belt"},{"floor":23.0,"key":"testmod-Muramasa"},{"floor":24.0,"key":"Matryoshka"},{"floor":26.0,"key":"Bag of Preparation"},{"floor":26.0,"key":"testmod-CyclicPeriapt"},{"floor":27.0,"key":"Replay:Bandana"},{"floor":28.0,"key":"Ancient Tea Set"},{"floor":29.0,"key":"Singing Bowl"}],"event_choices":[{"damage_healed":0.0,"max_hp_gain":0.0,"max_hp_loss":0.0,"gold_gain":0.0,"event_name":"HidenRoomEvent","player_choice":"Fight","floor":5.0,"gold_loss":0.0,"damage_taken":0.0}],"is_beta":false,"boss_relics":[{"not_picked":["vexMod:FluxCapacitor","SynthV:MejaisSoulstealer"],"picked":"Astrolabe"},{"not_picked":[]},{"not_picked":["Velvet Choker","Replay:Grab Bag","testmod-IncinerationGenerator"]},{"not_picked":["Velvet Choker","Replay:Grab Bag","testmod-IncinerationGenerator"]},{"not_picked":["Velvet Choker","Replay:Grab Bag","testmod-IncinerationGenerator"]},{"not_picked":["Velvet Choker","Replay:Grab Bag","testmod-IncinerationGenerator"]},{"not_picked":["Velvet Choker","Replay:Grab Bag","testmod-IncinerationGenerator"]},{"not_picked":["Velvet Choker","Replay:Grab Bag","testmod-IncinerationGenerator"]},{"not_picked":["Velvet Choker","Replay:Grab Bag","testmod-IncinerationGenerator"]},{"not_picked":["Velvet Choker","Replay:Grab Bag","testmod-IncinerationGenerator"]},{"not_picked":["Velvet Choker","Replay:Grab Bag","testmod-IncinerationGenerator"]},{"not_picked":["Velvet Choker","Replay:Grab Bag","testmod-IncinerationGenerator"]},{"not_picked":["Velvet Choker","Replay:Grab Bag","testmod-IncinerationGenerator"]},{"not_picked":["Velvet Choker","Replay:Grab Bag","testmod-IncinerationGenerator"]}],"items_purged_floors":[17,21,25,44],"is_endless":false,"potions_floor_spawned":[2,5,8,12,14,18,27,28,29,30],"ascension_level":19}}