{"host":"6h0diz2ap0m56grs","time":1610230092,"event":{"mods":["2.2 Compatiblity","BaseMod","Colored Map","Marisa????????","Minty Spire (QoL Compilation)","Quick Restart","Replay The Spire","Shop Mod","StSLib","The Servant 0.9.4"],"gold_per_floor":[110,123,123,123,123,153,180,210,210,210,64,64,89,102,102,202,202,213,213,56,56,70,104,104,104],"floor_reached":24,"playtime":720,"items_purged":[],"score":357,"play_id":"bee27e29-37f8-4c4b-a526-dedf42fb6721","local_time":"20210109160812","daily_mods":["SealedDeck","Heirloom","Time Dilation","Flight"],"is_ascension_mode":true,"campfire_choices":[{"data":"EscapeVelocity","floor":10,"key":"SMITH"},{"data":"AsteroidBelt","floor":12,"key":"SMITH"},{"data":"DragonMeteor","floor":15,"key":"SMITH"}],"circlet_count":0,"master_deck":["OneTimeOff+1","SporeBomb","AsteroidBelt+1","AsteroidBelt","AsteroidBelt","GrandCross+1","GrandCross","PulseMagic+1","WitchLeyline+1","MeteoricShower","DragonMeteor+1","MeteoricShower","WitchLeyline","EscapeVelocity+1","WitchLeyline","CollectingQuirk","OortCloud","SuperPerseids","MasterSpark"],"relics":["MiniHakkero","replay:Trail_Library","Du-Vu Doll","Blue Candle","Anchor","Nunchaku","Mango","Prayer Wheel","Guide Book","CaptainsWheel","Replay:Grab Bag","Philosopher\u0027s Stone","ChewingGum","SlaversCollar","Bronze Scales","Replay:Baseball"],"acts_visited":["Exordium","TheCity"],"potions_floor_usage":[],"damage_taken":[{"damage":0,"enemies":"Small Slimes","floor":1,"turns":1},{"damage":0,"enemies":"Jaw Worm","floor":2,"turns":2},{"damage":0,"enemies":"Gremlin Nob","floor":6,"turns":1},{"damage":0,"enemies":"3 Sentries","floor":7,"turns":5},{"damage":0,"enemies":"Gremlin Nob","floor":8,"turns":2},{"damage":0,"enemies":"Lagavulin","floor":13,"turns":3},{"damage":0,"enemies":"2 Louse","floor":14,"turns":1},{"damage":26,"enemies":"Hexaghost","floor":16,"turns":5},{"damage":0,"enemies":"2 Thieves","floor":18,"turns":3},{"damage":0,"enemies":"Chosen","floor":22,"turns":3},{"damage":4,"enemies":"Book of Stabbing","floor":23,"turns":2},{"damage":0,"enemies":"Gremlin Leader","floor":24,"turns":1}],"seed_played":"-8498946064051557543","potions_obtained":[{"floor":1,"key":"Fire Potion"},{"floor":7,"key":"Regen Potion"},{"floor":8,"key":"FearPotion"}],"is_trial":true,"path_per_floor":["M","M","?","?","T","E","E","E","T","R","$","R","E","M","R","B",null,"M","?","$","?","M","E","E"],"character_chosen":"MARISA","items_purchased":["Guide Book","Bronze Scales"],"campfire_rested":0,"item_purchase_floors":[11,20],"current_hp_per_floor":[75,75,75,60,60,60,60,74,74,74,74,74,74,74,74,48,89,89,89,89,89,89,85,85,85],"gold":104,"neow_bonus":"","is_daily":false,"chose_seed":false,"campfire_upgraded":3,"win_rate":0.0,"timestamp":1610230092,"path_taken":["M","M","?","?","?","E","E","E","T","R","$","R","E","M","R","BOSS","M","?","$","?","?","E","E"],"items_purchased_type":["Relic","Relic"],"build_version":"2020-12-22","purchased_purges":0,"victory":false,"max_hp_per_floor":[75,75,75,75,75,75,75,89,89,89,89,89,89,89,89,89,89,89,89,89,89,89,89,89,89],"card_choices":[{"not_picked":["WitchOfGreed","ManaConvection","StarBarrage"],"picked":"SKIP","floor":1},{"not_picked":["MachineGunSpark","GalacticHalo"],"picked":"DragonMeteor","floor":2},{"not_picked":["LuminesStrike","Acceleration","NonDirectionalLaser"],"picked":"SKIP","floor":6},{"not_picked":["SporeBomb","DoubleSpark"],"picked":"MeteoricShower","floor":7},{"not_picked":["OpenUniverse","DeepEcoloBomb"],"picked":"WitchLeyline","floor":8},{"not_picked":["MilkyWay","DragonMeteor","PowerUp"],"picked":"SKIP","floor":13},{"not_picked":["6A","OrrerysSun"],"picked":"WitchLeyline","floor":14},{"not_picked":["OrrerysSun","LuminesStrike","DoubleSpark"],"picked":"SKIP","floor":14},{"not_picked":["BigCrunch","TreasureHunter"],"picked":"CollectingQuirk","floor":16},{"not_picked":["LuminesStrike","GasGiant"],"picked":"OortCloud","floor":18},{"not_picked":["IllusionStar+1","SporeBomb+1","6A"],"picked":"SKIP","floor":18},{"not_picked":["PowerUp","ShootTheMoon","GalacticHalo"],"picked":"SKIP","floor":22},{"not_picked":["FairyDestructionRay","NonDirectionalLaser","6A"],"picked":"SKIP","floor":22},{"not_picked":["WitchOfGreed+1","SuperPerseids","Orbital"],"picked":"SKIP","floor":23}],"player_experience":144798,"relics_obtained":[{"floor":5,"key":"Blue Candle"},{"floor":6,"key":"Anchor"},{"floor":7,"key":"Nunchaku"},{"floor":8,"key":"Mango"},{"floor":9,"key":"Prayer Wheel"},{"floor":13,"key":"CaptainsWheel"},{"floor":23,"key":"Replay:Baseball"}],"event_choices":[{"damage_healed":0,"gold_gain":0,"player_choice":"Entered Light","damage_taken":15,"max_hp_gain":0,"max_hp_loss":0,"event_name":"Shining Light","floor":4,"gold_loss":0,"cards_upgraded":["GrandCross","WitchLeyline"]},{"damage_healed":0,"gold_gain":0,"player_choice":"Read","damage_taken":0,"max_hp_gain":0,"max_hp_loss":0,"event_name":"The Library","floor":19,"gold_loss":0,"cards_obtained":["SuperPerseids"]},{"damage_healed":0,"gold_gain":0,"player_choice":"1 cards matched","damage_taken":0,"max_hp_gain":0,"max_hp_loss":0,"event_name":"Match and Keep!","floor":21,"gold_loss":0,"cards_obtained":["MasterSpark"]}],"is_beta":false,"boss_relics":[{"not_picked":["Abe\u0027s Treasure","Replay:Drink Me"],"picked":"Replay:Grab Bag"},{"not_picked":["ReplayTheSpireMod:Onyx Gauntlets","Cursed Key"],"picked":"Philosopher\u0027s Stone"},{"not_picked":["Ectoplasm","RampagingMagicTools"],"picked":"ChewingGum"},{"not_picked":["Kintsugi","BewitchedHakkero"],"picked":"SlaversCollar"}],"items_purged_floors":[],"is_endless":false,"potions_floor_spawned":[1,7,8,13],"killed_by":"Gremlin Leader","ascension_level":1}}