{"host":"0jm2u9rma46qko29","time":1610180809,"event":{"mods":["100% Spire Juice","Act Like it!","BaseMod","Better Altar","Better Note","Better Skull","Better Third Choice","CapriCore","Hermit","Marisa????????","Minty Spire (QoL Compilation)","Relic Stats","Robot Space Explorer","Shade Mod","StSLib","Waifu the Spire"],"gold_per_floor":[118,118,118,142,142,142,165,165,214,214,23,11,42,68,68,192,192,212,212,228,103,126,126,165,165,244,244,279,293,312,330,330,453,453,471,83,83,107,107,141,30,30,56,0,0,0,21,21,21],"floor_reached":48,"playtime":2430,"items_purged":["Pain","Strike_R","Wraith"],"score":794,"play_id":"c6a60e72-0aec-4885-ace9-03a9db99cb8e","local_time":"20210109022649","daily_mods":["Elite Swarm"],"is_ascension_mode":true,"campfire_choices":[{"data":"Disarm","floor":6,"key":"SMITH"},{"data":"Bash","floor":10,"key":"SMITH"},{"floor":15,"key":"REST"},{"data":"Metallicize","floor":23,"key":"SMITH"},{"data":"Double Tap","floor":25,"key":"SMITH"},{"data":"Double Tap","floor":27,"key":"SMITH"},{"floor":32,"key":"REST"},{"floor":42,"key":"REST"},{"data":"Entrench","floor":45,"key":"SMITH"}],"circlet_count":0,"master_deck":["Strike_R","Strike_R","Strike_R","Strike_R+1","Defend_R","Defend_R","Defend_R","Defend_R","Bash+1","Disarm+1","Flame Barrier","Shrug It Off","Metallicize+1","Thunderclap","Feed","Twin Strike","Barricade+1","Ghostly Armor","Disarm+1","Inflame","Double Tap+1","Dropkick","Double Tap+1","Limit Break","Spot Weakness","Dropkick+1","Evolve+1","Entrench+1","Ghostly Armor","Body Slam+1","Thunderclap+1","Reaper+1","Heavy Blade+1"],"relics":["Burning Blood","Golden Idol","WarpedTongs","Strawberry","Regal Pillow","Membership Card","Singing Bowl","Odd Mushroom","Sozu","Nunchaku","The Courier","Anchor","Mark of Pain","Molten Egg 2","Whetstone","Bronze Scales","Blood Vial","Smiling Mask","Vajra","Pen Nib","Red Mask"],"acts_visited":["Exordium","TheCity","TheBeyond"],"potions_floor_usage":[24,35],"damage_taken":[{"damage":10,"enemies":"Small Slimes","floor":1,"turns":3},{"damage":8,"enemies":"2 Louse","floor":4,"turns":3},{"damage":5,"enemies":"Cultist","floor":7,"turns":4},{"damage":18,"enemies":"Lagavulin","floor":13,"turns":7},{"damage":25,"enemies":"The Mushroom Lair","floor":14,"turns":5},{"damage":51,"enemies":"The Guardian","floor":16,"turns":17},{"damage":6,"enemies":"3 Byrds","floor":18,"turns":3},{"damage":25,"enemies":"Shell Parasite","floor":20,"turns":6},{"damage":11,"enemies":"Centurion and Healer","floor":22,"turns":6},{"damage":1,"enemies":"Gremlin Leader","floor":24,"turns":10},{"damage":16,"enemies":"Book of Stabbing","floor":28,"turns":16},{"damage":11,"enemies":"Snake Plant","floor":29,"turns":5},{"damage":27,"enemies":"Chosen and Byrds","floor":30,"turns":7},{"damage":14,"enemies":"Cultist and Chosen","floor":31,"turns":9},{"damage":68,"enemies":"Automaton","floor":33,"turns":11},{"damage":28,"enemies":"Orb Walker","floor":35,"turns":7},{"damage":42,"enemies":"3 Darklings","floor":38,"turns":11},{"damage":98,"enemies":"Nemesis","floor":40,"turns":9},{"damage":6,"enemies":"Writhing Mass","floor":47,"turns":4},{"damage":79,"enemies":"Reptomancer","floor":48,"turns":5}],"seed_played":"-973908580325153352","potions_obtained":[{"floor":7,"key":"GamblersBrew"},{"floor":14,"key":"DuplicationPotion"}],"is_trial":true,"path_per_floor":["M","?","?","M","?","R","M","?","T","R","$","$","E","?","R","B",null,"M","?","M","$","M","R","E","R","T","R","E","M","M","M","R","B",null,"M","$","?","M","?","E","$","R","T","?","R","?","M","E"],"character_chosen":"IRONCLAD","items_purchased":["Membership Card","Metallicize","Thunderclap","Inflame","Double Tap","Entrench","Molten Egg 2","Ghostly Armor","Body Slam+1","Whetstone","Bronze Scales","Blood Vial","Vajra"],"campfire_rested":3,"item_purchase_floors":[11,11,12,21,21,36,36,36,36,36,36,36,41],"current_hp_per_floor":[76,81,60,58,58,58,59,66,66,66,66,66,54,38,81,40,99,102,102,83,83,81,81,86,86,86,86,80,80,62,54,104,44,119,97,97,97,63,104,12,12,58,58,58,58,58,60,0,0],"gold":21,"neow_bonus":"","is_daily":false,"chose_seed":false,"campfire_upgraded":6,"win_rate":0.0,"timestamp":1610180809,"path_taken":["M","?","?","M","?","R","?","?","T","R","?","$","E","?","R","BOSS","M","?","?","$","M","R","E","R","T","R","E","M","M","M","R","BOSS","M","$","?","M","?","E","$","R","T","?","R","?","M","E"],"items_purchased_type":["Relic","Card","Card","Card","Card","Card","Relic","Card","Card","Relic","Relic","Relic","Relic"],"build_version":"2020-12-22","purchased_purges":3,"victory":false,"max_hp_per_floor":[80,85,85,85,85,85,85,92,92,92,92,92,92,95,95,99,99,102,102,102,102,105,105,105,105,105,105,109,114,117,117,117,119,119,119,119,119,119,104,104,104,104,104,104,104,104,104,104,104],"relic_stats":{"Regal Pillow":45,"Singing Bowl":4,"counters":[20,148],"Golden Idol":129,"Pen Nib":[2],"Whetstone":["Strike_R","Dropkick"],"Smiling Mask":0,"Burning Blood":114,"WarpedTongs":[132],"Sozu":4,"Blood Vial":6,"Nunchaku":[14],"Bronze Scales":[90],"obtain_stats":[{"Regal Pillow":9,"Singing Bowl":13,"Golden Idol":3,"Vajra":41,"The Courier":26,"Pen Nib":43,"Whetstone":36,"Odd Mushroom":14,"Smiling Mask":40,"Burning Blood":0,"WarpedTongs":5,"Sozu":17,"Blood Vial":36,"Nunchaku":24,"Anchor":28,"Strawberry":8,"Bronze Scales":36,"Molten Egg 2":36,"Mark of Pain":34,"Red Mask":44,"Membership Card":11},{"Regal Pillow":3,"Singing Bowl":4,"Golden Idol":1,"Vajra":18,"The Courier":10,"Pen Nib":18,"Whetstone":16,"Odd Mushroom":5,"Smiling Mask":18,"Burning Blood":0,"WarpedTongs":2,"Sozu":6,"Blood Vial":16,"Nunchaku":10,"Anchor":11,"Strawberry":3,"Bronze Scales":16,"Molten Egg 2":16,"Mark of Pain":15,"Red Mask":18,"Membership Card":3},{"Regal Pillow":10,"Singing Bowl":17,"Golden Idol":3,"Vajra":139,"The Courier":64,"Pen Nib":139,"Whetstone":119,"Odd Mushroom":22,"Smiling Mask":139,"Burning Blood":0,"WarpedTongs":6,"Sozu":39,"Blood Vial":119,"Nunchaku":64,"Anchor":80,"Strawberry":10,"Bronze Scales":119,"Molten Egg 2":119,"Mark of Pain":112,"Red Mask":139,"Membership Card":10}]},"card_choices":[{"not_picked":["Perfected Strike","Burning Pact"],"picked":"Disarm","floor":1},{"not_picked":["Bloodletting","Flex"],"picked":"Flame Barrier","floor":4},{"not_picked":["Iron Wave","Entrench"],"picked":"Shrug It Off","floor":7},{"not_picked":["Double Tap","Demon Form"],"picked":"Feed","floor":13},{"not_picked":["Sever Soul","Feel No Pain"],"picked":"Twin Strike","floor":14},{"not_picked":["Immolate","Corruption"],"picked":"Barricade","floor":16},{"not_picked":["Sever Soul","Pommel Strike"],"picked":"Ghostly Armor","floor":18},{"not_picked":["Wild Strike","True Grit"],"picked":"Disarm+1","floor":20},{"not_picked":["Armaments+1","Flame Barrier"],"picked":"Dropkick","floor":22},{"not_picked":["Feed","Corruption"],"picked":"Double Tap","floor":24},{"not_picked":["Feed","Double Tap"],"picked":"Limit Break","floor":28},{"not_picked":["Thunderclap","Iron Wave","Flex"],"picked":"Singing Bowl","floor":29},{"not_picked":["Armaments","Reckless Charge"],"picked":"Spot Weakness","floor":30},{"not_picked":["Feel No Pain","Havoc"],"picked":"Dropkick","floor":31},{"not_picked":["Corruption","Exhume","Barricade"],"picked":"Singing Bowl","floor":33},{"not_picked":["Flex+1","Shockwave"],"picked":"Evolve+1","floor":35},{"not_picked":["Infernal Blade+1","Flex"],"picked":"Thunderclap+1","floor":38},{"not_picked":["Berserk","Juggernaut"],"picked":"Reaper+1","floor":40},{"not_picked":["Cleave+1","Thunderclap+1"],"picked":"Heavy Blade+1","floor":47}],"player_experience":171470,"relics_obtained":[{"floor":9,"key":"Regal Pillow"},{"floor":13,"key":"Singing Bowl"},{"floor":14,"key":"Odd Mushroom"},{"floor":24,"key":"Nunchaku"},{"floor":26,"key":"The Courier"},{"floor":28,"key":"Anchor"},{"floor":40,"key":"Smiling Mask"},{"floor":43,"key":"Pen Nib"}],"event_choices":[{"damage_healed":0,"gold_gain":0,"player_choice":"Donut","damage_taken":0,"max_hp_gain":5,"max_hp_loss":0,"event_name":"Big Fish","floor":2,"gold_loss":0},{"damage_healed":0,"gold_gain":0,"player_choice":"Take Damage","damage_taken":21,"relics_obtained":["Golden Idol"],"max_hp_gain":0,"max_hp_loss":0,"event_name":"Golden Idol","floor":3,"gold_loss":0},{"damage_healed":0,"gold_gain":0,"player_choice":"Rummage","damage_taken":0,"relics_obtained":["WarpedTongs"],"max_hp_gain":0,"max_hp_loss":0,"event_name":"Accursed Blacksmith","floor":5,"gold_loss":0,"cards_obtained":["Pain"]},{"damage_healed":0,"gold_gain":0,"player_choice":"Searched \u00271\u0027 times","damage_taken":0,"relics_obtained":["Strawberry"],"max_hp_gain":0,"max_hp_loss":0,"event_name":"Dead Adventurer","floor":8,"gold_loss":0},{"damage_healed":0,"gold_gain":0,"player_choice":"Fought Mushrooms","damage_taken":0,"max_hp_gain":0,"max_hp_loss":0,"event_name":"Mushrooms","floor":14,"gold_loss":0},{"damage_healed":0,"gold_gain":0,"player_choice":"Upgraded","damage_taken":0,"max_hp_gain":0,"max_hp_loss":0,"event_name":"Upgrade Shrine","floor":19,"gold_loss":0,"cards_upgraded":["Barricade"]},{"damage_healed":0,"gold_gain":0,"player_choice":"Ignored","damage_taken":0,"max_hp_gain":0,"max_hp_loss":0,"event_name":"OrinTheCat","floor":37,"gold_loss":0},{"damage_healed":104,"gold_gain":0,"player_choice":"Heal","damage_taken":0,"max_hp_gain":0,"max_hp_loss":15,"event_name":"The Moai Head","floor":39,"gold_loss":0},{"damage_healed":0,"gold_gain":0,"player_choice":"Paid","damage_taken":0,"relics_obtained":["Red Mask"],"max_hp_gain":0,"max_hp_loss":0,"event_name":"Tomb of Lord Red Mask","floor":44,"gold_loss":56},{"cards_removed":["Double Tap"],"damage_healed":0,"gold_gain":0,"player_choice":"Give","damage_taken":0,"max_hp_gain":0,"max_hp_loss":0,"event_name":"betterNote:BetterNote","floor":46,"gold_loss":0,"cards_obtained":["None"]}],"is_beta":false,"boss_relics":[{"not_picked":["Coffee Dripper","Busted Crown"],"picked":"Sozu"},{"not_picked":["Pandora\u0027s Box","Black Star"],"picked":"Mark of Pain"}],"items_purged_floors":[21,36,41],"is_endless":true,"potions_floor_spawned":[7,14,18,22,29,30],"killed_by":"Reptomancer","ascension_level":3}}