{"host":"aaqofma31c3gm2hj","time":1610205118,"event":{"mods":["BaseMod","Minty Spire (QoL Compilation)","Replay The Spire","Spicy Shops","StSLib"],"gold_per_floor":[114,114,30,46,346,363,363,390,390,420,3,18,18,36,36,126,126,141,191,191,206,81,125,125,125,148,148,148,148],"floor_reached":28,"playtime":546,"items_purged":["Strike_B","Strike_B","Strike_B"],"score":518,"play_id":"6e534845-447d-460c-8289-6212790fbb81","local_time":"20210109231158","is_ascension_mode":true,"campfire_choices":[{"data":"Sunder","floor":7.0,"key":"SMITH"},{"data":"Meteor Strike","floor":27,"key":"SMITH"}],"circlet_count":0,"master_deck":["AscendersBane","Defend_B","Defend_B","Defend_B","Defend_B","Zap","Dualcast","Hologram","Sunder+1","White Noise","Mirror Shield","Meteor Strike+1","Echo Form"],"relics":["Snecko Eye","Old Coin","Tiny Chest","Mercury Hourglass","Cables","Replay:Frozen Program","OrangePellets","Golden Idol","Replay:Grab Bag","Runic Dome","Sozu","Inserter","Enchiridion","Pet Ghost","Iron Hammer","Replay:Wax Seal"],"acts_visited":["Exordium","TheCity"],"potions_floor_usage":[],"damage_taken":[{"damage":5.0,"enemies":"2 Louse","floor":1.0,"turns":4.0},{"damage":0.0,"enemies":"Cultist","floor":4.0,"turns":3.0},{"damage":2.0,"enemies":"Jaw Worm","floor":6.0,"turns":3.0},{"damage":17.0,"enemies":"Lagavulin","floor":10.0,"turns":6.0},{"damage":0.0,"enemies":"Blue Slaver","floor":12.0,"turns":2.0},{"damage":0.0,"enemies":"Large Slime","floor":14.0,"turns":3.0},{"damage":23.0,"enemies":"Slime Boss","floor":16.0,"turns":5.0},{"damage":0.0,"enemies":"Shell Parasite","floor":18.0,"turns":3.0},{"damage":0.0,"enemies":"Chosen","floor":21.0,"turns":2.0},{"damage":0,"enemies":"Replay:Snechameleon","floor":23,"turns":3},{"damage":3,"enemies":"Book of Stabbing","floor":28,"turns":2}],"seed_played":"6980364583147216810","potions_obtained":[{"floor":2.0,"key":"CultistPotion"},{"floor":2.0,"key":"Swift Potion"},{"floor":12.0,"key":"Venom Potion"},{"floor":14.0,"key":"SpeedPotion"},{"floor":16.0,"key":"Explosive Potion"}],"is_trial":false,"path_per_floor":["M","?","$","M","?","M","R","T","T","E","$","M","?","M","R","B",null,"M","?","?","M","$","E","T","?","T","R","E"],"character_chosen":"DEFECT","items_purchased":["Sunder","Replay:Frozen Program","OrangePellets"],"campfire_rested":0,"item_purchase_floors":[3,11,11],"current_hp_per_floor":[59,59,59,59,48,46,46,46,46,29,29,29,29,29,29,6,50,50,50,29,29,29,29,29,29,29,29,26,26],"gold":148,"neow_bonus":"BOSS_RELIC","is_daily":false,"chose_seed":false,"campfire_upgraded":2,"win_rate":0.0,"timestamp":1610205118,"path_taken":["M","?","?","M","?","M","R","?","T","E","$","M","?","M","R","BOSS","M","?","?","M","$","E","?","?","T","R","E"],"items_purchased_type":["Card","Relic","Relic"],"build_version":"2020-12-22","purchased_purges":3,"victory":false,"max_hp_per_floor":[71,71,71,71,71,71,71,71,71,71,71,71,64,64,64,64,64,64,64,64,64,64,64,64,64,64,64,64,64],"card_choices":[{"not_picked":["Steam","ReplayTheSpireMod:GoodbyeWorld"],"picked":"Hologram","floor":1.0},{"not_picked":["Leap","Compile Driver","Redo"],"picked":"SKIP","floor":4.0},{"not_picked":["Reboot","ReplayTheSpireMod:Repulse"],"picked":"White Noise","floor":6.0},{"not_picked":["Sweeping Beam","Aggregate"],"picked":"Mirror Shield","floor":10.0},{"not_picked":["ReplayGash","Sweeping Beam","BasicCrystalCard"],"picked":"SKIP","floor":12.0},{"not_picked":["Sweeping Beam","Stack","Compile Driver"],"picked":"SKIP","floor":14.0},{"not_picked":["Fission","ReplayRNGCard"],"picked":"Echo Form","floor":16.0},{"not_picked":["Redo","Scrape","Stack"],"picked":"SKIP","floor":18.0},{"not_picked":["Auto Shields","Beam Cell","Chill"],"picked":"SKIP","floor":21.0},{"not_picked":["Go for the Eyes","ReplayTheSpireMod:Reroute Power+1","Panic Button"],"picked":"SKIP","floor":23}],"player_experience":575703,"relics_obtained":[{"floor":8.0,"key":"Tiny Chest"},{"floor":9.0,"key":"Mercury Hourglass"},{"floor":10.0,"key":"Cables"},{"floor":20.0,"key":"Enchiridion"},{"floor":23,"key":"Pet Ghost"},{"floor":24,"key":"Iron Hammer"},{"floor":26,"key":"Replay:Wax Seal"}],"event_choices":[{"damage_healed":0.0,"max_hp_gain":0.0,"max_hp_loss":0.0,"gold_gain":0.0,"event_name":"Lab","player_choice":"Got Potions","floor":2.0,"gold_loss":0.0,"damage_taken":0.0},{"damage_healed":0.0,"max_hp_gain":0.0,"max_hp_loss":0.0,"gold_gain":0.0,"event_name":"Scrap Ooze","player_choice":"Success","floor":5.0,"gold_loss":0.0,"damage_taken":11.0,"relics_obtained":["Old Coin"]},{"damage_healed":0.0,"max_hp_gain":0.0,"max_hp_loss":7.0,"gold_gain":0.0,"event_name":"Golden Idol","player_choice":"Lose Max HP","floor":13.0,"gold_loss":0.0,"damage_taken":0.0,"relics_obtained":["Golden Idol"]},{"damage_healed":0.0,"max_hp_gain":0.0,"max_hp_loss":0.0,"gold_gain":50.0,"event_name":"Nest","player_choice":"Stole From Cult","floor":19.0,"gold_loss":0.0,"damage_taken":0.0},{"damage_healed":0.0,"max_hp_gain":0.0,"max_hp_loss":0.0,"gold_gain":0.0,"event_name":"Cursed Tome","player_choice":"Obtained Book","floor":20.0,"gold_loss":0.0,"damage_taken":21.0},{"damage_healed":0,"gold_gain":0,"player_choice":"Ignored","damage_taken":0,"max_hp_gain":0,"max_hp_loss":0,"event_name":"Vampires","floor":25,"gold_loss":0}],"is_beta":false,"boss_relics":[{"not_picked":["Ring of Chaos","Replay:Ancient Bell"],"picked":"Replay:Grab Bag"},{"not_picked":["SlaversCollar","Fusion Hammer"],"picked":"Runic Dome"},{"not_picked":["Cursed Key","Coffee Dripper"],"picked":"Sozu"},{"not_picked":["Runic Pyramid","Astrolabe"],"picked":"Inserter"}],"items_purged_floors":[11,11,22],"is_endless":false,"potions_floor_spawned":[12,14,16,18],"killed_by":"Book of Stabbing","ascension_level":20}}