{"host":"2xi35nzst5j6xtbr","time":1610200648,"event":{"mods":["Act Like it!","BaseMod","Colored Map","Dota2Spire","Minty Spire (QoL Compilation)","StSLib","The Servant 0.9.4","Waifu the Spire","[地精首领爬塔]The Maniac","【遗物卡牌】REMEMod"],"gold_per_floor":[109,120,134,148,164,196,210,229,229,241,276,295,57,70,70,167,167,185,196,207,223,47,73,91,102,102,129,143,177,187,216,216,321,321,336,90,101,154,154,154,184,200,254,254,273,302,312,347,347,347],"floor_reached":51,"playtime":2858,"items_purged":["Dodge and Roll"],"score":1366,"play_id":"1a5d016f-f214-4048-b506-1e66ec5d14ed","local_time":"20210109215728","daily_mods":["SealedDeck","Vintage","Heirloom","Time Dilation","Flight"],"is_ascension_mode":false,"campfire_choices":[{"data":"Catalyst","floor":15,"key":"SMITH"},{"data":"REME_GreenPollution","floor":32,"key":"SMITH"},{"data":"Hyperbeam","floor":40,"key":"SMITH"},{"data":"Well Laid Plans","floor":44,"key":"SMITH"},{"data":"Prepared","floor":49,"key":"SMITH"}],"circlet_count":0,"master_deck":["Deflect","Deflect","Dodge and Roll","Catalyst+1","Prepared+1","Prepared","REME_GreenPollution+1","Deadly Poison","Crippling Poison","Hyperbeam+1","Blur+1","Catalyst+1","Well Laid Plans+1","REME_ShadowForm","Catalyst+1","Bouncing Flask+1"],"relics":["Ring of the Snake","REME_ComplimentaryCards","FossilizedHelix","Dota2Spire:EyeOfSkadi","Toxic Egg 2","Dota2Spire:PowerTreads","Dota2Spire:AssaultCuirass","Incense Burner","Question Card","Thread and Needle","InkBottle","Dota2Spire:OctarineCore","Anchor","Juzu Bracelet","The Courier","Lizard Tail","Eternal Feather","Dota2Spire:RefresherOrb","Bottled Flame","Singing Bowl","Dota2Spire:CrimsonGuard","Mango","Snake Skull","Ice Cream","Dota2Spire:Mjollnir","Peace Pipe","Pocketwatch","Dota2Spire:LotusOrb","Gambling Chip","Bag of Marbles","Dota2Spire:PhaseBoots","Boot","WristBlade","Sundial","Frozen Eye","Dream Catcher","CaptainsWheel","Dota2Spire:ArcaneBoots","Mummified Hand","Bag of Preparation","Blood Vial","REME_PoisonedDagger","Centennial Puzzle","Smiling Mask"],"acts_visited":["Exordium","TheCity","TheBeyond"],"potions_floor_usage":[4,16,16,27,27,33,33,50,50],"damage_taken":[{"damage":0,"enemies":"Jaw Worm","floor":1,"turns":3},{"damage":0,"enemies":"2 Louse","floor":2,"turns":1},{"damage":0,"enemies":"Cultist","floor":3,"turns":3},{"damage":0,"enemies":"Large Slime","floor":4,"turns":2},{"damage":0,"enemies":"Blue Slaver","floor":5,"turns":4},{"damage":0,"enemies":"3 Sentries","floor":6,"turns":4},{"damage":0,"enemies":"Exordium Thugs","floor":7,"turns":3},{"damage":0,"enemies":"Large Slime","floor":8,"turns":4},{"damage":0,"enemies":"2 Fungi Beasts","floor":10,"turns":1},{"damage":0,"enemies":"Gremlin Nob","floor":11,"turns":3},{"damage":0,"enemies":"Blue Slaver","floor":12,"turns":2},{"damage":0,"enemies":"Exordium Thugs","floor":14,"turns":3},{"damage":0,"enemies":"Slime Boss","floor":16,"turns":5},{"damage":0,"enemies":"Chosen","floor":18,"turns":3},{"damage":0,"enemies":"2 Thieves","floor":19,"turns":1},{"damage":0,"enemies":"Chosen and Byrds","floor":20,"turns":2},{"damage":0,"enemies":"Centurion and Healer","floor":21,"turns":2},{"damage":0,"enemies":"Slavers","floor":23,"turns":1},{"damage":0,"enemies":"Snake Plant","floor":24,"turns":2},{"damage":0,"enemies":"Snecko","floor":25,"turns":2},{"damage":0,"enemies":"Book of Stabbing","floor":27,"turns":3},{"damage":0,"enemies":"3 Cultists","floor":28,"turns":2},{"damage":0,"enemies":"Gremlin Leader","floor":29,"turns":2},{"damage":0,"enemies":"Cultist and Chosen","floor":30,"turns":1},{"damage":0,"enemies":"Slavers","floor":31,"turns":1},{"damage":0,"enemies":"Collector","floor":33,"turns":3},{"damage":0,"enemies":"Orb Walker","floor":35,"turns":1},{"damage":0,"enemies":"3 Darklings","floor":37,"turns":1},{"damage":0,"enemies":"2 Orb Walkers","floor":38,"turns":2},{"damage":0,"enemies":"Giant Head","floor":41,"turns":3},{"damage":0,"enemies":"Spire Growth","floor":42,"turns":2},{"damage":0,"enemies":"4 Shapes","floor":45,"turns":1},{"damage":0,"enemies":"Nemesis","floor":46,"turns":1},{"damage":0,"enemies":"Transient","floor":47,"turns":1},{"damage":0,"enemies":"Reptomancer","floor":48,"turns":2},{"damage":0,"enemies":"Donu and Deca","floor":50,"turns":2}],"seed_played":"-6917404723604566380","potions_obtained":[{"floor":1,"key":"Fire Potion"},{"floor":5,"key":"SmokeBomb"},{"floor":10,"key":"AttackPotion"},{"floor":11,"key":"GhostInAJar"},{"floor":14,"key":"SkillPotion"},{"floor":18,"key":"Explosive Potion"},{"floor":20,"key":"DuplicationPotion"},{"floor":25,"key":"Strength Potion"},{"floor":27,"key":"LiquidMemories"},{"floor":29,"key":"PowerPotion"},{"floor":35,"key":"EssenceOfSteel"},{"floor":38,"key":"Weak Potion"}],"is_trial":true,"path_per_floor":["M","M","M","M","M","E","M","M","T","M","E","M","$","M","R","B",null,"M","M","M","M","$","E","M","M","T","E","M","E","M","E","R","B",null,"M","$","M","?","?","R","E","M","T","R","M","E","M","E","R","B",null],"character_chosen":"THE_SILENT","items_purchased":["Lizard Tail","Snake Skull","Well Laid Plans","Catalyst+1","Frozen Eye"],"campfire_rested":0,"item_purchase_floors":[13,22,22,36,36],"current_hp_per_floor":[75,75,75,75,75,75,75,75,75,75,75,75,75,75,75,75,75,75,75,75,89,89,91,91,91,91,93,93,95,95,97,97,97,97,97,97,97,97,92,92,94,94,94,94,94,96,96,98,98,98],"gold":347,"neow_bonus":"","is_daily":false,"chose_seed":false,"campfire_upgraded":5,"win_rate":0.0,"timestamp":1610200648,"path_taken":["M","M","M","M","M","E","M","M","T","M","E","M","$","M","R","BOSS","M","M","M","M","$","E","M","M","T","E","M","E","M","E","R","BOSS","M","$","M","?","?","R","E","M","T","R","M","E","M","E","R","BOSS"],"items_purchased_type":["Relic","Relic","Card","Card","Relic"],"build_version":"2020-12-22","purchased_purges":1,"victory":true,"max_hp_per_floor":[75,75,75,75,75,75,75,75,75,75,75,75,75,75,75,75,75,75,75,75,89,89,91,91,91,91,93,93,95,95,97,97,97,97,97,97,97,97,92,92,94,94,94,94,94,96,96,98,98,98],"card_choices":[{"not_picked":["Quick Slash","Heel Hook"],"picked":"Blur+1","floor":6},{"not_picked":["Distraction+1","Underhanded Strike","Deflect+1"],"picked":"Catalyst+1","floor":11},{"not_picked":["Slice","Outmaneuver+1","Choke","Underhanded Strike+1"],"picked":"Singing Bowl","floor":23},{"not_picked":["Slice+1","REME_SpectralBlade","Escape Plan+1","Bane"],"picked":"Singing Bowl","floor":27},{"not_picked":["Bane","Dodge and Roll+1","Deflect+1","Cloak And Dagger+1"],"picked":"Singing Bowl","floor":29},{"not_picked":["Backflip+1","Predator","Flying Knee","Slice"],"picked":"Singing Bowl","floor":31},{"not_picked":["REME_CopyPotion+1","Wraith Form v2","Storm of Steel+1"],"picked":"REME_ShadowForm","floor":33},{"not_picked":["Choke+1","Deflect+1","Dodge and Roll+1"],"picked":"Bouncing Flask+1","floor":38},{"not_picked":["Flying Knee","Flechettes+1","Infinite Blades+1","Setup+1"],"picked":"Singing Bowl","floor":41},{"not_picked":["Slice+1","Deflect+1","Outmaneuver+1","Dagger Throw"],"picked":"Singing Bowl","floor":46},{"not_picked":["Quick Slash+1","Endless Agony+1","Well Laid Plans","Dagger Throw"],"picked":"Singing Bowl","floor":48}],"player_experience":91900,"relics_obtained":[{"floor":1,"key":"Dota2Spire:EyeOfSkadi"},{"floor":2,"key":"Toxic Egg 2"},{"floor":3,"key":"Dota2Spire:PowerTreads"},{"floor":4,"key":"Dota2Spire:AssaultCuirass"},{"floor":5,"key":"Incense Burner"},{"floor":6,"key":"Question Card"},{"floor":7,"key":"Thread and Needle"},{"floor":8,"key":"InkBottle"},{"floor":9,"key":"Dota2Spire:OctarineCore"},{"floor":10,"key":"Anchor"},{"floor":11,"key":"Juzu Bracelet"},{"floor":12,"key":"The Courier"},{"floor":14,"key":"Eternal Feather"},{"floor":18,"key":"Bottled Flame"},{"floor":19,"key":"Singing Bowl"},{"floor":20,"key":"Dota2Spire:CrimsonGuard"},{"floor":21,"key":"Mango"},{"floor":23,"key":"Ice Cream"},{"floor":24,"key":"Dota2Spire:Mjollnir"},{"floor":25,"key":"Peace Pipe"},{"floor":26,"key":"Pocketwatch"},{"floor":27,"key":"Dota2Spire:LotusOrb"},{"floor":28,"key":"Gambling Chip"},{"floor":29,"key":"Bag of Marbles"},{"floor":30,"key":"Dota2Spire:PhaseBoots"},{"floor":31,"key":"Boot"},{"floor":35,"key":"Sundial"},{"floor":37,"key":"Dream Catcher"},{"floor":38,"key":"CaptainsWheel"},{"floor":41,"key":"Dota2Spire:ArcaneBoots"},{"floor":42,"key":"Mummified Hand"},{"floor":43,"key":"Bag of Preparation"},{"floor":45,"key":"Blood Vial"},{"floor":46,"key":"REME_PoisonedDagger"},{"floor":47,"key":"Centennial Puzzle"},{"floor":48,"key":"Smiling Mask"}],"event_choices":[{"damage_healed":0,"gold_gain":0,"player_choice":"Fight","damage_taken":0,"max_hp_gain":0,"max_hp_loss":0,"event_name":"Mysterious Sphere","floor":38,"gold_loss":0},{"damage_healed":0,"gold_gain":0,"player_choice":"Max HP","damage_taken":0,"max_hp_gain":0,"max_hp_loss":5,"event_name":"Winding Halls","floor":39,"gold_loss":0}],"is_beta":false,"boss_relics":[{"not_picked":["Velvet Choker","Fusion Hammer"],"picked":"Dota2Spire:RefresherOrb"},{"not_picked":["Empty Cage","REME_DemonsWealth"],"picked":"WristBlade"}],"items_purged_floors":[36],"is_endless":false,"potions_floor_spawned":[1,5,10,11,14,18,20,25,27,29,30,31,35,38,42],"ascension_level":0}}