{"host":"g01l53quoe6lrer0","time":1610176600,"event":{"mods":["2.2 Compatiblity","AchievementEnabler","BaseMod","Colored Map","Highlight Path","Keyboard Shortcuts","Minty Spire (QoL Compilation)","Permanent Neow","StSLib","SuperFastMode","everything is the same but u backflip on backflip"],"gold_per_floor":[111,111,111,186,202,237,237,253,279,293,311,25,25,42,42,119,119,136,108,108,33,48,82,82,117,141,191,223,41,53,65,65,65,65],"floor_reached":33,"playtime":1252,"items_purged":["Writhe"],"score":577,"play_id":"4bca2439-64f9-4bfb-97da-571d624673d8","local_time":"20210109161640","is_ascension_mode":true,"campfire_choices":[{"data":"Whirlwind","floor":7.0,"key":"SMITH"},{"data":"Inflame","floor":13.0,"key":"SMITH"},{"data":"Sword Boomerang","floor":15.0,"key":"SMITH"},{"data":"Flame Barrier","floor":24.0,"key":"SMITH"},{"floor":32,"key":"REST"}],"circlet_count":0,"master_deck":["AscendersBane","Strike_R","Strike_R","Defend_R","Defend_R","Defend_R","Defend_R","Bash","Inflame+1","Whirlwind+1","Twin Strike","Flame Barrier+1","Sword Boomerang+1","Rampage","Shrug It Off","Ghostly Armor","Inflame","Bloodletting"],"relics":["Burning Blood","NeowsBlessing","Oddly Smooth Stone","Pen Nib","Lantern","Bottled Flame","Empty Cage","Mummified Hand","Ornamental Fan","MealTicket","Nunchaku","Red Mask"],"acts_visited":["Exordium","TheCity"],"potions_floor_usage":[33,33],"damage_taken":[{"damage":0.0,"enemies":"2 Louse","floor":1.0,"turns":1.0},{"damage":0.0,"enemies":"Small Slimes","floor":5.0,"turns":1.0},{"damage":0.0,"enemies":"Gremlin Nob","floor":6.0,"turns":1.0},{"damage":0.0,"enemies":"Jaw Worm","floor":8.0,"turns":3.0},{"damage":11.0,"enemies":"Exordium Wildlife","floor":10.0,"turns":3.0},{"damage":0.0,"enemies":"2 Fungi Beasts","floor":11.0,"turns":1.0},{"damage":0.0,"enemies":"3 Louse","floor":14.0,"turns":1.0},{"damage":38.0,"enemies":"Slime Boss","floor":16.0,"turns":9.0},{"damage":32.0,"enemies":"Shell Parasite","floor":18.0,"turns":4.0},{"damage":25.0,"enemies":"2 Thieves","floor":19.0,"turns":4.0},{"damage":0.0,"enemies":"Cultist and Chosen","floor":22.0,"turns":3.0},{"damage":7.0,"enemies":"Slavers","floor":23.0,"turns":3.0},{"damage":2.0,"enemies":"Gremlin Leader","floor":25.0,"turns":5.0},{"damage":3.0,"enemies":"Masked Bandits","floor":28.0,"turns":2.0},{"damage":18,"enemies":"Sentry and Sphere","floor":30,"turns":4},{"damage":25,"enemies":"Snake Plant","floor":31,"turns":5},{"damage":52,"enemies":"Automaton","floor":33,"turns":6}],"seed_played":"-3934508497026346642","potions_obtained":[{"floor":1.0,"key":"Regen Potion"},{"floor":5.0,"key":"ColorlessPotion"},{"floor":16.0,"key":"SteroidPotion"},{"floor":22.0,"key":"Weak Potion"},{"floor":25.0,"key":"Block Potion"}],"is_trial":false,"path_per_floor":["M","?","?","?","M","E","R","M","T","M","M","$","R","M","R","B",null,"M","M","?","$","M","E","R","E","T","?","?","$","M","M","R","B"],"character_chosen":"IRONCLAD","items_purchased":["Bottled Flame","Inflame","Bloodletting","Strength Potion"],"campfire_rested":1,"item_purchase_floors":[12,29,29,29],"current_hp_per_floor":[74,69,69,58,64,70,70,75,75,70,75,75,75,75,75,43,67,53,34,34,34,40,39,39,43,43,43,46,61,49,30,52,0,0],"gold":65,"neow_bonus":"THREE_ENEMY_KILL","is_daily":false,"chose_seed":false,"campfire_upgraded":4,"win_rate":0.0,"timestamp":1610176600,"path_taken":["M","?","?","?","?","E","R","M","T","M","M","$","R","M","R","BOSS","M","M","?","$","M","E","R","E","T","?","?","$","M","M","R","BOSS"],"items_purchased_type":["Relic","Card","Card","Potion"],"build_version":"2020-12-22","purchased_purges":1,"victory":false,"max_hp_per_floor":[75,75,75,75,75,75,75,75,75,75,75,75,75,75,75,75,75,75,75,75,75,75,75,75,75,75,75,75,75,75,75,75,75,75],"card_choices":[{"not_picked":["Combust","Havoc"],"picked":"Inflame","floor":1.0},{"not_picked":["Anger","Carnage"],"picked":"Whirlwind","floor":5.0},{"not_picked":["Perfected Strike","Thunderclap"],"picked":"Twin Strike","floor":6.0},{"not_picked":["Twin Strike","Second Wind","Iron Wave"],"picked":"SKIP","floor":8.0},{"not_picked":["Dual Wield","Carnage"],"picked":"Flame Barrier","floor":10.0},{"not_picked":["Metallicize","Anger"],"picked":"Sword Boomerang","floor":11.0},{"not_picked":["Blood for Blood","Clash","Rage"],"picked":"SKIP","floor":14.0},{"not_picked":["Iron Wave","Entrench"],"picked":"Rampage","floor":18.0},{"not_picked":["Feel No Pain","Cleave"],"picked":"Shrug It Off","floor":19.0},{"not_picked":["Juggernaut","Entrench","Havoc"],"picked":"SKIP","floor":22.0},{"not_picked":["Entrench","Fire Breathing"],"picked":"Ghostly Armor","floor":23.0},{"not_picked":["Sentinel","Feel No Pain","Perfected Strike"],"picked":"SKIP","floor":25.0},{"not_picked":["Sentinel","Feel No Pain","Perfected Strike"],"picked":"SKIP","floor":25.0},{"not_picked":["Second Wind","Dropkick","Havoc"],"picked":"SKIP","floor":30},{"not_picked":["Fiend Fire","Feel No Pain","Havoc"],"picked":"SKIP","floor":31}],"player_experience":98793,"relics_obtained":[{"floor":6.0,"key":"Pen Nib"},{"floor":9.0,"key":"Lantern"},{"floor":23.0,"key":"Ornamental Fan"},{"floor":25.0,"key":"MealTicket"},{"floor":26.0,"key":"Nunchaku"},{"floor":28.0,"key":"Red Mask"}],"event_choices":[{"damage_healed":0.0,"max_hp_gain":0.0,"max_hp_loss":0.0,"gold_gain":0.0,"event_name":"Scrap Ooze","player_choice":"Success","floor":2.0,"gold_loss":0.0,"damage_taken":5.0,"relics_obtained":["Oddly Smooth Stone"]},{"cards_removed":["Strike_R"],"damage_healed":0.0,"max_hp_gain":0.0,"max_hp_loss":0.0,"gold_gain":0.0,"event_name":"Living Wall","player_choice":"Forget","floor":3.0,"gold_loss":0.0,"damage_taken":0.0},{"damage_healed":0.0,"max_hp_gain":0.0,"max_hp_loss":0.0,"gold_gain":75.0,"event_name":"World of Goop","player_choice":"Gather Gold","floor":4.0,"gold_loss":0.0,"damage_taken":11.0},{"damage_healed":0.0,"max_hp_gain":0.0,"max_hp_loss":0.0,"gold_gain":0.0,"event_name":"The Mausoleum","player_choice":"Opened","floor":20.0,"gold_loss":0.0,"damage_taken":0.0,"relics_obtained":["Mummified Hand"],"cards_obtained":["Writhe"]},{"damage_healed":0.0,"max_hp_gain":0.0,"max_hp_loss":0.0,"gold_gain":50.0,"event_name":"Nest","player_choice":"Stole From Cult","floor":27.0,"gold_loss":0.0,"damage_taken":0.0},{"damage_healed":0.0,"max_hp_gain":0.0,"max_hp_loss":0.0,"gold_gain":0.0,"event_name":"Masked Bandits","player_choice":"Fought Bandits","floor":28.0,"gold_loss":0.0,"damage_taken":0.0}],"is_beta":false,"boss_relics":[{"not_picked":["Runic Dome","SacredBark"],"picked":"Empty Cage"}],"items_purged_floors":[21],"is_endless":false,"potions_floor_spawned":[1,5,11,14,16,22,25,28,30],"killed_by":"Automaton","ascension_level":17}}