{"host":"s794kqxf2n1qz2yr","time":1610156229,"event":{"mods":["100% Spire Juice","2.2 Compatiblity","AchievementEnabler","Aspiration","BaseMod","ChefMod","Downfall","Friendly Minions","Hermit","HololiveMod","Melee Mod","Minty Spire (QoL Compilation)","Permanent Neow","StSLib","The Alterego","The Animator","The Disciple","The Marked"],"gold_per_floor":[13,13,30,58,81,81,102,156,156,184,228,228,228,148,148,253,253,302,302,338,415,444,478,478,516,539,553,553],"floor_reached":27,"playtime":1657,"items_purged":[],"score":382,"play_id":"a37ff81e-80b2-47cc-90a6-1a7a627f1c83","local_time":"20210109013709","is_ascension_mode":true,"campfire_choices":[{"data":"Hololive_CallUruhaRushia","floor":6,"key":"SMITH"},{"data":"Hololive_StrengthChampion","floor":12,"key":"SMITH"},{"data":"Hololive_StrengthChampion+1","floor":15,"key":"SMITH"},{"data":"Hololive_StrengthChampion+2","floor":24,"key":"SMITH"}],"circlet_count":0,"master_deck":["Hololive_Strike","Hololive_Strike","Hololive_Defend","Hololive_Defend","Hololive_Psychosis","Hololive_CallTokinoSora","Hololive_CallYozoraMel","Hololive_CallInugamiKorone","Hololive_CallAyundaRisu","Hololive_Thief","Hololive_CallOkamiMio","Hololive_CallSakuraMiko","Hololive_CocoNews","Hololive_CallUruhaRushia+1","Hololive_CallMurasakiShion","Hololive_CallSpadeEcho","Hololive_CallCivia","Hololive_StrengthChampion+3","Hololive_Thief","Hololive_DDD","Hololive_CallDoris+1","Hololive_CallMomosuzuNene+1","Hololive_FlyingPonyTail"],"relics":["Hololive_TheStar","Pear","Dream Catcher","aspiration:HummingbirdHeart","aspiration:HiddenCompartment","Runic Dome","Girya","Happy Flower"],"acts_visited":["Exordium","TheCity"],"potions_floor_usage":[],"damage_taken":[{"damage":0,"enemies":"Cultist","floor":1,"turns":2},{"damage":0,"enemies":"Small Slimes","floor":3,"turns":3},{"damage":0,"enemies":"Jaw Worm","floor":4,"turns":2},{"damage":0,"enemies":"Looter","floor":5,"turns":3},{"damage":0,"enemies":"Blue Slaver","floor":7,"turns":3},{"damage":0,"enemies":"Lagavulin","floor":8,"turns":4},{"damage":0,"enemies":"2 Fungi Beasts","floor":10,"turns":3},{"damage":0,"enemies":"Gremlin Nob","floor":11,"turns":4},{"damage":0,"enemies":"The Guardian","floor":16,"turns":6},{"damage":0,"enemies":"Shell Parasite","floor":18,"turns":5},{"damage":0,"enemies":"Chosen","floor":20,"turns":3},{"damage":0,"enemies":"Centurion and Healer","floor":21,"turns":8},{"damage":0,"enemies":"Sentry and Sphere","floor":22,"turns":4},{"damage":2,"enemies":"Slavers","floor":23,"turns":6},{"damage":0,"enemies":"Snake Plant","floor":25,"turns":4},{"damage":44,"enemies":"Gremlin Leader","floor":27,"turns":8}],"seed_played":"-7613035193583041275","potions_obtained":[{"floor":4,"key":"ColorlessPotion"},{"floor":7,"key":"Regen Potion"},{"floor":16,"key":"Energy Potion"}],"is_trial":false,"path_per_floor":["M","?","M","M","M","R","M","E","T","M","E","R","?","$","R","B",null,"M","?","M","M","M","E","R","M","T","E"],"character_chosen":"Hololive_HololiveCharacter","items_purchased":["Hololive_Thief"],"campfire_rested":0,"item_purchase_floors":[14],"current_hp_per_floor":[35,45,45,45,45,45,45,45,45,45,45,45,45,45,45,45,45,45,45,45,45,45,43,43,43,43,0,0],"gold":553,"neow_bonus":"THREE_RARE_CARDS","is_daily":false,"chose_seed":false,"campfire_upgraded":4,"win_rate":0.0,"timestamp":1610156229,"path_taken":["M","?","M","M","M","R","?","E","T","?","E","R","?","$","R","BOSS","M","?","M","M","M","E","R","M","T","E"],"items_purchased_type":["Card"],"build_version":"2020-12-22","purchased_purges":0,"victory":false,"max_hp_per_floor":[35,45,45,45,45,45,45,45,45,45,45,45,45,45,45,45,45,45,45,45,45,45,45,45,45,45,45,45],"card_choices":[{"not_picked":["Hololive_FlareMind","Hololive_StarCraft"],"picked":"Hololive_Thief","floor":0},{"not_picked":["Hololive_Psychosis","Hololive_Rebound","Hololive_CallYogiri"],"picked":"Hololive_CallOkamiMio","floor":1},{"not_picked":["Hololive_LuckPotion","Hololive_Breathe","Hololive_Trident"],"picked":"Hololive_CallSakuraMiko","floor":3},{"not_picked":["Hololive_OvertimeWork","Hololive_LuckPotion","Hololive_CallYozoraMel"],"picked":"Hololive_CocoNews","floor":4},{"not_picked":["Hololive_SoulCatcher","Hololive_CallShishiroBotan","Hololive_Yoholoon"],"picked":"Hololive_CallUruhaRushia","floor":5},{"not_picked":["Hololive_ASMR","Hololive_CallMoonaHoshinova","Hololive_CallNekomataOkayu"],"picked":"Hololive_CallMurasakiShion","floor":7},{"not_picked":["Hololive_FlyingPonyTail","Hololive_RevenueBasedLive","Hololive_OvertimeWork"],"picked":"Hololive_CallSpadeEcho","floor":8},{"not_picked":["Hololive_Breathe","Hololive_CallHoushouMarine","Hololive_Teleport"],"picked":"Hololive_CallCivia","floor":10},{"not_picked":["Hololive_Yoholoon","Hololive_ManjiGathering","Hololive_LuckPotion"],"picked":"Hololive_StrengthChampion","floor":11},{"not_picked":["Hololive_AWSL","Hololive_DiamondStrike","Hololive_Rebirth"],"picked":"Hololive_DDD","floor":16},{"not_picked":["Hololive_StrengthChampion","Hololive_HuntDinosaur","Hololive_CallMoonaHoshinova"],"picked":"Hololive_CallDoris+1","floor":18},{"not_picked":["Hololive_CallUsadaPekora+1","Hololive_Sequa","Hololive_CallNatsuiroMatsuri","Hololive_RevenueBasedLive+1"],"picked":"SKIP","floor":20},{"not_picked":["Hololive_Psychosis+1","Hololive_Sequa","Hololive_Rebound","Hololive_CallRoboco"],"picked":"SKIP","floor":21},{"not_picked":["Hololive_LuckPotion","Hololive_CocoNews","Hololive_Rebound+1","Hololive_HuntDinosaur+1"],"picked":"SKIP","floor":22},{"not_picked":["Hololive_CallShiranuiFlare","Hololive_HuntDinosaur","Hololive_Drill"],"picked":"Hololive_CallMomosuzuNene","floor":23},{"not_picked":["Hololive_CallOkamiMio","Hololive_Drill","Hololive_CallRoboco"],"picked":"Hololive_FlyingPonyTail","floor":25}],"player_experience":353233,"relics_obtained":[{"floor":8,"key":"Dream Catcher"},{"floor":9,"key":"aspiration:HummingbirdHeart"},{"floor":11,"key":"aspiration:HiddenCompartment"},{"floor":23,"key":"Girya"},{"floor":26,"key":"Happy Flower"}],"event_choices":[{"cards_removed":["Hololive_CallTsunomakiWatame"],"damage_healed":0,"gold_gain":0,"player_choice":"Gave Card","damage_taken":0,"relics_obtained":["Pear"],"max_hp_gain":0,"max_hp_loss":0,"event_name":"WeMeetAgain","floor":2,"gold_loss":0},{"damage_healed":0,"gold_gain":0,"player_choice":"Ignored","damage_taken":0,"max_hp_gain":0,"max_hp_loss":0,"event_name":"Liars Game","floor":13,"gold_loss":0},{"damage_healed":0,"gold_gain":0,"player_choice":"Bought 0 Potions","damage_taken":0,"max_hp_gain":0,"max_hp_loss":0,"event_name":"The Woman in Blue","floor":19,"gold_loss":0}],"is_beta":false,"boss_relics":[{"not_picked":["aspiration:SilentSkillbook","aspiration:FutureDiary"],"picked":"Runic Dome"}],"items_purged_floors":[],"is_endless":false,"potions_floor_spawned":[4,7,16,21,23],"killed_by":"Gremlin Leader","ascension_level":2}}