{"host":"0vlubjftylzdr3ny","time":1610232852,"event":{"mods":["Always Whale","BaseMod","GifTheSpireLib","Minty Spire (QoL Compilation)","Relic Filter","StSLib","Stuff the Spire"],"gold_per_floor":[111,128,128,141,158,158,176,176,176,176,190,103,114,148,148,225,225,241,131,111,131,81,81,108,108,156,173,173,203,203,46,46,46,46],"floor_reached":33,"playtime":1744,"items_purged":["Defend_G","Strike_G","Strike_G"],"score":649,"play_id":"0c78b3c8-acf8-4523-b181-377f595b211c","local_time":"20210109235412","is_ascension_mode":true,"campfire_choices":[{"data":"Noxious Fumes","floor":6,"key":"SMITH"},{"data":"Cloak And Dagger","floor":8,"key":"SMITH"},{"data":"Cloak And Dagger","floor":10,"key":"SMITH"},{"data":"Accuracy","floor":15,"key":"SMITH"},{"floor":23,"key":"REST"},{"data":"Cloak And Dagger","floor":25,"key":"SMITH"},{"data":"Adrenaline","floor":30,"key":"SMITH"},{"floor":32,"key":"REST"}],"circlet_count":0,"master_deck":["AscendersBane","Strike_G","Strike_G","Defend_G","Defend_G","Defend_G","Defend_G+1","Survivor+1","Neutralize+1","Noxious Fumes+1","Cloak And Dagger+1","Cloak And Dagger+1","Cloak And Dagger+1","Adrenaline+1","Backstab","Accuracy+1","Infinite Blades","Escape Plan+1","Cloak And Dagger+1","Impatience"],"relics":["Ring of the Snake","Smiling Mask","Gremlin Horn","SlaversCollar","Toy Ornithopter","War Paint","StuffTheSpire:Tea"],"acts_visited":["Exordium","TheCity"],"potions_floor_usage":[14,16,24,27,33,33],"damage_taken":[{"damage":0,"enemies":"2 Louse","floor":1,"turns":5},{"damage":0,"enemies":"Cultist","floor":2,"turns":5},{"damage":0,"enemies":"Jaw Worm","floor":4,"turns":4},{"damage":6,"enemies":"3 Louse","floor":5,"turns":5},{"damage":0,"enemies":"Large Slime","floor":7,"turns":7},{"damage":10,"enemies":"Looter","floor":11,"turns":4},{"damage":1,"enemies":"3 Louse","floor":13,"turns":4},{"damage":5,"enemies":"3 Sentries","floor":14,"turns":7},{"damage":15,"enemies":"The Guardian","floor":16,"turns":8},{"damage":11,"enemies":"Shell Parasite","floor":18,"turns":4},{"damage":7,"enemies":"2 Thieves","floor":20,"turns":4},{"damage":36,"enemies":"Snake Plant","floor":21,"turns":6},{"damage":0,"enemies":"Gremlin Leader","floor":24,"turns":4},{"damage":2,"enemies":"Snecko","floor":27,"turns":5},{"damage":19,"enemies":"Book of Stabbing","floor":29,"turns":4},{"damage":33,"enemies":"Automaton","floor":33,"turns":6}],"seed_played":"6192331643553617183","potions_obtained":[{"floor":4,"key":"FearPotion"},{"floor":7,"key":"DuplicationPotion"},{"floor":13,"key":"ColorlessPotion"},{"floor":16,"key":"Ancient Potion"},{"floor":20,"key":"DuplicationPotion"},{"floor":24,"key":"Strength Potion"},{"floor":27,"key":"CunningPotion"},{"floor":29,"key":"Block Potion"}],"is_trial":false,"path_per_floor":["M","M","?","M","M","R","M","R","T","R","M","$","M","E","R","B",null,"M","?","M","M","$","R","E","R","T","M","?","E","R","$","R","B"],"character_chosen":"THE_SILENT","items_purchased":["Backstab","Impatience"],"campfire_rested":2,"item_purchase_floors":[12,31],"current_hp_per_floor":[59,59,59,59,53,53,53,53,53,53,43,43,42,37,37,22,55,44,44,37,1,1,20,20,20,20,23,23,4,4,4,23,0,0],"gold":46,"neow_bonus":"UPGRADE_CARD","is_daily":false,"chose_seed":false,"campfire_upgraded":6,"win_rate":0.0,"timestamp":1610232852,"path_taken":["M","M","?","M","?","R","M","R","T","R","M","$","M","E","R","BOSS","M","?","M","M","$","R","E","R","T","?","?","E","R","$","R","BOSS"],"items_purchased_type":["Card","Card"],"build_version":"2020-12-22","purchased_purges":3,"victory":false,"max_hp_per_floor":[66,66,66,66,66,66,66,66,66,66,66,66,66,66,66,66,66,66,66,66,66,66,66,66,66,66,66,66,66,66,66,66,66,66],"card_choices":[{"not_picked":["Bane","Acrobatics"],"picked":"Noxious Fumes","floor":1},{"not_picked":["StuffTheSpire:BumpUp","Poisoned Stab"],"picked":"Cloak And Dagger","floor":2},{"not_picked":["Dagger Throw","Slice"],"picked":"Cloak And Dagger","floor":4},{"not_picked":["Quick Slash","Flying Knee"],"picked":"Adrenaline","floor":5},{"not_picked":["Sucker Punch","Flying Knee","Acrobatics"],"picked":"SKIP","floor":7},{"not_picked":["Quick Slash","Heel Hook","Setup"],"picked":"SKIP","floor":11},{"not_picked":["StuffTheSpire:BrimstoneBlast","StuffTheSpire:BumpUp"],"picked":"Accuracy","floor":13},{"not_picked":["Bouncing Flask","Dodge and Roll"],"picked":"Infinite Blades","floor":14},{"not_picked":["Underhanded Strike+1","Poisoned Stab"],"picked":"Escape Plan","floor":18},{"not_picked":["PiercingWail","Poisoned Stab","Deflect"],"picked":"SKIP","floor":20},{"not_picked":["Acrobatics","Backstab","Underhanded Strike"],"picked":"SKIP","floor":21},{"not_picked":["Backflip","Night Terror","Poisoned Stab"],"picked":"SKIP","floor":24},{"not_picked":["Deadly Poison","Outmaneuver"],"picked":"Cloak And Dagger","floor":27},{"not_picked":["Skewer","Bouncing Flask","Doppelganger"],"picked":"SKIP","floor":29}],"player_experience":800159,"relics_obtained":[{"floor":9,"key":"Smiling Mask"},{"floor":14,"key":"Gremlin Horn"},{"floor":24,"key":"Toy Ornithopter"},{"floor":26,"key":"War Paint"},{"floor":29,"key":"StuffTheSpire:Tea"}],"event_choices":[{"damage_healed":0,"gold_gain":0,"player_choice":"1 cards matched","damage_taken":0,"max_hp_gain":0,"max_hp_loss":0,"event_name":"Match and Keep!","floor":3,"gold_loss":0,"cards_obtained":["Cloak And Dagger"]},{"cards_removed":["Strike_G"],"damage_healed":0,"gold_gain":0,"player_choice":"Upgrade and Remove","damage_taken":0,"max_hp_gain":0,"max_hp_loss":0,"event_name":"Designer","floor":19,"gold_loss":110,"cards_upgraded":["Escape Plan"]},{"damage_healed":0,"gold_gain":0,"player_choice":"Upgraded","damage_taken":0,"max_hp_gain":0,"max_hp_loss":0,"event_name":"Upgrade Shrine","floor":28,"gold_loss":0,"cards_upgraded":["Cloak And Dagger"]}],"is_beta":false,"boss_relics":[{"not_picked":["Astrolabe","Black Star"],"picked":"SlaversCollar"}],"items_purged_floors":[12,22,31],"is_endless":false,"potions_floor_spawned":[4,7,13,16,20,24,27,29],"killed_by":"Automaton","ascension_level":20}}