{"host":"foq4mrde4mssg7vt","time":1610209408,"event":{"mods":["AchievementEnabler","BaseMod","Colored Map","Colored Powertips","Highlight Path","Minty Spire (QoL Compilation)","Relic Stats","everything is the same but u backflip on backflip"],"gold_per_floor":[111,130,143,160,211,211,245,245,268,288,306,334,350,425,425,499,499,499,499,205,205,175,175,175,175,175,175,175,175,175,175,175,175,175,175,175,21,21,21,21,21,21,21,21,21],"floor_reached":44,"playtime":1681,"items_purged":["Strike_R"],"score":975,"play_id":"0d61213f-f73b-4bfe-af4d-ca56eed019aa","local_time":"20210110002328","is_ascension_mode":true,"campfire_choices":[{"data":"Twin Strike","floor":6.0,"key":"SMITH"},{"data":"Shockwave","floor":8.0,"key":"SMITH"},{"data":"Shrug It Off","floor":15.0,"key":"SMITH"},{"data":"True Grit","floor":23.0,"key":"SMITH"},{"floor":28.0,"key":"REST"},{"floor":30.0,"key":"REST"},{"floor":32.0,"key":"REST"},{"floor":41.0,"key":"REST"}],"circlet_count":0,"master_deck":["AscendersBane","Strike_R","Strike_R","Strike_R","Defend_R","Defend_R","Defend_R","Defend_R","Bash+1","Pommel Strike","Carnage","Shockwave+1","Twin Strike+1","Anger","Shrug It Off+1","Battle Trance","Impervious","True Grit+1","RitualDagger","Inflame","Shrug It Off+1","Spot Weakness","Limit Break","CurseOfTheBell","Sword Boomerang","Burning Pact","Disarm+1"],"relics":["Burning Blood","Boot","Pen Nib","Art of War","Ectoplasm","DollysMirror","Kunai","Juzu Bracelet","Potion Belt","Calling Bell","Bronze Scales","Paper Frog","Girya","OrangePellets","Du-Vu Doll","Pantograph"],"acts_visited":["Exordium","TheCity","TheBeyond"],"potions_floor_usage":[],"damage_taken":[{"damage":0.0,"enemies":"Small Slimes","floor":1.0,"turns":3.0},{"damage":6.0,"enemies":"Jaw Worm","floor":2.0,"turns":4.0},{"damage":0.0,"enemies":"2 Louse","floor":3.0,"turns":2.0},{"damage":8.0,"enemies":"Looter","floor":4.0,"turns":2.0},{"damage":20.0,"enemies":"Lagavulin","floor":7.0,"turns":5.0},{"damage":10.0,"enemies":"Blue Slaver","floor":10.0,"turns":4.0},{"damage":8.0,"enemies":"3 Louse","floor":11.0,"turns":3.0},{"damage":8.0,"enemies":"Gremlin Nob","floor":12.0,"turns":3.0},{"damage":0.0,"enemies":"Exordium Thugs","floor":13.0,"turns":3.0},{"damage":25.0,"enemies":"The Guardian","floor":16.0,"turns":11.0},{"damage":9.0,"enemies":"3 Byrds","floor":18.0,"turns":5.0},{"damage":11.0,"enemies":"2 Thieves","floor":22.0,"turns":3.0},{"damage":36.0,"enemies":"Gremlin Leader","floor":24.0,"turns":6.0},{"damage":0.0,"enemies":"3 Cultists","floor":25.0,"turns":3.0},{"damage":31.0,"enemies":"Slavers","floor":29.0,"turns":4.0},{"damage":23.0,"enemies":"Book of Stabbing","floor":31.0,"turns":5.0},{"damage":11.0,"enemies":"Collector","floor":33.0,"turns":7.0},{"damage":22.0,"enemies":"Orb Walker","floor":35.0,"turns":5.0},{"damage":32.0,"enemies":"Giant Head","floor":40.0,"turns":7.0},{"damage":42,"enemies":"Reptomancer","floor":42,"turns":6},{"damage":16,"enemies":"3 Shapes","floor":44,"turns":4}],"seed_played":"7053158182145954860","potions_obtained":[{"floor":2.0,"key":"Fire Potion"},{"floor":4.0,"key":"Block Potion"},{"floor":16.0,"key":"SteroidPotion"},{"floor":22.0,"key":"DistilledChaos"},{"floor":24.0,"key":"Weak Potion"},{"floor":38.0,"key":"DistilledChaos"},{"floor":38.0,"key":"Swift Potion"}],"is_trial":false,"path_per_floor":["M","M","M","M","?","R","E","R","T","M","M","E","M","?","R","B",null,"M","?","$","?","M","R","E","M","T","?","R","E","R","E","R","B",null,"M","?","$","?","$","E","R","E","T","M"],"character_chosen":"IRONCLAD","items_purchased":["Inflame","DollysMirror","OrangePellets"],"campfire_rested":4,"item_purchase_floors":[20,20,37],"current_hp_per_floor":[74,74,75,73,73,73,59,59,59,55,53,51,57,46,46,27,63,60,54,54,54,49,49,19,25,25,25,47,22,44,27,49,44,67,51,51,51,51,51,25,47,11,11,0,0],"gold":21,"neow_bonus":"UPGRADE_CARD","is_daily":false,"chose_seed":false,"campfire_upgraded":4,"win_rate":0.0,"timestamp":1610209408,"path_taken":["M","M","M","M","?","R","E","R","T","M","M","E","M","?","R","BOSS","M","?","$","?","M","R","E","M","T","?","R","E","R","E","R","BOSS","M","?","?","?","?","E","R","E","T","M"],"items_purchased_type":["Card","Relic","Relic"],"build_version":"2020-12-22","purchased_purges":1,"victory":false,"max_hp_per_floor":[75,75,75,75,75,75,75,75,75,75,75,75,75,75,75,75,75,75,75,75,75,75,75,75,75,75,75,75,75,75,75,75,75,75,75,75,75,75,75,75,75,75,75,75,75],"relic_stats":{"OrangePellets":[0],"counters":[21,95],"Bronze Scales":[49],"Pantograph":0,"Pen Nib":[13],"Ectoplasm":331,"Art of War":[11],"Juzu Bracelet":1,"Kunai":[11],"Boot":[22],"obtain_stats":[{"Potion Belt":31,"Girya":34,"Pen Nib":9,"Juzu Bracelet":26,"Boot":7,"Burning Blood":0,"Calling Bell":34,"Du-Vu Doll":40,"OrangePellets":37,"DollysMirror":20,"Bronze Scales":34,"Pantograph":42,"Ectoplasm":17,"Art of War":12,"Kunai":24,"Paper Frog":34},{"Potion Belt":16,"Girya":17,"Pen Nib":5,"Juzu Bracelet":14,"Boot":5,"Burning Blood":0,"Calling Bell":17,"Du-Vu Doll":19,"OrangePellets":18,"DollysMirror":11,"Bronze Scales":17,"Pantograph":20,"Ectoplasm":10,"Art of War":8,"Kunai":13,"Paper Frog":17},{"Potion Belt":66,"Girya":73,"Pen Nib":16,"Juzu Bracelet":57,"Boot":16,"Burning Blood":0,"Calling Bell":73,"Du-Vu Doll":85,"OrangePellets":78,"DollysMirror":45,"Bronze Scales":73,"Pantograph":91,"Ectoplasm":40,"Art of War":26,"Kunai":54,"Paper Frog":73}],"Burning Blood":115},"card_choices":[{"not_picked":["Flex","Rage"],"picked":"Pommel Strike","floor":1.0},{"not_picked":["Flame Barrier","Iron Wave"],"picked":"Carnage","floor":2.0},{"not_picked":["Ghostly Armor","Flame Barrier"],"picked":"Shockwave","floor":3.0},{"not_picked":["Rampage","Burning Pact"],"picked":"Twin Strike","floor":4.0},{"not_picked":["Blood for Blood","Evolve"],"picked":"Anger","floor":7.0},{"not_picked":["Searing Blow","Havoc"],"picked":"Shrug It Off","floor":10.0},{"not_picked":["Sword Boomerang","Sever Soul","Cleave"],"picked":"SKIP","floor":11.0},{"not_picked":["Twin Strike","Sword Boomerang"],"picked":"Battle Trance","floor":12.0},{"not_picked":["Flex","Havoc","Heavy Blade"],"picked":"SKIP","floor":13.0},{"not_picked":["Double Tap","Exhume"],"picked":"Impervious","floor":16.0},{"not_picked":["Reckless Charge","Flex"],"picked":"True Grit","floor":18.0},{"not_picked":["Iron Wave","Evolve","True Grit"],"picked":"SKIP","floor":22.0},{"not_picked":["Intimidate","Havoc","Bludgeon"],"picked":"SKIP","floor":24.0},{"not_picked":["Bloodletting","Intimidate","Rage"],"picked":"SKIP","floor":25.0},{"not_picked":["True Grit","Wild Strike","Cleave"],"picked":"SKIP","floor":29.0},{"not_picked":["Shrug It Off","Spot Weakness+1","Rampage+1"],"picked":"SKIP","floor":31.0},{"not_picked":["Feed","Fiend Fire"],"picked":"Limit Break","floor":33.0},{"not_picked":["Rupture","Pommel Strike+1"],"picked":"Sword Boomerang","floor":35.0},{"not_picked":["Intimidate+1","Thunderclap","Rupture+1"],"picked":"SKIP","floor":40.0},{"not_picked":["Reckless Charge","Cleave+1"],"picked":"Disarm+1","floor":42}],"player_experience":424126,"relics_obtained":[{"floor":7.0,"key":"Boot"},{"floor":9.0,"key":"Pen Nib"},{"floor":12.0,"key":"Art of War"},{"floor":24.0,"key":"Kunai"},{"floor":26.0,"key":"Juzu Bracelet"},{"floor":31.0,"key":"Potion Belt"},{"floor":34.0,"key":"Bronze Scales"},{"floor":34.0,"key":"Paper Frog"},{"floor":34.0,"key":"Girya"},{"floor":40.0,"key":"Du-Vu Doll"},{"floor":42,"key":"Pantograph"}],"event_choices":[{"damage_healed":0.0,"max_hp_gain":0.0,"max_hp_loss":0.0,"gold_gain":51.0,"event_name":"Golden Wing","player_choice":"Gained Gold","floor":5.0,"gold_loss":0.0,"damage_taken":0.0},{"damage_healed":0.0,"max_hp_gain":0.0,"max_hp_loss":0.0,"gold_gain":75.0,"event_name":"World of Goop","player_choice":"Gather Gold","floor":14.0,"gold_loss":0.0,"damage_taken":11.0},{"damage_healed":0.0,"max_hp_gain":0.0,"max_hp_loss":0.0,"gold_gain":0.0,"event_name":"Nest","player_choice":"Joined the Cult","floor":19.0,"gold_loss":0.0,"damage_taken":6.0,"cards_obtained":["RitualDagger"]},{"damage_healed":0.0,"max_hp_gain":0.0,"max_hp_loss":0.0,"gold_gain":0.0,"event_name":"The Library","player_choice":"Read","floor":21.0,"gold_loss":0.0,"damage_taken":0.0,"cards_obtained":["Spot Weakness"]},{"damage_healed":0.0,"max_hp_gain":0.0,"max_hp_loss":0.0,"gold_gain":0.0,"event_name":"Ghosts","player_choice":"Ignored","floor":27.0,"gold_loss":0.0,"damage_taken":0.0},{"damage_healed":0.0,"max_hp_gain":0.0,"max_hp_loss":0.0,"gold_gain":0.0,"cards_transformed":["Strike_R"],"event_name":"Transmorgrifier","player_choice":"Transformed","floor":36.0,"gold_loss":0.0,"damage_taken":0.0,"cards_obtained":["Burning Pact"]},{"damage_healed":0.0,"max_hp_gain":0.0,"max_hp_loss":0.0,"gold_gain":0.0,"event_name":"Lab","player_choice":"Got Potions","floor":38.0,"gold_loss":0.0,"damage_taken":0.0}],"is_beta":false,"boss_relics":[{"not_picked":["Runic Pyramid","Empty Cage"],"picked":"Ectoplasm"},{"not_picked":["Runic Cube","Philosopher\u0027s Stone"],"picked":"Calling Bell"}],"items_purged_floors":[20],"is_endless":false,"potions_floor_spawned":[2,4,11,12,16,22,24],"killed_by":"3 Shapes","ascension_level":15}}