{"host":"u4tznopnj1dsdkte","time":1610224060,"event":{"mods":["AchievementEnabler","BaseMod","Colored Map","Colored Powertips","DeckTracker","Highlight Path","Minty Spire (QoL Compilation)","Relic Stats"],"gold_per_floor":[363,363,375,391,15,15,45,45,45,45,45,56,56,76,76,151,151,170,170,188,188,200,0,0,0,51,63,104,133,155,184,196,208,208],"floor_reached":33,"playtime":1507,"items_purged":["Strike_R"],"score":584,"play_id":"0d4225ed-c402-4fd8-91b5-335092991209","local_time":"20210109212740","is_ascension_mode":true,"campfire_choices":[{"data":"Double Tap","floor":6,"key":"SMITH"},{"floor":11,"key":"REST"},{"data":"Sever Soul","floor":13,"key":"SMITH"},{"data":"Sever Soul","floor":15,"key":"SMITH"},{"data":"Thinking Ahead","floor":25,"key":"SMITH"},{"data":"Battle Trance","floor":27,"key":"SMITH"},{"floor":32,"key":"REST"}],"circlet_count":0,"master_deck":["AscendersBane","Defend_R","Defend_R","Defend_R","Defend_R","Bash","Sever Soul+1","Clash","Double Tap+1","Clash","Sever Soul+1","Battle Trance+1","Berserk","Clash","Feed","Sentinel+1","Clash","Bite","Bite","Bite","Bite","Bite","Thinking Ahead+1","Power Through","Power Through","Second Wind+1"],"relics":["Black Blood","Pantograph","Vajra","Red Skull","MawBank","Oddly Smooth Stone"],"acts_visited":["Exordium","TheCity"],"potions_floor_usage":[7,22,28,31],"damage_taken":[{"damage":12,"enemies":"Jaw Worm","floor":1,"turns":4},{"damage":8,"enemies":"2 Louse","floor":3,"turns":3},{"damage":10,"enemies":"Small Slimes","floor":4,"turns":4},{"damage":15,"enemies":"Lagavulin","floor":7,"turns":4},{"damage":13,"enemies":"Red Slaver","floor":12,"turns":3},{"damage":0,"enemies":"Looter","floor":14,"turns":1},{"damage":60,"enemies":"The Guardian","floor":16,"turns":7},{"damage":38,"enemies":"3 Byrds","floor":18,"turns":5},{"damage":0,"enemies":"Chosen","floor":20,"turns":3},{"damage":24,"enemies":"Snake Plant","floor":22,"turns":3},{"damage":14,"enemies":"Gremlin Leader","floor":28,"turns":6},{"damage":16,"enemies":"Snecko","floor":29,"turns":4},{"damage":23,"enemies":"Shelled Parasite and Fungi","floor":30,"turns":4},{"damage":54,"enemies":"Chosen and Byrds","floor":31,"turns":7},{"damage":69,"enemies":"Automaton","floor":33,"turns":7}],"seed_played":"-2619869031714835737","potions_obtained":[{"floor":12,"key":"BlessingOfTheForge"},{"floor":20,"key":"FearPotion"},{"floor":22,"key":"FearPotion"},{"floor":29,"key":"Strength Potion"},{"floor":30,"key":"ColorlessPotion"}],"is_trial":false,"path_per_floor":["M","?","M","M","$","R","E","?","T","$","R","M","R","M","R","B",null,"M","?","M","?","M","$","?","R","T","R","E","M","M","M","R","B"],"character_chosen":"IRONCLAD","items_purchased":["Double Tap","Clash","Sever Soul","Regen Potion","Thinking Ahead"],"campfire_rested":2,"item_purchase_floors":[5,5,5,5,23],"current_hp_per_floor":[44,39,37,33,33,33,36,36,36,36,58,51,51,57,57,21,62,36,36,48,48,45,45,39,39,39,39,55,53,48,13,29,0,0],"gold":208,"neow_bonus":"TWO_FIFTY_GOLD","is_daily":false,"chose_seed":false,"campfire_upgraded":5,"win_rate":0.0,"timestamp":1610224060,"path_taken":["M","?","M","M","$","R","E","?","T","?","R","M","R","?","R","BOSS","M","?","M","?","M","$","?","R","T","R","E","?","M","M","R","BOSS"],"items_purchased_type":["Card","Card","Card","Potion","Card"],"build_version":"2020-12-22","purchased_purges":1,"victory":false,"max_hp_per_floor":[75,75,75,75,75,75,75,75,75,75,75,75,75,75,75,75,75,75,75,75,52,52,52,52,52,52,52,55,55,55,55,55,55,55],"relic_stats":{"counters":[15,65],"Pantograph":43,"Black Blood":121,"MawBank":84,"obtain_stats":[{"Pantograph":2,"Vajra":7,"Black Blood":17,"Oddly Smooth Stone":28,"MawBank":26,"Burning Blood":0,"Red Skull":9},{"Pantograph":1,"Vajra":4,"Black Blood":7,"Oddly Smooth Stone":11,"MawBank":10,"Burning Blood":0,"Red Skull":4},{"Pantograph":4,"Vajra":15,"Black Blood":26,"Oddly Smooth Stone":43,"MawBank":37,"Burning Blood":0,"Red Skull":15}]},"card_choices":[{"not_picked":["Clothesline","Sword Boomerang"],"picked":"Sever Soul","floor":1},{"not_picked":["Flex","Perfected Strike"],"picked":"Clash","floor":3},{"not_picked":["Body Slam","Flex","Heavy Blade"],"picked":"SKIP","floor":4},{"not_picked":["Searing Blow","Evolve"],"picked":"Battle Trance","floor":7},{"not_picked":["Perfected Strike","True Grit"],"picked":"Berserk","floor":12},{"not_picked":["Headbutt","Perfected Strike"],"picked":"Clash","floor":14},{"not_picked":["Exhume","Demon Form"],"picked":"Feed","floor":16},{"not_picked":["Fire Breathing","Metallicize"],"picked":"Sentinel+1","floor":18},{"not_picked":["Perfected Strike","Heavy Blade"],"picked":"Clash","floor":20},{"not_picked":["Perfected Strike+1","Carnage","Seeing Red"],"picked":"SKIP","floor":22},{"not_picked":["Spot Weakness+1","Twin Strike","Shrug It Off"],"picked":"SKIP","floor":28},{"not_picked":["Limit Break","Evolve"],"picked":"Power Through","floor":29},{"not_picked":["Clash","Iron Wave"],"picked":"Power Through","floor":30},{"not_picked":["Shrug It Off","Disarm"],"picked":"Second Wind+1","floor":31}],"player_experience":1244255,"relics_obtained":[{"floor":7,"key":"Vajra"},{"floor":9,"key":"Red Skull"},{"floor":26,"key":"MawBank"},{"floor":28,"key":"Oddly Smooth Stone"}],"event_choices":[{"damage_healed":0,"gold_gain":0,"player_choice":"Success","damage_taken":5,"relics_obtained":["Pantograph"],"max_hp_gain":0,"max_hp_loss":0,"event_name":"Scrap Ooze","floor":2,"gold_loss":0},{"damage_healed":0,"gold_gain":0,"player_choice":"Ignored","damage_taken":0,"max_hp_gain":0,"max_hp_loss":0,"event_name":"Shining Light","floor":8,"gold_loss":0},{"damage_healed":0,"gold_gain":0,"player_choice":"Ignored","damage_taken":0,"max_hp_gain":0,"max_hp_loss":0,"event_name":"The Mausoleum","floor":19,"gold_loss":0},{"damage_healed":0,"gold_gain":0,"player_choice":"Became a vampire","damage_taken":0,"max_hp_gain":0,"max_hp_loss":23,"event_name":"Vampires","floor":21,"gold_loss":0,"cards_obtained":["Bite","Bite","Bite","Bite","Bite"]},{"damage_healed":0,"gold_gain":0,"player_choice":"","damage_taken":6,"max_hp_gain":0,"max_hp_loss":0,"event_name":"Knowing Skull","floor":24,"potions_obtained":[],"gold_loss":0,"cards_obtained":[]}],"is_beta":false,"boss_relics":[{"not_picked":["SlaversCollar","Velvet Choker"],"picked":"Black Blood"}],"items_purged_floors":[5],"is_endless":false,"potions_floor_spawned":[12,20,22,29,30],"killed_by":"Automaton","ascension_level":20}}