{"host":"mtg945c5jssv10ty","time":1610211959,"event":{"mods":["Ascension Unlocker","BaseMod","Downfall","Minty Spire (QoL Compilation)","StSLib","SuperFastMode"],"gold_per_floor":[99,99,24,24,124,157,184,214,242,267,287,124,124,136,154,259,259,159,177,191,209,209,209,232,232,232,261,261,49,67,100,111,216,216,216,230,256,93,93,78,78,91,117,17,52,52,82,67,82,82],"floor_reached":51,"playtime":2696,"items_purged":["champ:Strike","Normality"],"score":963,"play_id":"81d02c88-b9db-4df8-b45b-40930658335a","local_time":"20210109120559","is_ascension_mode":true,"campfire_choices":[{"floor":1.0,"key":"RECALL"},{"data":"Injury","floor":13.0,"key":"PURGE"},{"data":"Injury","floor":18.0,"key":"PURGE"},{"floor":26.0,"key":"REST"},{"data":"champ:UltimateStance","floor":28.0,"key":"SMITH"},{"data":"Injury","floor":35.0,"key":"PURGE"},{"floor":44.0,"key":"REST"},{"floor":46.0,"key":"REST"}],"circlet_count":0,"master_deck":["champ:Strike","champ:Strike","champ:Strike","champ:Defend","champ:Defend","champ:Defend","champ:Defend","champ:Execute","champ:Taunt","champ:FancyFootwork","champ:BerserkersShout","champ:HoldFirm","champ:FancyFootwork","champ:FocusedDefense","champ:GutPunch","champ:BringItOn","champ:BringItOn","champ:PreciseThrust","champ:DefensiveShout","champ:GladiatorStyle","champ:EnchantCrown","champ:CrownThrow","champ:Haymaker","champ:UltimateStance+1","champ:LastStand","champ:EnGarde+1","champ:GladiatorStyle","champ:BringItOn","champ:EnGarde","champ:DancingMaster","champ:PreciseThrust","champ:MurderStrike","champ:Lariat+1","champ:BerserkersShout","champ:GladiatorStyle","champ:FocusedBerserking","expansioncontent:AwakenDeath","expansioncontent:Chronoboost","expansioncontent:AwakenDeath","champ:UltimateStance","champ:ArenaPreparation+1","champ:EnchantSword","champ:RisingSlash","champ:CalledShot+1","champ:FancyFootwork+1"],"relics":["champ:ChampionCrown","downfall:HeartsMalice","Blue Candle","WingedGreaves","Potion Belt","MealTicket","Lizard Tail","Peace Pipe","champ:PowerArmor","downfall:HeartBlessingRed","champ:GladiatorsBookOfMartialProwess","PreservedInsect","Question Card","champ:FightingForDummies","Regal Pillow","Philosopher\u0027s Stone","Pear","Ancient Tea Set","downfall:HeartBlessingGreen","Bottled Tornado","Bag of Marbles"],"acts_visited":["Exordium","TheCity","TheBeyond"],"potions_floor_usage":[50,50],"damage_taken":[{"damage":0.0,"enemies":"Cultist","floor":2.0,"turns":1.0},{"damage":0.0,"enemies":"downfall:FleeingMerchant","floor":3.0,"turns":1.0},{"damage":0.0,"enemies":"Gremlin Nob","floor":6.0,"turns":1.0},{"damage":49.0,"enemies":"Lagavulin","floor":8.0,"turns":10.0},{"damage":43.0,"enemies":"3 Sentries","floor":9.0,"turns":8.0},{"damage":60.0,"enemies":"Lagavulin","floor":10.0,"turns":8.0},{"damage":12.0,"enemies":"Jaw Worm","floor":11.0,"turns":4.0},{"damage":29.0,"enemies":"downfall:FleeingMerchant","floor":12.0,"turns":4.0},{"damage":20.0,"enemies":"Small Slimes","floor":14.0,"turns":3.0},{"damage":22.0,"enemies":"2 Fungi Beasts","floor":15.0,"turns":4.0},{"damage":59.0,"enemies":"downfall:Defect","floor":16.0,"turns":13.0},{"damage":28.0,"enemies":"Chosen","floor":19.0,"turns":6.0},{"damage":26.0,"enemies":"Shell Parasite","floor":20.0,"turns":4.0},{"damage":53.0,"enemies":"Cultist and Chosen","floor":21.0,"turns":9.0},{"damage":67.0,"enemies":"Slavers","floor":27.0,"turns":4.0},{"damage":25.0,"enemies":"downfall:FleeingMerchant","floor":29.0,"turns":4.0},{"damage":35.0,"enemies":"3 Cultists","floor":30.0,"turns":5.0},{"damage":27.0,"enemies":"Book of Stabbing","floor":31.0,"turns":6.0},{"damage":20.0,"enemies":"Snecko","floor":32.0,"turns":5.0},{"damage":71.0,"enemies":"downfall:Watcher","floor":33.0,"turns":10.0},{"damage":20.0,"enemies":"Orb Walker","floor":36.0,"turns":3.0},{"damage":10.0,"enemies":"downfall:FleeingMerchant","floor":38.0,"turns":4.0},{"damage":25.0,"enemies":"downfall:FleeingMerchant","floor":40.0,"turns":4.0},{"damage":80.0,"enemies":"3 Darklings","floor":42.0,"turns":8.0},{"damage":113.0,"enemies":"Giant Head","floor":43.0,"turns":9.0},{"damage":80.0,"enemies":"Reptomancer","floor":45.0,"turns":8.0},{"damage":43.0,"enemies":"Nemesis","floor":47.0,"turns":7.0},{"damage":39,"enemies":"downfall:FleeingMerchant","floor":48,"turns":4},{"damage":79,"enemies":"Maw","floor":49,"turns":7},{"damage":85,"enemies":"downfall:Silent","floor":50,"turns":10}],"seed_played":"-2527540312737228233","potions_obtained":[{"floor":8.0,"key":"hexamod:SoulburnPotion"},{"floor":9.0,"key":"champ:OpenerPotion"},{"floor":11.0,"key":"bronze:BurnAndBuffPotion"},{"floor":15.0,"key":"hexamod:SoulburnPotion"},{"floor":19.0,"key":"AttackPotion"},{"floor":30.0,"key":"Explosive Potion"},{"floor":32.0,"key":"EntropicBrew"},{"floor":36.0,"key":"Ancient Potion"},{"floor":45.0,"key":"ColorlessPotion"},{"floor":47.0,"key":"PowerPotion"}],"is_trial":false,"path_per_floor":["R","M","$","?","?","E","T","E","E","E","M","$","R","M","M","B",null,"R","M","M","M","?","?","T","?","R","E","R","$","M","E","M","B",null,"R","M","T","$","?","$","T","M","E","R","E","R","E","?","M","B",null],"character_chosen":"THE_CHAMP","items_purchased":["champ:DefensiveShout","champ:FightingForDummies","champ:BringItOn","champ:GladiatorStyle","champ:FocusedBerserking"],"campfire_rested":3,"item_purchase_floors":[12,29,29,38,38],"current_hp_per_floor":[90,90,90,95,100,100,100,96,78,53,51,62,62,57,55,36,100,100,87,71,38,38,38,38,38,68,36,36,51,51,39,39,14,100,100,90,90,100,90,100,110,65,43,91,51,99,81,52,74,29],"gold":82,"neow_bonus":"THREE_ENEMY_KILL","is_daily":false,"chose_seed":false,"campfire_upgraded":1,"win_rate":0.0,"timestamp":1610211959,"path_taken":["R","M","?","?","?","E","T","E","E","E","M","$","R","M","M","BOSS","R","M","M","M","?","?","T","?","R","E","R","$","?","E","M","BOSS","R","M","?","$","?","?","T","M","E","R","E","R","E","?","M","BOSS"],"items_purchased_type":["Card","Relic","Card","Card","Card"],"build_version":"2020-12-22","purchased_purges":2,"victory":true,"max_hp_per_floor":[90,90,90,95,100,100,100,100,100,100,100,100,100,100,100,100,100,100,100,100,100,100,100,100,100,100,100,100,100,100,100,100,100,100,100,100,100,100,100,100,110,110,110,110,110,110,110,110,110,110],"card_choices":[{"not_picked":["champ:RageSigil","champ:AdrenalArmor"],"picked":"champ:FancyFootwork","floor":2.0},{"not_picked":["champ:PreemptiveStrike","champ:EnGarde"],"picked":"champ:BerserkersShout","floor":3.0},{"not_picked":["champ:ShieldSigil","champ:FalseCounter"],"picked":"champ:FancyFootwork","floor":6.0},{"not_picked":["champ:EndlessRage","champ:HeavySlash"],"picked":"champ:FocusedDefense","floor":8.0},{"not_picked":["champ:DefensiveShout","champ:CrookedStrike"],"picked":"champ:GutPunch","floor":9.0},{"not_picked":["champ:TornadoPunch","champ:FlashCut"],"picked":"champ:BringItOn","floor":10.0},{"not_picked":["champ:FanOfKnives","champ:BladeFlurry"],"picked":"champ:BringItOn","floor":11.0},{"not_picked":["champ:CrookedStrike","champ:Parry"],"picked":"champ:PreciseThrust","floor":12.0},{"not_picked":["champ:Parry","champ:CrownThrow"],"picked":"champ:FalseCounter","floor":14.0},{"not_picked":["champ:StanceDance","champ:GutPunch"],"picked":"champ:GladiatorStyle","floor":15.0},{"not_picked":["champ:HeavySlash","champ:ShieldThrow"],"picked":"champ:EnchantCrown","floor":16.0},{"not_picked":["champ:BerserkersShout","champ:PerfectedStrike"],"picked":"champ:CrownThrow","floor":19.0},{"not_picked":["champ:FanOfKnives","champ:FaceSlap"],"picked":"champ:Haymaker","floor":20.0},{"not_picked":["champ:GutPunch","champ:FocusedDefense"],"picked":"champ:UltimateStance","floor":21.0},{"not_picked":["champ:GladiatorStyle","champ:BladeFlurry"],"picked":"champ:EnGarde+1","floor":27.0},{"not_picked":["champ:TornadoPunch","champ:AdrenalArmor","champ:SkillfulDodge"],"picked":"champ:GladiatorStyle","floor":29.0},{"not_picked":["champ:FaceSlap+1","champ:Backstep","champ:CrookedStrike"],"picked":"champ:EnGarde","floor":30.0},{"not_picked":["champ:FancyFootwork","champ:Shatter+1","champ:StrikeOfGenius"],"picked":"champ:DancingMaster","floor":31.0},{"not_picked":["champ:Haymaker","champ:FanOfKnives","champ:ArenaPreparation"],"picked":"champ:PreciseThrust","floor":32.0},{"not_picked":["champ:CheapShot","champ:Devastate","champ:HoldFirm"],"picked":"champ:MurderStrike","floor":33.0},{"not_picked":["champ:BladeFlurry+1","champ:TornadoPunch","champ:StanceDance+1"],"picked":"champ:Lariat+1","floor":36.0},{"not_picked":["champ:DefensiveShout","champ:AdrenalArmor","champ:PreemptiveStrike"],"picked":"champ:BerserkersShout","floor":38.0},{"not_picked":["expansioncontent:HyperBeam","expansioncontent:GuardianWhirl","expansioncontent:PolyBeam"],"picked":"expansioncontent:AwakenDeath","floor":39.0},{"not_picked":["expansioncontent:PolyBeam","expansioncontent:Hexaburn","expansioncontent:HyperBeam"],"picked":"expansioncontent:Chronoboost","floor":39.0},{"not_picked":["expansioncontent:Hexaburn","expansioncontent:Chronoboost","expansioncontent:PolyBeam"],"picked":"expansioncontent:AwakenDeath","floor":39.0},{"not_picked":["champ:FanOfKnives+1","champ:Endure","champ:BladeFlurry"],"picked":"champ:UltimateStance","floor":40.0},{"not_picked":["champ:AdrenalArmor+1","champ:Backstep","champ:ShieldSlam"],"picked":"champ:ArenaPreparation+1","floor":42.0},{"not_picked":["champ:AdrenalArmor+1","champ:Shatter","champ:CrownThrow"],"picked":"champ:EnchantSword","floor":43.0},{"not_picked":["champ:FaceSlap","champ:DeathBlow","champ:TornadoPunch"],"picked":"champ:RisingSlash","floor":45.0},{"not_picked":["champ:EnGarde+1","champ:Shatter+1","champ:SetATrap"],"picked":"champ:CalledShot+1","floor":47.0},{"not_picked":["champ:PreciseThrust","champ:EndlessRage","champ:Lariat+1"],"picked":"champ:FancyFootwork+1","floor":48},{"not_picked":["champ:EndlessRage","champ:CrownThrow+1","champ:FanOfKnives","champ:UltimateStance"],"picked":"SKIP","floor":49}],"player_experience":202316,"relics_obtained":[{"floor":6.0,"key":"WingedGreaves"},{"floor":7.0,"key":"Potion Belt"},{"floor":8.0,"key":"MealTicket"},{"floor":9.0,"key":"Lizard Tail"},{"floor":10.0,"key":"Peace Pipe"},{"floor":24.0,"key":"PreservedInsect"},{"floor":27.0,"key":"Question Card"},{"floor":31.0,"key":"Regal Pillow"},{"floor":41.0,"key":"Pear"},{"floor":43.0,"key":"Ancient Tea Set"},{"floor":45.0,"key":"Bottled Tornado"},{"floor":47.0,"key":"Bag of Marbles"}],"event_choices":[{"damage_healed":0.0,"max_hp_gain":5.0,"max_hp_loss":0.0,"gold_gain":0.0,"event_name":"Big Fish","player_choice":"Donut","floor":4.0,"gold_loss":0.0,"damage_taken":0.0}],"is_beta":false,"boss_relics":[{"not_picked":["Velvet Choker","Sozu"],"picked":"champ:PowerArmor"},{"not_picked":["Runic Dome","Empty Cage"],"picked":"Philosopher\u0027s Stone"}],"items_purged_floors":[3,12],"is_endless":false,"potions_floor_spawned":[8,9,11,15,19,30,32,36,45,47],"ascension_level":1}}