{"host":"mitsb0f2d3kywzzp","time":1610232430,"event":{"mods":["AchievementEnabler","BaseMod","Colored Map","Colored Powertips","Downfall","Hermit","Highlight Path","Marisa????????","Minty Spire (QoL Compilation)","READ ME - Guardian Mod","Rare Cards Sparkle","Replay The Spire","StSLib","SuperFastMode","The Cursed","The Necromancer","The Servant 0.9.4"],"gold_per_floor":[118,39,100,114,127,154,168,193,193,193,193,40,40,56,56,157,157,175,195,195,195,20,20,37,65,65,65,81,91,91,117,117,215,215,233,251,49,49,66,97,110,130,182,32,82,82,82,95,95,95],"floor_reached":51,"playtime":2971,"items_purged":["Strike_W","Defend_W","Defend_W","Defend_W"],"score":577,"play_id":"52079746-0be7-4ef9-ab3e-db4422eda21d","local_time":"20210109174710","is_ascension_mode":false,"campfire_choices":[{"floor":10,"key":"REST"},{"data":"Summon_Undead_Army","floor":15,"key":"SMITH"},{"data":"Summon_Death_Knight","floor":23,"key":"SMITH"},{"data":"Summon_Undead_Army","floor":30,"key":"SMITH"},{"floor":32,"key":"DIG"},{"data":"Bones_to_Steel","floor":46,"key":"SMITH"},{"data":"Summon_Undead","floor":49,"key":"SMITH"}],"circlet_count":0,"master_deck":["Defend_W","Negative_Energy_Arrows","Bone_Wall","Bone_Armory","Vampiric_Strike","Summon_Undead_Army+1","Bones_to_Steel+1","Bone_Armor","Summon_Undead+1","Bone_Armor","Summon_Death_Knight+1","Bone_Spikes","Summon_Undead_Army+1","Bone_Armory","Bite","Bite","Bite","Bite","Bite","Summon_Lich"],"relics":["Vampire_Amulet","NeowsBlessing","ReplayTheSpireMod:Shallot","ReplayTheSpireMod:Ninjato","Ice Cream","Unceasing Top","Busted Crown","Potion Belt","Dream Catcher","FossilizedHelix","Replay:Bottled Steam","Painkiller Herb","Pantograph","MealTicket","Replay:Towering Pillar of Hats"],"acts_visited":["Exordium","TheCity","TheBeyond"],"potions_floor_usage":[16,16,18,19,31,31,33,40,40,40,41,42,48,48,48,50,50],"damage_taken":[{"damage":0,"enemies":"Jaw Worm","floor":1,"turns":1},{"damage":0,"enemies":"Cultist","floor":4,"turns":1},{"damage":0,"enemies":"Small Slimes","floor":5,"turns":1},{"damage":43,"enemies":"3 Sentries","floor":6,"turns":10},{"damage":10,"enemies":"Exordium Wildlife","floor":7,"turns":6},{"damage":10,"enemies":"Lagavulin","floor":8,"turns":14},{"damage":15,"enemies":"Gremlin Gang","floor":14,"turns":7},{"damage":30,"enemies":"Hexaghost","floor":16,"turns":10},{"damage":0,"enemies":"Chosen","floor":18,"turns":4},{"damage":0,"enemies":"3 Byrds","floor":19,"turns":7},{"damage":4,"enemies":"Shelled Parasite and Fungi","floor":24,"turns":5},{"damage":25,"enemies":"Book of Stabbing","floor":25,"turns":7},{"damage":1,"enemies":"Snecko","floor":28,"turns":6},{"damage":5,"enemies":"Sentry and Sphere","floor":29,"turns":6},{"damage":28,"enemies":"Gremlin Leader","floor":31,"turns":7},{"damage":55,"enemies":"Automaton","floor":33,"turns":11},{"damage":1,"enemies":"Orb Walker","floor":35,"turns":4},{"damage":7,"enemies":"3 Shapes","floor":36,"turns":4},{"damage":12,"enemies":"Spire Growth","floor":39,"turns":4},{"damage":43,"enemies":"Giant Head","floor":40,"turns":11},{"damage":36,"enemies":"Jaw Worm Horde","floor":41,"turns":4},{"damage":10,"enemies":"3 Darklings","floor":42,"turns":5},{"damage":0,"enemies":"Mind Bloom Boss Battle","floor":45,"turns":5},{"damage":27,"enemies":"Maw","floor":48,"turns":6},{"damage":53,"enemies":"Replay:Hell Engine","floor":50,"turns":18}],"seed_played":"4196351943497018232","potions_obtained":[{"floor":3,"key":"Swift Potion"},{"floor":5,"key":"FearPotion"},{"floor":14,"key":"Dexterity Potion"},{"floor":16,"key":"sneckomod:MuddlingPotion"},{"floor":19,"key":"Toxic Potion"},{"floor":24,"key":"hexamod:EctoCoolerPotion"},{"floor":25,"key":"GamblersBrew"},{"floor":29,"key":"Venom Potion"},{"floor":31,"key":"Doom Potion"},{"floor":35,"key":"FearPotion"},{"floor":39,"key":"SpeedPotion"},{"floor":40,"key":"sneckomod:MuddlingPotion"},{"floor":41,"key":"DistilledChaos"},{"floor":45,"key":"EntropicBrew"}],"is_trial":false,"path_per_floor":["M","$","?","M","M","E","M","E","T","R","?","$","?","M","R","B",null,"M","M","?","?","$","R","M","E","T","?","M","M","R","E","R_BF","B",null,"?","?","T","?","?","E","?","?","T","T","?","T","T","?","T","B",null],"character_chosen":"NECROMANCER","items_purchased":["Bone_Armory","Summon_Undead","Bone_Armory","Summon_Lich"],"campfire_rested":1,"item_purchase_floors":[2,12,22,37],"current_hp_per_floor":[75,75,57,59,63,30,27,19,19,41,46,46,46,56,56,61,80,80,80,80,80,80,80,80,59,59,56,56,56,56,52,52,31,56,56,56,56,56,54,30,10,22,22,37,56,56,56,43,43,56],"gold":95,"neow_bonus":"THREE_ENEMY_KILL","is_daily":false,"chose_seed":false,"campfire_upgraded":5,"win_rate":0.0,"timestamp":1610232430,"path_taken":["M","$","?","M","?","E","?","E","T","R","?","$","?","M","R","BOSS","M","?","?","?","$","R","M","E","T","?","M","M","R","E","R_BF","BOSS","?","?","T","?","?","E","?","?","T","T","?","T","T","?","T","BOSS"],"items_purchased_type":["Card","Card","Card","Card"],"build_version":"2020-12-22","purchased_purges":4,"victory":true,"max_hp_per_floor":[75,75,75,75,75,75,75,75,75,75,80,80,80,80,80,80,80,80,80,80,80,80,80,80,80,80,56,56,56,56,56,56,56,56,56,56,56,56,56,56,56,56,56,56,56,56,56,56,56,56],"card_choices":[{"not_picked":["Negative_Energy_Shield","Negative_Energy_Mist","Bone_Bullets"],"picked":"SKIP","floor":1},{"not_picked":["Shackles_Of_Pain","Acid_Javelin"],"picked":"Vampiric_Strike","floor":3},{"not_picked":["Whirlwind_of_Bones","Plague_Bolt"],"picked":"Summon_Undead_Army","floor":4},{"not_picked":["Shackles_Of_Pain","Blood_Curse"],"picked":"Bones_to_Steel","floor":5},{"not_picked":["Bone_Spikes","Blood_for_Blood","Shackles_Of_Pain"],"picked":"SKIP","floor":6},{"not_picked":["Toxic_Smoke_Screen","Blood_Shield"],"picked":"Bone_Armor","floor":7},{"not_picked":["Bones_to_Steel","Negative_Energy_Mist","Plague_Bolt"],"picked":"SKIP","floor":8},{"not_picked":["Scare","Blood_Whip"],"picked":"Bone_Armor","floor":14},{"not_picked":["Requiem","Blood_Wake"],"picked":"Summon_Death_Knight","floor":16},{"not_picked":["Scare+1"],"picked":"SKIP","floor":18},{"not_picked":["Consume_Illness"],"picked":"SKIP","floor":19},{"not_picked":["Bone_Spikes+1"],"picked":"SKIP","floor":24},{"not_picked":["Deaths_Shadow+1"],"picked":"SKIP","floor":25},{"not_picked":["Stop_Heart"],"picked":"SKIP","floor":28},{"not_picked":["Vampiric_Strike"],"picked":"SKIP","floor":29},{"not_picked":["Summon_Undead"],"picked":"SKIP","floor":31},{"not_picked":["Pandemic"],"picked":"SKIP","floor":35},{"not_picked":["Toxic_Smoke_Screen"],"picked":"SKIP","floor":36},{"not_picked":["Consume_Illness"],"picked":"SKIP","floor":39},{"not_picked":["Plague_Bolt"],"picked":"SKIP","floor":40},{"not_picked":["Plague_Bolt"],"picked":"SKIP","floor":41},{"not_picked":["Necromantic_Selection"],"picked":"SKIP","floor":42},{"not_picked":["Necrotic_Claws"],"picked":"SKIP","floor":48}],"player_experience":361641,"relics_obtained":[{"floor":3,"key":"ReplayTheSpireMod:Shallot"},{"floor":6,"key":"ReplayTheSpireMod:Ninjato"},{"floor":8,"key":"Ice Cream"},{"floor":9,"key":"Unceasing Top"},{"floor":25,"key":"Potion Belt"},{"floor":26,"key":"Dream Catcher"},{"floor":31,"key":"FossilizedHelix"},{"floor":32,"key":"Replay:Bottled Steam"},{"floor":40,"key":"Pantograph"},{"floor":43,"key":"MealTicket"},{"floor":45,"key":"Replay:Towering Pillar of Hats"}],"event_choices":[{"damage_healed":0,"gold_gain":0,"player_choice":"Donut","damage_taken":0,"max_hp_gain":5,"max_hp_loss":0,"event_name":"Big Fish","floor":11,"gold_loss":0},{"cards_removed":["Strike_W"],"damage_healed":0,"gold_gain":0,"player_choice":"Took Card","damage_taken":0,"max_hp_gain":0,"max_hp_loss":0,"event_name":"NoteForYourself","floor":13,"gold_loss":0,"cards_obtained":["Strike_P"]},{"damage_healed":0,"gold_gain":0,"cards_transformed":["Strike_W","Strike_W"],"player_choice":"Became Test Subject","damage_taken":0,"max_hp_gain":0,"max_hp_loss":0,"event_name":"Drug Dealer","floor":20,"gold_loss":0,"cards_obtained":["Bone_Spikes","Summon_Undead_Army"]},{"damage_healed":0,"gold_gain":0,"player_choice":"Ignored","damage_taken":0,"max_hp_gain":0,"max_hp_loss":0,"event_name":"Ghosts","floor":21,"gold_loss":0},{"damage_healed":0,"gold_gain":0,"player_choice":"Became a vampire","damage_taken":0,"max_hp_gain":0,"max_hp_loss":24,"event_name":"Vampires","floor":27,"gold_loss":0,"cards_obtained":["Bite","Bite","Bite","Bite","Bite"]},{"damage_healed":0,"gold_gain":0,"player_choice":"Memory 1","damage_taken":0,"max_hp_gain":0,"max_hp_loss":0,"event_name":"SensoryStone","floor":38,"gold_loss":0},{"damage_healed":0,"gold_gain":0,"player_choice":"Fight","damage_taken":0,"max_hp_gain":0,"max_hp_loss":0,"event_name":"MindBloom","floor":45,"gold_loss":0}],"is_beta":false,"boss_relics":[{"not_picked":["Calling Bell","Velvet Choker"],"picked":"Busted Crown"},{"not_picked":["Tiny House","ChewingGum"],"picked":"Painkiller Herb"}],"items_purged_floors":[12,22,37,44],"is_endless":false,"potions_floor_spawned":[5,14,16,19,24,25,29,31,35,39,40,41,45],"ascension_level":0}}