{"host":"oqhjdqr9xcmboomw","time":1610173018,"event":{"mods":["2.2 Compatiblity","AchievementEnabler","Act Like it!","Aspiration","BaseMod","Beaked The Cultist","Better Third Choice","Conjunction","Conspire","Disable Question Mark Monsters","Downfall","Elementarium","Energized Spire","GifTheSpireLib","Halation","Hallownest","Hermit","Hubris","Infinite Spire","Jorbs\u0027s Wanderer Trilogy","Mimic Mod","Minty Spire (QoL Compilation)","Random Character Button","Rare Cards Sparkle","Replay The Spire","Spicy Shops","Spikes Relics","StSLib","Stuff the Spire","The Blackbeard","The Blue Laboratory","The Cursed","The Disciple","The Gatherer","The Hierophant","The Judge","The Mystic","The Saiyan","The Wild Card","Unceasing Turn Reminder","Wandering Minibosses","vexMod"],"gold_per_floor":[114,114,127,146,166,166,166,166,192,206,206,218,218,248,248,325,325,341,18,18,18,18,18,31,49,124,151,76,76,76],"floor_reached":29,"playtime":776,"items_purged":["Shame"],"score":403,"play_id":"2cacf002-4213-47b9-823a-58f071d4c0be","local_time":"20210109011658","is_ascension_mode":true,"campfire_choices":[{"data":"Flex","floor":6,"key":"SMITH"},{"data":"StuffTheSpire:Slingshot","floor":11,"key":"SMITH"},{"data":"BarbarianYell","floor":13,"key":"SMITH"}],"circlet_count":0,"master_deck":["AscendersBane","Strike_R","Strike_R","Strike_R","Strike_R","Defend_R","Defend_R","Defend_R","Defend_R","Bash","ReplayTheSpireMod:Limb From Limb+1","Flex+1","Iron Wave","StuffTheSpire:Slingshot+1","hubris:Fate","Thunderclap","BarbarianYell+1","Sentinel","Limit Break","Inflame","StuffTheSpire:DeathNote","Double Tap","Heavy Blade","Invigoration"],"relics":["Burning Blood","aspiration:Nostalgia","Gatherer:AlchemyBag","halation:EternalFortune","infinitespire:Beetle Shell","aspiration:ArtOfWarUpgrade","Black Star","StuffTheSpire:BottledEssence","infinitespire:FocusingShard","Mercury Hourglass","Nunchaku","Potion Belt"],"acts_visited":["Exordium","TheCity"],"potions_floor_usage":[12,12,16,24,27],"damage_taken":[{"damage":24,"enemies":"Small Slimes","floor":1,"turns":6},{"damage":0,"enemies":"Cultist","floor":3,"turns":2},{"damage":0,"enemies":"2 Louse","floor":4,"turns":2},{"damage":13,"enemies":"Blue Slaver","floor":5,"turns":3},{"damage":7,"enemies":"Looter","floor":10,"turns":3},{"damage":8,"enemies":"Exordium Thugs","floor":12,"turns":2},{"damage":0,"enemies":"Lagavulin","floor":14,"turns":3},{"damage":0,"enemies":"Slime Boss","floor":16,"turns":2},{"damage":26,"enemies":"Spheric Guardian","floor":18,"turns":6},{"damage":2,"enemies":"3 Byrds","floor":24,"turns":7},{"damage":10,"enemies":"Centurion and Healer","floor":25,"turns":2},{"damage":20,"enemies":"Book of Stabbing","floor":27,"turns":2},{"damage":24,"enemies":"Snake Plant","floor":29,"turns":2}],"seed_played":"-2217259000338397879","potions_obtained":[{"floor":5,"key":"blueLaboratory:Moonshine"},{"floor":10,"key":"EssenceOfSteel"},{"floor":12,"key":"Elixir"},{"floor":14,"key":"infinitespire:BlackPotion"},{"floor":25,"key":"SteroidPotion"},{"floor":27,"key":"blueLaboratory:SmithPotion"}],"is_trial":false,"path_per_floor":["M","?","M","M","M","R","?","?","T","M","R","M","R","E","R","B",null,"M","$","?","?","?","R","M","M","T","E","$","M"],"character_chosen":"IRONCLAD","items_purchased":["Inflame","StuffTheSpire:BottledEssence"],"campfire_rested":0,"item_purchase_floors":[19,19],"current_hp_per_floor":[50,50,56,62,55,55,37,40,40,54,54,55,55,61,61,67,78,58,58,58,33,33,33,37,36,36,22,22,0,0],"gold":76,"neow_bonus":"NOSTALGIA","is_daily":false,"chose_seed":false,"campfire_upgraded":3,"win_rate":0.0,"timestamp":1610173018,"path_taken":["M","?","M","?","?","R","?","?","T","M","R","M","R","E","R","BOSS","M","$","?","?","?","R","M","M","T","E","$","M"],"items_purchased_type":["Card","Relic"],"build_version":"2020-12-22","purchased_purges":1,"victory":false,"max_hp_per_floor":[75,75,75,75,75,75,75,78,78,78,78,81,81,81,81,81,81,81,81,81,81,81,81,81,84,84,84,84,84,84],"card_choices":[{"not_picked":["Defy Death","Dark Embrace"],"picked":"ReplayTheSpireMod:Limb From Limb","floor":1},{"not_picked":["Twin Strike","ReplayTheSpireMod:Strike From Hell"],"picked":"Flex","floor":3},{"not_picked":["Havoc","StuffTheSpire:RockThrow"],"picked":"Iron Wave","floor":4},{"not_picked":["Dropkick","Wild Strike"],"picked":"StuffTheSpire:Slingshot","floor":5},{"not_picked":["ReplayTheSpireMod:Haul","ReplayTheSpireMod:Chaos Vortex"],"picked":"hubris:Fate","floor":7},{"not_picked":["True Grit","Berserk"],"picked":"Thunderclap","floor":10},{"not_picked":["Dual Wield","Anger"],"picked":"BarbarianYell","floor":12},{"not_picked":["Iron Wave","Perfected Strike"],"picked":"Sentinel","floor":14},{"not_picked":["StuffTheSpire:TitanForm","Replay:Many Hands"],"picked":"Limit Break","floor":16},{"not_picked":["True Grit+1","Headbutt","Iron Wave+1"],"picked":"SKIP","floor":18},{"not_picked":["Flame Barrier","Inflame"],"picked":"Heavy Blade","floor":24},{"not_picked":["Second Wind","Flex"],"picked":"Invigoration","floor":25},{"not_picked":["Bloodletting","Havoc","Sever Soul"],"picked":"SKIP","floor":27}],"player_experience":1083165,"relics_obtained":[{"floor":9,"key":"infinitespire:Beetle Shell"},{"floor":12,"key":"halation:EternalFortune"},{"floor":14,"key":"Art of War"},{"floor":25,"key":"halation:EternalFortune"},{"floor":26,"key":"Mercury Hourglass"},{"floor":27,"key":"Nunchaku"},{"floor":27,"key":"Potion Belt"}],"event_choices":[{"damage_healed":0,"gold_gain":0,"player_choice":"Upgraded","damage_taken":0,"max_hp_gain":0,"max_hp_loss":0,"event_name":"Upgrade Shrine","floor":2,"gold_loss":0,"cards_upgraded":["ReplayTheSpireMod:Limb From Limb"]},{"damage_healed":0,"gold_gain":0,"player_choice":"Stole Relic","damage_taken":0,"relics_obtained":["infinitespire:FocusingShard"],"max_hp_gain":0,"max_hp_loss":0,"event_name":"Addict","floor":20,"gold_loss":0,"cards_obtained":["Shame"]},{"damage_healed":0,"gold_gain":0,"cards_transformed":["Strike_R"],"player_choice":"Transformed","damage_taken":0,"max_hp_gain":0,"max_hp_loss":0,"event_name":"Transmorgrifier","floor":22,"gold_loss":0,"cards_obtained":["Double Tap"]}],"is_beta":false,"boss_relics":[{"not_picked":["halation:CatFaceCupcake","ReplayTheSpireMod:SealedPack"],"picked":"Black Star"}],"items_purged_floors":[28],"is_endless":false,"potions_floor_spawned":[5,10,12,14,25,27],"killed_by":"Snake Plant","ascension_level":17}}