{"host":"wwo1kwxjf4eyz37q","time":1610178848,"event":{"mods":["AchievementEnabler","BaseMod","Colored Map","Minty Spire (QoL Compilation)","Quick Restart","SuperFastMode"],"gold_per_floor":[13,13,29,44,55,55,89,89,89,100,100,100,120,120,120,225,225,235,113,113,123,25,25,56,56,56,56,66,66,66,84,84,186,186,200,200,218,234,248,248,262,262,285,285,285,12,29,47,47,47],"floor_reached":51,"playtime":2652,"items_purged":["Reprogram+1","Strike_B","Defend_B"],"score":821,"play_id":"0a2a3381-5845-4ad9-b431-79943dc6b792","local_time":"20210109165408","is_ascension_mode":true,"campfire_choices":[{"data":"Zap","floor":6.0,"key":"SMITH"},{"data":"Dualcast","floor":8.0,"key":"SMITH"},{"data":"Streamline","floor":11.0,"key":"SMITH"},{"data":"Capacitor","floor":15.0,"key":"SMITH"},{"floor":23.0,"key":"REST"},{"data":"Biased Cognition","floor":25.0,"key":"SMITH"},{"data":"Coolheaded","floor":27.0,"key":"SMITH"},{"data":"Barrage","floor":29.0,"key":"SMITH"},{"floor":32.0,"key":"REST"},{"data":"Seek","floor":40,"key":"SMITH"},{"data":"Capacitor","floor":44,"key":"SMITH"},{"floor":49,"key":"REST"}],"circlet_count":0,"master_deck":["Defend_B+1","Zap+1","Dualcast+1","Streamline+1","Glacier+1","Barrage+1","Capacitor+1","Biased Cognition+1","Consume+1","Leap+1","Blizzard","Conserve Battery+1","Coolheaded+1","Conserve Battery+1","Seek+1","Capacitor+1","Blizzard+1","Defragment","Coolheaded","Echo Form"],"relics":["Cracked Core","The Courier","Darkstone Periapt","Odd Mushroom","Mango","Astrolabe","Ornamental Fan","Orichalcum","Enchiridion","Philosopher\u0027s Stone","War Paint"],"acts_visited":["Exordium","TheCity","TheBeyond"],"potions_floor_usage":[41,48,50],"damage_taken":[{"damage":11.0,"enemies":"2 Louse","floor":1.0,"turns":3.0},{"damage":1.0,"enemies":"Cultist","floor":3.0,"turns":3.0},{"damage":7.0,"enemies":"Jaw Worm","floor":4.0,"turns":2.0},{"damage":6.0,"enemies":"Looter","floor":5.0,"turns":3.0},{"damage":9.0,"enemies":"Gremlin Nob","floor":7.0,"turns":3.0},{"damage":0.0,"enemies":"3 Louse","floor":10.0,"turns":3.0},{"damage":13.0,"enemies":"The Mushroom Lair","floor":13.0,"turns":4.0},{"damage":14.0,"enemies":"Hexaghost","floor":16.0,"turns":9.0},{"damage":12.0,"enemies":"Spheric Guardian","floor":18.0,"turns":4.0},{"damage":14.0,"enemies":"2 Thieves","floor":21.0,"turns":5.0},{"damage":14.0,"enemies":"Book of Stabbing","floor":24.0,"turns":6.0},{"damage":12.0,"enemies":"3 Cultists","floor":28.0,"turns":7.0},{"damage":0.0,"enemies":"Centurion and Healer","floor":31.0,"turns":5.0},{"damage":4.0,"enemies":"Champ","floor":33.0,"turns":11.0},{"damage":1.0,"enemies":"3 Shapes","floor":35.0,"turns":7.0},{"damage":6.0,"enemies":"3 Darklings","floor":37.0,"turns":7.0},{"damage":6,"enemies":"Writhing Mass","floor":38,"turns":6},{"damage":14,"enemies":"Maw","floor":39,"turns":8},{"damage":0,"enemies":"Spire Growth","floor":41,"turns":4},{"damage":10,"enemies":"Transient","floor":47,"turns":5},{"damage":25,"enemies":"3 Darklings","floor":48,"turns":6},{"damage":57,"enemies":"Awakened One","floor":50,"turns":16}],"seed_played":"5763437951456171082","potions_obtained":[{"floor":3.0,"key":"Swift Potion"},{"floor":7.0,"key":"Energy Potion"},{"floor":10.0,"key":"SpeedPotion"},{"floor":13.0,"key":"GamblersBrew"},{"floor":24.0,"key":"FearPotion"},{"floor":28.0,"key":"BlessingOfTheForge"},{"floor":37.0,"key":"Regen Potion"},{"floor":41,"key":"SpeedPotion"},{"floor":47,"key":"AttackPotion"},{"floor":48,"key":"Strength Potion"}],"is_trial":false,"path_per_floor":["M","?","M","M","M","R","E","R","T","M","R","?","?","T","R","B",null,"M","$","?","M","$","R","E","R","T","R","M","R","?","M","R","B",null,"M","?","M","M","M","R","M","?","T","R","?","$","M","M","R","B",null],"character_chosen":"DEFECT","items_purchased":["Blizzard","Coolheaded","Defragment","Coolheaded","Energy Potion","GamblersBrew"],"campfire_rested":3,"item_purchase_floors":[19,22,46,46,46,46],"current_hp_per_floor":[64,57,56,49,43,43,34,34,34,34,34,34,21,35,35,21,72,60,60,43,29,29,57,43,43,43,43,31,31,15,15,43,39,80,79,94,88,82,68,68,73,73,73,73,73,73,63,38,64,7],"gold":47,"neow_bonus":"REMOVE_TWO","is_daily":false,"chose_seed":false,"campfire_upgraded":9,"win_rate":0.0,"timestamp":1610178848,"path_taken":["M","?","M","M","?","R","E","R","T","M","R","?","?","?","R","BOSS","M","$","?","M","$","R","E","R","T","R","M","R","?","M","R","BOSS","M","?","M","?","M","R","M","?","T","R","?","$","M","M","R","BOSS"],"items_purchased_type":["Card","Card","Card","Card","Potion","Potion"],"build_version":"2020-12-22","purchased_purges":3,"victory":true,"max_hp_per_floor":[75,75,75,75,75,75,75,75,75,75,75,75,75,89,89,89,89,89,89,94,94,94,94,94,94,94,94,94,94,94,94,94,94,94,94,94,94,94,94,94,94,94,94,94,89,89,89,89,89,89],"card_choices":[{"not_picked":["Leap","Fusion"],"picked":"Streamline","floor":1.0},{"not_picked":["Cold Snap","Self Repair"],"picked":"Glacier","floor":3.0},{"not_picked":["Skim","Turbo","Reinforced Body"],"picked":"SKIP","floor":4.0},{"not_picked":["Redo","Leap","Auto Shields"],"picked":"SKIP","floor":5.0},{"not_picked":["Leap","Hyperbeam"],"picked":"Barrage","floor":7.0},{"not_picked":["Steam","Doom and Gloom"],"picked":"Capacitor","floor":10.0},{"not_picked":["Meteor Strike","Amplify"],"picked":"Biased Cognition","floor":16.0},{"not_picked":["Compile Driver","FTL","Consume"],"picked":"SKIP","floor":18.0},{"not_picked":["White Noise","Hologram"],"picked":"Conserve Battery+1","floor":21.0},{"not_picked":["Cold Snap","Blizzard"],"picked":"Conserve Battery+1","floor":24.0},{"not_picked":["Creative AI","Rebound+1","Steam+1"],"picked":"SKIP","floor":28.0},{"not_picked":["Stack+1","Storm","Rebound"],"picked":"SKIP","floor":31.0},{"not_picked":["Biased Cognition","Hyperbeam"],"picked":"Seek","floor":33.0},{"not_picked":["Go for the Eyes","Aggregate+1","Lockon+1"],"picked":"SKIP","floor":35.0},{"not_picked":["Turbo","Cold Snap+1","Streamline+1"],"picked":"SKIP","floor":37.0},{"not_picked":["Scrape+1","Gash","Barrage"],"picked":"SKIP","floor":38},{"not_picked":["Hologram","BootSequence+1"],"picked":"Capacitor","floor":39},{"not_picked":["Gash+1","Leap+1"],"picked":"Blizzard+1","floor":41},{"not_picked":["Barrage","Streamline"],"picked":"Echo Form","floor":47},{"not_picked":["Rebound","Fusion","Auto Shields+1"],"picked":"SKIP","floor":48}],"player_experience":206193,"relics_obtained":[{"floor":7.0,"key":"The Courier"},{"floor":9.0,"key":"Darkstone Periapt"},{"floor":13.0,"key":"Odd Mushroom"},{"floor":14.0,"key":"Mango"},{"floor":24.0,"key":"Ornamental Fan"},{"floor":26.0,"key":"Orichalcum"},{"floor":30.0,"key":"Enchiridion"},{"floor":43,"key":"War Paint"}],"event_choices":[{"damage_healed":0.0,"max_hp_gain":0.0,"max_hp_loss":0.0,"gold_gain":0.0,"event_name":"Wheel of Change","player_choice":"Damaged","floor":2.0,"gold_loss":0.0,"damage_taken":7.0},{"damage_healed":0.0,"max_hp_gain":0.0,"max_hp_loss":0.0,"gold_gain":0.0,"event_name":"Scrap Ooze","player_choice":"Fled","floor":12.0,"gold_loss":0.0,"damage_taken":0.0},{"damage_healed":0.0,"max_hp_gain":0.0,"max_hp_loss":0.0,"gold_gain":0.0,"event_name":"Mushrooms","player_choice":"Fought Mushrooms","floor":13.0,"gold_loss":0.0,"damage_taken":0.0},{"damage_healed":0.0,"max_hp_gain":5.0,"max_hp_loss":0.0,"gold_gain":0.0,"event_name":"Forgotten Altar","player_choice":"Shed Blood","floor":20.0,"gold_loss":0.0,"damage_taken":22.0},{"damage_healed":0.0,"max_hp_gain":0.0,"max_hp_loss":0.0,"gold_gain":0.0,"event_name":"Cursed Tome","player_choice":"Obtained Book","floor":30.0,"gold_loss":0.0,"damage_taken":16.0},{"damage_healed":15.0,"max_hp_gain":0.0,"max_hp_loss":0.0,"gold_gain":0.0,"event_name":"Wheel of Change","player_choice":"Full Heal","floor":36.0,"gold_loss":0.0,"damage_taken":0.0},{"damage_healed":0,"gold_gain":0,"player_choice":"Ignored","damage_taken":0,"max_hp_gain":0,"max_hp_loss":0,"event_name":"Tomb of Lord Red Mask","floor":42,"gold_loss":0},{"damage_healed":0,"gold_gain":0,"player_choice":"Max HP","damage_taken":0,"max_hp_gain":0,"max_hp_loss":5,"event_name":"Winding Halls","floor":45,"gold_loss":0}],"is_beta":false,"boss_relics":[{"not_picked":["SlaversCollar","Pandora\u0027s Box"],"picked":"Astrolabe"},{"not_picked":["Calling Bell","Nuclear Battery"],"picked":"Philosopher\u0027s Stone"}],"items_purged_floors":[19,22,46],"is_endless":false,"potions_floor_spawned":[3,7,10,13,24,28,33,37,41,47,48],"ascension_level":5}}