{"host":"ig7tc0uedzltt2sr","time":1610235433,"event":{"mods":["BaseMod","Better Twitch Integration","Block Reminder","Colored Map","Colored Powertips","Communication Mod","Current Relic Mod","GifTheSpireLib","HexUI Lib","Minty Spire (QoL Compilation)","Quick Restart","Random Character Button","Rare Cards Sparkle","Relic Sorter","Relic Stats","Slay the Relics Exporter","StSLib","SuperFastMode","Synergy Search","Twitch Decklist","Twitch Utils","everything is the same but u backflip on backflip","slay the spire mod where everything is the same but ironclad has a cowboy hat"],"gold_per_floor":[119,129,139,158,174,174,174,174],"floor_reached":7,"playtime":40,"items_purged":[],"score":45,"play_id":"2f351b72-94fd-4864-9bfa-4f84c6ae5ab6","local_time":"20210109153713","is_ascension_mode":false,"campfire_choices":[{"data":"Strike_R","floor":6,"key":"SMITH"}],"circlet_count":0,"master_deck":["Strike_R+1","Strike_R","Strike_R","Strike_R","Strike_R","Defend_R","Defend_R","Defend_R","Defend_R","Bash","Intimidate"],"relics":["Burning Blood"],"acts_visited":["Exordium"],"potions_floor_usage":[],"damage_taken":[{"damage":19,"enemies":"2 Louse","floor":1,"turns":3},{"damage":15,"enemies":"Cultist","floor":2,"turns":4},{"damage":22,"enemies":"Jaw Worm","floor":3,"turns":4},{"damage":20,"enemies":"Looter","floor":4,"turns":3},{"damage":13,"enemies":"3 Louse","floor":5,"turns":2},{"damage":46,"enemies":"Gremlin Nob","floor":7,"turns":4}],"seed_played":"-3965680779472875884","potions_obtained":[{"floor":4,"key":"Fire Potion"}],"is_trial":false,"path_per_floor":["M","M","M","M","M","R","E"],"character_chosen":"IRONCLAD","items_purchased":[],"campfire_rested":0,"item_purchase_floors":[],"current_hp_per_floor":[75,66,50,36,29,29,0,0],"gold":174,"neow_bonus":"TEN_PERCENT_HP_BONUS","is_daily":false,"chose_seed":false,"campfire_upgraded":1,"win_rate":0.0,"timestamp":1610235433,"path_taken":["M","M","M","M","M","R","E"],"items_purchased_type":[],"build_version":"2020-12-22","purchased_purges":0,"victory":false,"max_hp_per_floor":[88,88,88,88,88,88,88,88],"relic_stats":{"counters":[6,20],"obtain_stats":[{"Burning Blood":0},{"Burning Blood":0},{"Burning Blood":0}],"Burning Blood":30},"card_choices":[{"not_picked":["Havoc","Armaments","Seeing Red"],"picked":"SKIP","floor":1},{"not_picked":["Perfected Strike","Seeing Red"],"picked":"Intimidate","floor":2},{"not_picked":["Seeing Red","Intimidate","Hemokinesis"],"picked":"SKIP","floor":3},{"not_picked":["Hemokinesis","Ghostly Armor","Spot Weakness"],"picked":"SKIP","floor":4},{"not_picked":["Blood for Blood","Burning Pact","Infernal Blade"],"picked":"SKIP","floor":5}],"player_experience":1474676,"relics_obtained":[],"event_choices":[],"is_beta":false,"boss_relics":[],"items_purged_floors":[],"is_endless":false,"potions_floor_spawned":[4],"killed_by":"Gremlin Nob","ascension_level":0}}