{"host":"fmtvje4mks8zli8e","time":1610155776,"event":{"mods":["AchievementEnabler","AlwaysNeverKeys","BaseMod","BetterRewards","Minty Spire (QoL Compilation)","READ ME - Guardian Mod","Remove Card Discount Mod","StSLib","The Cursed","The Druid","The Servant 0.9.4","The Wild Card"],"gold_per_floor":[116,191,204,265,275,301,313,342,366,399,399,399,412,427,427,557,557,573,82,101,101,120,160,172,227,263,275,287,334,3,28,28,158,158,178,178,237,237,253,253,289,289,316,359,375,411,434,124,124,124,124,124,51,87,87],"floor_reached":56,"playtime":5358,"items_purged":["Injury"],"score":1781,"play_id":"4060ac41-c8d9-41ef-94a2-be07ff7c6c86","local_time":"20210108192936","is_ascension_mode":true,"campfire_choices":[{"data":"theWildCard:TheUniverse","floor":15.0,"key":"SMITH"},{"data":"theWildCard:ArchaicAssault","floor":27,"key":"SMITH"},{"data":"theWildCard:Arsene","floor":32,"key":"SMITH"},{"data":"theWildCard:TheArcanaUnleashed","floor":40,"key":"SMITH"},{"data":"Panache","floor":42,"key":"SMITH"},{"data":"theWildCard:PowerOfTheArcana","floor":49,"key":"SMITH"},{"data":"theWildCard:ManOfManyFaces","floor":52,"key":"SMITH"}],"circlet_count":0,"master_deck":["theWildCard:BasicStrike+1","theWildCard:BasicStrike","theWildCard:BasicStrike","theWildCard:BasicStrike+1","theWildCard:BasicDefend","theWildCard:BasicDefend+1","theWildCard:BasicDefend","theWildCard:BasicDefend","theWildCard:CallToAdventure","theWildCard:Arsene+1","theWildCard:TheUniverse+1","theWildCard:MagicMettle","theWildCard:StingingStrike","theWildCard:PowerOfTheArcana","theWildCard:BladeOfGenerations","theWildCard:Impatience","theWildCard:ArcanaArtistry","theWildCard:Scathach+1","theWildCard:Safeguard","theWildCard:ArcaneArts","theWildCard:ArchaicAssault+1","theWildCard:FinalHour","theWildCard:SeveringSlash","Panache+1","theWildCard:ArcaneArts+1","Necronomicurse","theWildCard:Sakuya+1","theWildCard:PowerOfTheArcana","theWildCard:PowerOfTheArcana+1","theWildCard:Safeguard","theWildCard:Polydeuces+1","theWildCard:TheArcanaUnleashed+1","theWildCard:Michael+1","Apotheosis+1","Madness+1","Madness+1","theWildCard:MagicalMight","theWildCard:Michael+1","Parasite","theWildCard:ManOfManyFaces+1","theWildCard:Safeguard+1","theWildCard:ArcanaArtistry+1"],"relics":["theWildCard:VelvetContract","Bag of Marbles","Happy Flower","Lantern","Akabeko","Medical Kit","Blood Vial","Orichalcum","Art of War","Whetstone","Pen Nib","Regal Pillow","Golden Idol","MealTicket","theWildCard:FigureOfDeath","Oddly Smooth Stone","Bag of Preparation","Necronomicon","MawBank","Bronze Scales","Vajra","Toxic Egg 2","Question Card","Ornamental Fan","theWildCard:Wildcard","CaptainsWheel","StoneCalendar","Toy Ornithopter","Boot","Centennial Puzzle","HandDrill","War Paint","Anchor"],"acts_visited":["Exordium","TheCity","TheBeyond","TheEnding"],"potions_floor_usage":[22,55,55],"damage_taken":[{"damage":0.0,"enemies":"Small Slimes","floor":1.0,"turns":1.0},{"damage":0.0,"enemies":"2 Louse","floor":3.0,"turns":2.0},{"damage":0.0,"enemies":"Cultist","floor":5.0,"turns":2.0},{"damage":19.0,"enemies":"3 Sentries","floor":6.0,"turns":6.0},{"damage":0.0,"enemies":"Gremlin Gang","floor":7.0,"turns":3.0},{"damage":21.0,"enemies":"Gremlin Nob","floor":8.0,"turns":4.0},{"damage":0.0,"enemies":"Lagavulin","floor":10.0,"turns":6.0},{"damage":0.0,"enemies":"Lots of Slimes","floor":13.0,"turns":14.0},{"damage":0.0,"enemies":"3 Louse","floor":14.0,"turns":5.0},{"damage":14.0,"enemies":"Slime Boss","floor":16.0,"turns":9.0},{"damage":1,"enemies":"2 Thieves","floor":18,"turns":4},{"damage":0,"enemies":"Chosen","floor":20,"turns":3},{"damage":15,"enemies":"Shelled Parasite and Fungi","floor":22,"turns":6},{"damage":23,"enemies":"Book of Stabbing","floor":23,"turns":7},{"damage":2,"enemies":"Gremlin Leader","floor":25,"turns":5},{"damage":2,"enemies":"Slavers","floor":29,"turns":6},{"damage":15,"enemies":"Snake Plant","floor":31,"turns":3},{"damage":14,"enemies":"Automaton","floor":33,"turns":11},{"damage":0,"enemies":"Orb Walker","floor":35,"turns":3},{"damage":14,"enemies":"2 Orb Walkers","floor":37,"turns":4},{"damage":0,"enemies":"3 Shapes","floor":39,"turns":1},{"damage":2,"enemies":"Giant Head","floor":41,"turns":1},{"damage":0,"enemies":"Reptomancer","floor":44,"turns":5},{"damage":10,"enemies":"Writhing Mass","floor":45,"turns":5},{"damage":0,"enemies":"Nemesis","floor":46,"turns":5},{"damage":0,"enemies":"Maw","floor":47,"turns":4},{"damage":19,"enemies":"Time Eater","floor":50,"turns":10},{"damage":16,"enemies":"Shield and Spear","floor":54,"turns":3},{"damage":18,"enemies":"The Heart","floor":55,"turns":8}],"seed_played":"-7854705853839661751","potions_obtained":[{"floor":1.0,"key":"ColorlessPotion"},{"floor":7.0,"key":"SneckoOil"},{"floor":13.0,"key":"ColorlessPotion"},{"floor":16.0,"key":"ColorlessPotion"},{"floor":18,"key":"LiquidMemories"},{"floor":20,"key":"FairyPotion"},{"floor":29,"key":"SteroidPotion"},{"floor":46,"key":"CultistPotion"}],"is_trial":false,"path_per_floor":["M","?","M","?","M","E","M","E","T","E","?","?","M","M","R","B",null,"M","$","M","?","M","E","$","E","T","R","T","E","$","M","R","B",null,"M","?","?","?","M","R","E","R","T","E","M","E","M","$","R","B",null,"R","$","E","B",null],"character_chosen":"THE_WILD_CARD","items_purchased":["Bag of Marbles","Happy Flower","theWildCard:TheUniverse","Lantern","Akabeko","theWildCard:MagicMettle","Medical Kit","Blood Vial","Orichalcum","theWildCard:StingingStrike","theWildCard:PowerOfTheArcana","Oddly Smooth Stone","Bag of Preparation","Panache","Ornamental Fan","theWildCard:Safeguard","HandDrill","War Paint","theWildCard:ArcanaArtistry+1"],"campfire_rested":0,"item_purchase_floors":[0,0,0,0,0,0,0,0,0,0,0,19,19,19,30,30,48,48,53],"current_hp_per_floor":[26,15,17,17,19,2,4,6,6,13,13,13,60,60,60,46,60,60,60,60,44,34,60,60,58,58,58,58,60,60,45,45,60,60,60,60,46,38,60,60,58,58,58,60,50,52,54,60,60,44,60,60,60,56,47],"gold":87,"neow_bonus":"","is_daily":false,"chose_seed":false,"campfire_upgraded":7,"win_rate":0.0,"timestamp":1610155776,"path_taken":["M","?","M","?","M","E","M","E","T","E","?","?","?","?","R","BOSS","M","$","?","?","M","E","?","E","T","R","?","E","$","M","R","BOSS","M","?","?","?","M","R","E","R","T","E","M","E","M","?","R","BOSS","R","$","E","BOSS"],"items_purchased_type":["Relic","Relic","Card","Relic","Relic","Card","Relic","Relic","Relic","Card","Card","Relic","Relic","Card","Relic","Card","Relic","Relic","Card"],"build_version":"2020-12-22","purchased_purges":1,"victory":true,"max_hp_per_floor":[60,60,60,60,60,60,60,60,60,60,60,60,60,60,60,60,60,60,60,60,60,60,60,60,60,60,60,60,60,60,60,60,60,60,60,60,60,60,60,60,60,60,60,60,60,60,60,60,60,60,60,60,60,60,60],"card_choices":[{"not_picked":["theWildCard:StingingStrike","theWildCard:EnergizedStroke"],"picked":"theWildCard:BladeOfGenerations","floor":1.0},{"not_picked":["theWildCard:MaskChange","theWildCard:Loki"],"picked":"theWildCard:Impatience","floor":3.0},{"not_picked":["theWildCard:StingingStrike","theWildCard:StalwartBlade","theWildCard:SacrificialStroke"],"picked":"SKIP","floor":5.0},{"not_picked":["theWildCard:EnergyTheft","theWildCard:Patience"],"picked":"theWildCard:ArcanaArtistry","floor":6.0},{"not_picked":["theWildCard:StingingStrike","theWildCard:UnderLockAndKey"],"picked":"theWildCard:Scathach","floor":7.0},{"not_picked":["theWildCard:Proficiency","theWildCard:CryOfAgony"],"picked":"theWildCard:Safeguard","floor":8.0},{"not_picked":["theWildCard:Satanael","theWildCard:SeveringSlash","theWildCard:StingingStrike"],"picked":"SKIP","floor":10.0},{"not_picked":["theWildCard:Abstinence","theWildCard:SeveringSlash"],"picked":"theWildCard:ArcaneArts","floor":13.0},{"not_picked":["theWildCard:SeveringSlash","theWildCard:LadyLuck"],"picked":"theWildCard:ArchaicAssault","floor":14.0},{"not_picked":["theWildCard:Ruination","theWildCard:TheUniverse"],"picked":"theWildCard:FinalHour","floor":16.0},{"not_picked":["theWildCard:Attunement","theWildCard:Polydeuces"],"picked":"theWildCard:SeveringSlash","floor":18},{"not_picked":["theWildCard:LadyLuck","theWildCard:PaleRider"],"picked":"theWildCard:ArcaneArts+1","floor":20},{"not_picked":["theWildCard:SeveringSlash","theWildCard:Polydeuces"],"picked":"theWildCard:Sakuya+1","floor":22},{"not_picked":["theWildCard:SeveringSlash","theWildCard:LadyLuck+1","theWildCard:Ruination"],"picked":"SKIP","floor":23},{"not_picked":["theWildCard:Alice+1","theWildCard:Odin"],"picked":"theWildCard:PowerOfTheArcana","floor":25},{"not_picked":["theWildCard:LadyLuck+1","theWildCard:StingingStrike+1"],"picked":"theWildCard:PowerOfTheArcana","floor":29},{"not_picked":["theWildCard:Attunement","theWildCard:IdentityTheft","theWildCard:Sakuya+1"],"picked":"theWildCard:Polydeuces+1","floor":31},{"not_picked":["theWildCard:AllOutAttack","theWildCard:FinalHour+1","theWildCard:Overwhelm"],"picked":"theWildCard:TheArcanaUnleashed","floor":33},{"not_picked":["theWildCard:ArcaneArts+1","theWildCard:EnergizedStroke","theWildCard:Patience+1"],"picked":"theWildCard:Michael+1","floor":35},{"not_picked":["Mayhem","Jack Of All Trades+1","Blind+1"],"picked":"Apotheosis+1","floor":36},{"not_picked":["theWildCard:MagicMettle+1","theWildCard:ShieldOfMany+1","theWildCard:SeveringSlash+1"],"picked":"theWildCard:MagicalMight","floor":39},{"not_picked":["theWildCard:MaskChange+1","theWildCard:SeveringSlash","theWildCard:ArchaicAssault","theWildCard:ArcanaArtistry+1"],"picked":"SKIP","floor":41},{"not_picked":["theWildCard:Deicide+1","theWildCard:CryOfAgony","theWildCard:ArcaneArts+1"],"picked":"theWildCard:Michael+1","floor":44},{"not_picked":["theWildCard:BladeOfGenerations","theWildCard:MagicalMight","theWildCard:ArcanaArtistry+1"],"picked":"theWildCard:ManOfManyFaces","floor":45},{"not_picked":["theWildCard:Ruination","theWildCard:StingingStrike","theWildCard:Michael+1"],"picked":"theWildCard:Safeguard+1","floor":46},{"not_picked":["theWildCard:MagicalMight+1","theWildCard:Unburden+1","theWildCard:Proficiency+1","theWildCard:LadyLuck+1"],"picked":"SKIP","floor":47},{"not_picked":["theWildCard:LadyLuck+1","theWildCard:EnergizedStroke","theWildCard:Thanatos+1","theWildCard:MaskChange+1"],"picked":"SKIP","floor":54}],"player_experience":3032733,"relics_obtained":[{"floor":6.0,"key":"Art of War"},{"floor":8.0,"key":"Whetstone"},{"floor":9.0,"key":"Pen Nib"},{"floor":10.0,"key":"Regal Pillow"},{"floor":21,"key":"Necronomicon"},{"floor":23,"key":"MawBank"},{"floor":25,"key":"Bronze Scales"},{"floor":26,"key":"Vajra"},{"floor":28,"key":"Toxic Egg 2"},{"floor":29,"key":"Question Card"},{"floor":37,"key":"CaptainsWheel"},{"floor":41,"key":"StoneCalendar"},{"floor":43,"key":"Toy Ornithopter"},{"floor":44,"key":"Boot"},{"floor":46,"key":"Centennial Puzzle"},{"floor":54,"key":"Anchor"}],"event_choices":[{"damage_healed":0.0,"max_hp_gain":0.0,"max_hp_loss":0.0,"gold_gain":75.0,"event_name":"World of Goop","player_choice":"Gather Gold","floor":2.0,"gold_loss":0.0,"damage_taken":11.0},{"damage_healed":0.0,"max_hp_gain":0.0,"max_hp_loss":0.0,"gold_gain":61.0,"event_name":"Golden Wing","player_choice":"Gained Gold","floor":4.0,"gold_loss":0.0,"damage_taken":0.0},{"damage_healed":0.0,"max_hp_gain":0.0,"max_hp_loss":0.0,"gold_gain":0.0,"event_name":"Golden Idol","player_choice":"Take Wound","floor":11.0,"gold_loss":0.0,"damage_taken":0.0,"relics_obtained":["Golden Idol"],"cards_obtained":["Injury"]},{"damage_healed":0.0,"max_hp_gain":0.0,"max_hp_loss":0.0,"gold_gain":0.0,"event_name":"WeMeetAgain","player_choice":"Gave Potion","floor":12.0,"gold_loss":0.0,"damage_taken":0.0,"relics_obtained":["MealTicket"]},{"damage_healed":0,"gold_gain":0,"player_choice":"Obtained Book","damage_taken":16,"max_hp_gain":0,"max_hp_loss":0,"event_name":"Cursed Tome","floor":21,"gold_loss":0},{"damage_healed":0,"gold_gain":0,"player_choice":"Memory 1","damage_taken":0,"max_hp_gain":0,"max_hp_loss":0,"event_name":"SensoryStone","floor":36,"gold_loss":0},{"damage_healed":0,"gold_gain":0,"player_choice":"Fight","damage_taken":0,"max_hp_gain":0,"max_hp_loss":0,"event_name":"Mysterious Sphere","floor":37,"gold_loss":0},{"damage_healed":0,"gold_gain":0,"player_choice":"Embrace Madness","damage_taken":8,"max_hp_gain":0,"max_hp_loss":0,"event_name":"Winding Halls","floor":38,"gold_loss":0,"cards_obtained":["Madness","Madness"]}],"is_beta":false,"boss_relics":[{"not_picked":["Velvet Choker","Pandora\u0027s Box"],"picked":"theWildCard:FigureOfDeath"},{"not_picked":["Sozu","Cursed Key"],"picked":"theWildCard:Wildcard"}],"items_purged_floors":[30],"is_endless":false,"potions_floor_spawned":[1,7,13,16,18,20,29,31,37,46,47],"ascension_level":1}}