{"host":"v9oq5ccz01n9mezq","time":1610207162,"event":{"mods":["BaseMod","Colored Map","Minty Spire (QoL Compilation)"],"gold_per_floor":[117,133,148,248,267,267,296,315,388,388,417,428,463,481,481,582,582,593,593,593,606,311,341,341,366,366,380,480,480,480,511,511,614,614,632,646,490,502,602,602,632,632,632,665,244,244,271,290,290,290],"floor_reached":51,"playtime":2987,"items_purged":["Bash+1"],"score":889,"play_id":"f26c545f-47ee-43d2-933c-4df411c210de","local_time":"20210109104602","is_ascension_mode":true,"campfire_choices":[{"data":"Shockwave","floor":6,"key":"SMITH"},{"data":"Cleave","floor":10,"key":"SMITH"},{"data":"Anger","floor":15,"key":"SMITH"},{"data":"True Grit","floor":24,"key":"SMITH"},{"data":"Combust","floor":30,"key":"SMITH"},{"data":"Strike_R+1","floor":32,"key":"PURGE"},{"data":"Defend_R+1","floor":40,"key":"PURGE"},{"data":"Strike_R+1","floor":42,"key":"PURGE"},{"data":"Barricade","floor":49,"key":"SMITH"}],"circlet_count":0,"master_deck":["Strike_R+1","Defend_R+1","Defend_R+1","Defend_R+1","Shockwave+1","Cleave+1","Anger+1","Combust+1","Headbutt+1","Reckless Charge+1","Disarm+1","Reaper+1","True Grit+1","Shrug It Off+1","Fiend Fire+1","Feel No Pain+1","Feel No Pain+1","Warcry+1","RitualDagger+1","Whirlwind+1","Reaper+1","Intimidate+1","Double Tap+1","Feel No Pain+1","Inflame+1","Fire Breathing","Wild Strike+1","Reckless Charge+1","Exhume+1","Flame Barrier+1","Mayhem","Barricade+1","Combust+1"],"relics":["Burning Blood","Magic Flower","Molten Egg 2","Charon\u0027s Ashes","Juzu Bracelet","Empty Cage","Nunchaku","Letter Opener","Lizard Tail","Pantograph","Bottled Flame","Peace Pipe","Paper Frog","Toxic Egg 2","Velvet Choker","Gambling Chip","Mummified Hand","War Paint","HornCleat","Orrery","Boot"],"acts_visited":["Exordium","TheCity","TheBeyond"],"potions_floor_usage":[7,13,23,28,28,31,33,50,50],"damage_taken":[{"damage":5,"enemies":"Small Slimes","floor":1,"turns":3},{"damage":6,"enemies":"Cultist","floor":2,"turns":3},{"damage":5,"enemies":"Jaw Worm","floor":3,"turns":4},{"damage":25,"enemies":"Gremlin Gang","floor":5,"turns":6},{"damage":5,"enemies":"3 Sentries","floor":7,"turns":7},{"damage":6,"enemies":"Blue Slaver","floor":8,"turns":4},{"damage":21,"enemies":"Lagavulin","floor":11,"turns":7},{"damage":4,"enemies":"3 Louse","floor":12,"turns":2},{"damage":18,"enemies":"Gremlin Nob","floor":13,"turns":3},{"damage":4,"enemies":"Exordium Thugs","floor":14,"turns":3},{"damage":22,"enemies":"Hexaghost","floor":16,"turns":9},{"damage":19,"enemies":"2 Thieves","floor":18,"turns":3},{"damage":25,"enemies":"3 Byrds","floor":21,"turns":4},{"damage":16,"enemies":"Gremlin Leader","floor":23,"turns":6},{"damage":31,"enemies":"Book of Stabbing","floor":25,"turns":7},{"damage":21,"enemies":"Centurion and Healer","floor":27,"turns":7},{"damage":2,"enemies":"Colosseum Slavers","floor":28,"turns":3},{"damage":33,"enemies":"Colosseum Nobs","floor":28,"turns":4},{"damage":27,"enemies":"Gremlin Leader","floor":31,"turns":7},{"damage":60,"enemies":"Collector","floor":33,"turns":12},{"damage":24,"enemies":"3 Darklings","floor":35,"turns":4},{"damage":18,"enemies":"3 Shapes","floor":36,"turns":3},{"damage":18,"enemies":"Jaw Worm Horde","floor":38,"turns":3},{"damage":29,"enemies":"Nemesis","floor":41,"turns":12},{"damage":9,"enemies":"Reptomancer","floor":44,"turns":6},{"damage":17,"enemies":"Nemesis","floor":47,"turns":7},{"damage":0,"enemies":"Sphere and 2 Shapes","floor":48,"turns":2},{"damage":14,"enemies":"Time Eater","floor":50,"turns":10}],"seed_played":"6965715645225584245","potions_obtained":[{"floor":1,"key":"SteroidPotion"},{"floor":3,"key":"HeartOfIron"},{"floor":7,"key":"FairyPotion"},{"floor":11,"key":"BloodPotion"},{"floor":14,"key":"Ancient Potion"},{"floor":23,"key":"PowerPotion"},{"floor":27,"key":"DistilledChaos"},{"floor":31,"key":"SteroidPotion"},{"floor":38,"key":"Dexterity Potion"},{"floor":41,"key":"Block Potion"}],"is_trial":false,"path_per_floor":["M","M","M","?","M","R","E","M","T","R","E","M","E","M","R","B",null,"M","?","?","M","$","E","R","E","T","M","?","?","R","E","R","B",null,"M","M","$","M","?","R","E","R","T","E","$","?","E","M","R","B",null],"character_chosen":"IRONCLAD","items_purchased":["Letter Opener","Fire Potion","Double Tap+1","Fire Breathing","HornCleat","Orrery"],"campfire_rested":0,"item_purchase_floors":[22,22,37,45,45,45],"current_hp_per_floor":[80,80,80,80,61,61,62,65,65,65,53,58,49,54,54,41,80,80,80,80,67,67,80,80,69,69,78,56,50,50,77,77,29,80,73,79,79,80,80,80,68,68,68,80,80,80,80,80,80,75],"gold":290,"neow_bonus":"UPGRADE_CARD","is_daily":false,"chose_seed":false,"campfire_upgraded":6,"win_rate":0.0,"timestamp":1610207162,"path_taken":["M","M","M","?","M","R","E","?","T","R","E","M","E","M","R","BOSS","M","?","?","M","$","E","R","E","T","M","?","?","R","E","R","BOSS","M","M","$","M","?","R","E","R","T","E","$","?","E","M","R","BOSS"],"items_purchased_type":["Relic","Potion","Card","Card","Relic","Relic"],"build_version":"2020-12-22","purchased_purges":1,"victory":true,"max_hp_per_floor":[80,80,80,80,80,80,80,80,80,80,80,80,80,80,80,80,80,80,80,80,80,80,80,80,80,80,80,80,80,80,80,80,80,80,80,80,80,80,80,80,80,80,80,80,80,80,80,80,80,80],"card_choices":[{"not_picked":["Pummel","Perfected Strike"],"picked":"Shockwave","floor":1},{"not_picked":["Pommel Strike","Feel No Pain"],"picked":"Cleave","floor":2},{"not_picked":["Heavy Blade","Thunderclap","Cleave"],"picked":"SKIP","floor":3},{"not_picked":["Wild Strike","Body Slam"],"picked":"Anger","floor":5},{"not_picked":["Second Wind","Reckless Charge"],"picked":"Combust","floor":7},{"not_picked":["Burning Pact","Clash","Havoc"],"picked":"SKIP","floor":8},{"not_picked":["Iron Wave+1","Sentinel"],"picked":"Headbutt+1","floor":11},{"not_picked":["Thunderclap+1","Heavy Blade+1","Perfected Strike+1"],"picked":"SKIP","floor":12},{"not_picked":["Headbutt+1","Rupture"],"picked":"Reckless Charge+1","floor":13},{"not_picked":["Wild Strike+1","Iron Wave+1"],"picked":"Disarm","floor":14},{"not_picked":["Double Tap","Immolate+1"],"picked":"Reaper+1","floor":16},{"not_picked":["Combust","Searing Blow+1"],"picked":"True Grit","floor":18},{"not_picked":["Iron Wave+1","Pommel Strike+1"],"picked":"Shrug It Off+1","floor":21},{"not_picked":["Wild Strike+1","Iron Wave+1"],"picked":"Fiend Fire+1","floor":23},{"not_picked":["Headbutt+1","Shockwave+1"],"picked":"Feel No Pain+1","floor":25},{"not_picked":["Metallicize","Wild Strike+1"],"picked":"Feel No Pain+1","floor":27},{"not_picked":["Thunderclap+1","Shockwave+1"],"picked":"Warcry+1","floor":28},{"not_picked":["Shrug It Off+1","Thunderclap+1"],"picked":"Whirlwind+1","floor":31},{"not_picked":["Limit Break+1","Brutality"],"picked":"Reaper+1","floor":33},{"not_picked":["Sword Boomerang+1","Havoc+1"],"picked":"Intimidate+1","floor":35},{"not_picked":["Whirlwind+1","Searing Blow+1","Anger+1"],"picked":"SKIP","floor":36},{"not_picked":["Warcry+1","Wild Strike+1"],"picked":"Feel No Pain+1","floor":38},{"not_picked":["Entrench+1","Pummel+1","Sever Soul+1"],"picked":"SKIP","floor":41},{"not_picked":["Wild Strike+1","Sentinel+1"],"picked":"Inflame+1","floor":44},{"not_picked":["Dropkick+1","Headbutt+1"],"picked":"Wild Strike+1","floor":45},{"not_picked":["Iron Wave+1","Flame Barrier+1"],"picked":"Reckless Charge+1","floor":45},{"not_picked":["Pummel+1","Armaments+1"],"picked":"Exhume+1","floor":45},{"not_picked":["Headbutt+1","Heavy Blade+1"],"picked":"Flame Barrier+1","floor":45},{"not_picked":["PanicButton+1","Discovery+1"],"picked":"Mayhem","floor":46},{"not_picked":["Flex+1","Body Slam+1"],"picked":"Barricade","floor":47},{"not_picked":["Body Slam+1","Armaments+1"],"picked":"Combust+1","floor":48}],"player_experience":52231,"relics_obtained":[{"floor":7,"key":"Magic Flower"},{"floor":9,"key":"Molten Egg 2"},{"floor":11,"key":"Charon\u0027s Ashes"},{"floor":13,"key":"Juzu Bracelet"},{"floor":23,"key":"Lizard Tail"},{"floor":25,"key":"Pantograph"},{"floor":26,"key":"Bottled Flame"},{"floor":28,"key":"Peace Pipe"},{"floor":28,"key":"Paper Frog"},{"floor":31,"key":"Toxic Egg 2"},{"floor":41,"key":"Gambling Chip"},{"floor":43,"key":"Mummified Hand"},{"floor":44,"key":"War Paint"},{"floor":47,"key":"Boot"}],"event_choices":[{"damage_healed":0,"gold_gain":100,"player_choice":"Pray","damage_taken":0,"max_hp_gain":0,"max_hp_loss":0,"event_name":"Golden Shrine","floor":4,"gold_loss":0},{"damage_healed":0,"gold_gain":0,"player_choice":"Simplicity","damage_taken":0,"max_hp_gain":0,"max_hp_loss":0,"event_name":"Back to Basics","floor":19,"gold_loss":0,"cards_upgraded":["Strike_R","Strike_R","Strike_R","Defend_R","Defend_R","Defend_R","Defend_R"]},{"damage_healed":0,"gold_gain":0,"player_choice":"Opened","damage_taken":0,"relics_obtained":["Nunchaku"],"max_hp_gain":0,"max_hp_loss":0,"event_name":"The Mausoleum","floor":20,"gold_loss":0},{"damage_healed":0,"gold_gain":0,"player_choice":"Fight","damage_taken":0,"max_hp_gain":0,"max_hp_loss":0,"event_name":"Colosseum","floor":28,"gold_loss":0},{"damage_healed":0,"gold_gain":0,"player_choice":"Fought Nobs","damage_taken":0,"max_hp_gain":0,"max_hp_loss":0,"event_name":"Colosseum","floor":28,"gold_loss":0},{"damage_healed":0,"gold_gain":0,"player_choice":"Joined the Cult","damage_taken":6,"max_hp_gain":0,"max_hp_loss":0,"event_name":"Nest","floor":29,"gold_loss":0,"cards_obtained":["RitualDagger"]},{"damage_healed":0,"gold_gain":100,"player_choice":"Pray","damage_taken":0,"max_hp_gain":0,"max_hp_loss":0,"event_name":"Golden Shrine","floor":39,"gold_loss":0},{"damage_healed":0,"gold_gain":0,"player_choice":"Memory 1","damage_taken":0,"max_hp_gain":0,"max_hp_loss":0,"event_name":"SensoryStone","floor":46,"gold_loss":0}],"is_beta":false,"boss_relics":[{"not_picked":["Ectoplasm","Busted Crown"],"picked":"Empty Cage"},{"not_picked":["Coffee Dripper","Runic Cube"],"picked":"Velvet Choker"}],"items_purged_floors":[37],"is_endless":false,"potions_floor_spawned":[1,3,7,11,14,23,27,28,31,38,41],"ascension_level":2}}