{"host":"0e0lo445kffy4sr5","time":1610163403,"event":{"mods":["BaseMod","Colored Map","Colored Powertips","Highlight Path","Key Reminder","Minty Spire (QoL Compilation)","Permanent Neow","StSLib"],"gold_per_floor":[18,18,18,36,36,71,84,84,108,10,24,60,84,100,100,230,230,246,266,266,541,292,292,323,346,373,386,386,421,421,446,446,565,565,579,32,0,24,47,91,115,153,199,532,550,565,70,80,80,80],"floor_reached":51,"playtime":4656,"items_purged":["Pain","Regret","Defend_B","Defend_B"],"score":859,"play_id":"542ecda6-2691-4564-93d6-970e434ee92b","local_time":"20210108223643","is_ascension_mode":false,"campfire_choices":[{"floor":8.0,"key":"REST"},{"floor":15.0,"key":"REST"},{"data":"Bite","floor":23.0,"key":"SMITH"},{"data":"Seek","floor":28.0,"key":"SMITH"},{"data":"Electrodynamics","floor":30.0,"key":"SMITH"},{"data":"Double Energy","floor":32.0,"key":"SMITH"},{"floor":49,"key":"REST"}],"circlet_count":0,"master_deck":["Defend_B","Defend_B","Zap","Dualcast","Lockon+1","Streamline","White Noise","Hologram","Leap+1","Creative AI","Undo","Turbo","Electrodynamics+1","Double Energy+1","Rebound+1","Bite+1","Bite","Bite+1","Bite+1","Bite","Seek+1","Steam Power+1","Buffer+1","Melter+1","Defragment+1","Buffer+1","Rainbow","Sunder","Apotheosis","Turbo"],"relics":["Cracked Core","WarpedTongs","Bag of Preparation","Ginger","Regal Pillow","Nuclear Battery","Lantern","Frozen Egg 2","Strawberry","Bottled Tornado","Runic Pyramid","Strange Spoon","Gremlin Horn","Red Mask","Omamori","War Paint","PreservedInsect","Whetstone"],"acts_visited":["Exordium","TheCity","TheBeyond"],"potions_floor_usage":[],"damage_taken":[{"damage":2.0,"enemies":"Small Slimes","floor":1.0,"turns":3.0},{"damage":0.0,"enemies":"2 Louse","floor":4.0,"turns":1.0},{"damage":29.0,"enemies":"3 Sentries","floor":6.0,"turns":6.0},{"damage":2.0,"enemies":"Cultist","floor":7.0,"turns":3.0},{"damage":1.0,"enemies":"Exordium Wildlife","floor":11.0,"turns":4.0},{"damage":40.0,"enemies":"Gremlin Nob","floor":12.0,"turns":4.0},{"damage":7.0,"enemies":"Gremlin Gang","floor":14.0,"turns":5.0},{"damage":32.0,"enemies":"Hexaghost","floor":16.0,"turns":9.0},{"damage":0.0,"enemies":"Shell Parasite","floor":18.0,"turns":4.0},{"damage":2.0,"enemies":"3 Byrds","floor":19.0,"turns":5.0},{"damage":0.0,"enemies":"Gremlin Leader","floor":24.0,"turns":5.0},{"damage":4.0,"enemies":"Cultist and Chosen","floor":25.0,"turns":5.0},{"damage":16.0,"enemies":"Chosen and Byrds","floor":27.0,"turns":5.0},{"damage":0.0,"enemies":"Book of Stabbing","floor":29.0,"turns":4.0},{"damage":8.0,"enemies":"Snake Plant","floor":31.0,"turns":2.0},{"damage":16.0,"enemies":"Champ","floor":33.0,"turns":6.0},{"damage":13.0,"enemies":"3 Darklings","floor":35.0,"turns":4.0},{"damage":0.0,"enemies":"Orb Walker","floor":38.0,"turns":2.0},{"damage":0.0,"enemies":"3 Darklings","floor":39.0,"turns":2.0},{"damage":0.0,"enemies":"Reptomancer","floor":40.0,"turns":6.0},{"damage":0.0,"enemies":"Spire Growth","floor":41.0,"turns":4.0},{"damage":87.0,"enemies":"Giant Head","floor":42.0,"turns":12.0},{"damage":18,"enemies":"Writhing Mass","floor":45,"turns":3},{"damage":0,"enemies":"Sphere and 2 Shapes","floor":46,"turns":1},{"damage":0,"enemies":"Transient","floor":48,"turns":5},{"damage":83,"enemies":"Time Eater","floor":50,"turns":10}],"seed_played":"-2744478972432538460","potions_obtained":[{"floor":4.0,"key":"FearPotion"},{"floor":6.0,"key":"BlessingOfTheForge"},{"floor":12.0,"key":"Weak Potion"},{"floor":18.0,"key":"EssenceOfSteel"},{"floor":19.0,"key":"FairyPotion"},{"floor":24.0,"key":"FairyPotion"},{"floor":33.0,"key":"LiquidBronze"},{"floor":39.0,"key":"SmokeBomb"},{"floor":41.0,"key":"EntropicBrew"}],"is_trial":false,"path_per_floor":["M","?","?","M","?","E","M","R","T","$","M","E","T","M","R","B",null,"M","M","?","?","$","R","E","M","T","M","R","E","R","M","R","B",null,"M","$","?","M","M","E","M","E","T","?","M","M","$","M","R","B",null],"character_chosen":"DEFECT","items_purchased":["Leap","Lantern","Defragment+1","Strange Spoon","Gremlin Horn","Apotheosis","Turbo","Whetstone"],"campfire_rested":3,"item_purchase_floors":[10,22,36,36,36,47,47,47],"current_hp_per_floor":[87,87,65,65,65,36,34,60,60,60,61,23,23,18,59,29,89,89,87,87,87,87,87,89,89,96,80,80,91,91,88,88,74,96,92,92,92,95,96,96,96,15,15,15,6,11,11,22,65,23],"gold":80,"neow_bonus":"TWENTY_PERCENT_HP_BONUS","is_daily":false,"chose_seed":false,"campfire_upgraded":4,"win_rate":0.0,"timestamp":1610163403,"path_taken":["M","?","?","M","?","E","M","R","T","$","?","E","?","?","R","BOSS","M","M","?","?","$","R","E","?","T","M","R","E","R","M","R","BOSS","M","$","?","M","M","E","M","E","T","?","M","M","$","?","R","BOSS"],"items_purchased_type":["Card","Relic","Card","Relic","Relic","Card","Card","Relic"],"build_version":"2020-12-13","purchased_purges":4,"victory":true,"max_hp_per_floor":[89,89,89,89,89,89,89,89,89,89,89,89,89,89,89,89,89,89,89,89,89,89,89,89,89,96,96,96,96,96,96,96,96,96,96,96,96,96,96,96,96,96,96,96,96,96,96,96,96,96],"card_choices":[{"not_picked":["Leap","Aggregate"],"picked":"Lockon","floor":1.0},{"not_picked":["Lockon","Steam"],"picked":"Streamline","floor":4.0},{"not_picked":["Conserve Battery","Streamline"],"picked":"White Noise","floor":6.0},{"not_picked":["Redo","Conserve Battery"],"picked":"Hologram","floor":7.0},{"not_picked":["Coolheaded","Conserve Battery"],"picked":"Creative AI","floor":11.0},{"not_picked":["Capacitor","Rebound"],"picked":"Undo","floor":12.0},{"not_picked":["Go for the Eyes","Doom and Gloom"],"picked":"Turbo","floor":14.0},{"not_picked":["Reboot","Seek"],"picked":"Electrodynamics","floor":16.0},{"not_picked":["Doom and Gloom","Go for the Eyes"],"picked":"Double Energy","floor":18.0},{"not_picked":["Auto Shields","Stack"],"picked":"Rebound+1","floor":19.0},{"not_picked":["Skim+1","Leap"],"picked":"Seek","floor":24.0},{"not_picked":["Cold Snap","Conserve Battery","FTL+1"],"picked":"SKIP","floor":25.0},{"not_picked":["Leap","Coolheaded","Conserve Battery"],"picked":"SKIP","floor":27.0},{"not_picked":["Cold Snap","Sweeping Beam"],"picked":"Steam Power","floor":29.0},{"not_picked":["Gash","Redo","Heatsinks+1"],"picked":"SKIP","floor":31.0},{"not_picked":["Machine Learning+1","Seek"],"picked":"Buffer+1","floor":33.0},{"not_picked":["Genetic Algorithm","Leap"],"picked":"Melter+1","floor":35.0},{"not_picked":["Cold Snap+1","Gash+1","Go for the Eyes"],"picked":"SKIP","floor":38.0},{"not_picked":["Barrage","White Noise+1"],"picked":"Buffer+1","floor":39.0},{"not_picked":["Sweeping Beam+1","Defragment+1"],"picked":"Rainbow","floor":40.0},{"not_picked":["Beam Cell+1","FTL","Hello World+1"],"picked":"SKIP","floor":41.0},{"not_picked":["FTL+1","Chill","Lockon"],"picked":"SKIP","floor":42.0},{"not_picked":["Barrage+1","Streamline+1","Hologram+1"],"picked":"SKIP","floor":45},{"not_picked":["Barrage+1","Streamline+1","Hologram+1"],"picked":"SKIP","floor":45},{"not_picked":["Cold Snap","Glacier+1"],"picked":"Sunder","floor":46},{"not_picked":["Fission","Auto Shields+1","Compile Driver"],"picked":"SKIP","floor":48}],"player_experience":27958,"relics_obtained":[{"floor":6.0,"key":"Bag of Preparation"},{"floor":9.0,"key":"Blood Vial"},{"floor":12.0,"key":"Ginger"},{"floor":13.0,"key":"Regal Pillow"},{"floor":24.0,"key":"Frozen Egg 2"},{"floor":26.0,"key":"Strawberry"},{"floor":29.0,"key":"Bottled Tornado"},{"floor":40.0,"key":"Omamori"},{"floor":42.0,"key":"War Paint"},{"floor":43.0,"key":"PreservedInsect"}],"event_choices":[{"damage_healed":0.0,"max_hp_gain":0.0,"max_hp_loss":0.0,"gold_gain":0.0,"event_name":"Living Wall","player_choice":"Grow","floor":2.0,"gold_loss":0.0,"damage_taken":0.0,"cards_upgraded":["Lockon"]},{"damage_healed":0.0,"max_hp_gain":0.0,"max_hp_loss":0.0,"gold_gain":0.0,"event_name":"Golden Idol","player_choice":"Take Damage","floor":3.0,"gold_loss":0.0,"damage_taken":22.0,"relics_obtained":["Golden Idol"]},{"damage_healed":0.0,"max_hp_gain":0.0,"max_hp_loss":0.0,"gold_gain":0.0,"event_name":"Accursed Blacksmith","player_choice":"Rummage","floor":5.0,"gold_loss":0.0,"damage_taken":0.0,"relics_obtained":["WarpedTongs"],"cards_obtained":["Pain"]},{"damage_healed":0.0,"max_hp_gain":0.0,"max_hp_loss":0.0,"gold_gain":0.0,"event_name":"Vampires","player_choice":"Became a vampire (Vial)","floor":20.0,"relics_lost":["Blood Vial"],"gold_loss":0.0,"damage_taken":0.0,"cards_obtained":["Bite","Bite","Bite","Bite","Bite"]},{"damage_healed":0.0,"max_hp_gain":0.0,"max_hp_loss":0.0,"gold_gain":275.0,"event_name":"Golden Shrine","player_choice":"Desecrate","floor":21.0,"gold_loss":0.0,"damage_taken":0.0,"cards_obtained":["Regret"]},{"damage_healed":0.0,"max_hp_gain":0.0,"max_hp_loss":0.0,"gold_gain":0.0,"event_name":"Tomb of Lord Red Mask","player_choice":"Paid","floor":37.0,"gold_loss":32.0,"damage_taken":0.0,"relics_obtained":["Red Mask"]},{"damage_healed":0.0,"max_hp_gain":0.0,"max_hp_loss":0.0,"gold_gain":333.0,"event_name":"The Moai Head","player_choice":"Gave Idol","floor":44.0,"relics_lost":["Golden Idol"],"gold_loss":0.0,"damage_taken":0.0}],"is_beta":false,"boss_relics":[{"not_picked":["SacredBark","Cursed Key"],"picked":"Nuclear Battery"},{"not_picked":["Sozu","Coffee Dripper"],"picked":"Runic Pyramid"}],"items_purged_floors":[10,22,36,47],"is_endless":false,"potions_floor_spawned":[4,6,12,18,19,24,29,33,39,41,45,46],"ascension_level":0}}