{"host":"684z1xpuwaoqmmh1","time":1610204207,"event":{"mods":["BaseMod","Downfall","Hermit","Jorbs\u0027s Wanderer Trilogy","Marisa????????","Minty Spire (QoL Compilation)","StSLib","The Hierophant","The Mystic"],"gold_per_floor":[114,16,26,44,54,73,73,101,101,116,135,135,165,182,182,182,182],"floor_reached":16,"playtime":916,"items_purged":[],"score":186,"play_id":"3e07f2aa-340a-498b-8850-66b903f72708","local_time":"20210109165647","is_ascension_mode":true,"campfire_choices":[{"data":"mysticmod:Momentum","floor":7.0,"key":"SMITH"},{"data":"mysticmod:MightyMagic","floor":12.0,"key":"SMITH"},{"data":"mysticmod:Daze","floor":15,"key":"SMITH"}],"circlet_count":0,"master_deck":["AscendersBane","mysticmod:Strike_Mystic","mysticmod:Strike_Mystic","mysticmod:Strike_Mystic","mysticmod:Strike_Mystic","mysticmod:Defend_Mystic","mysticmod:Defend_Mystic","mysticmod:Defend_Mystic","mysticmod:Defend_Mystic","mysticmod:ArcaneDodge","mysticmod:ShockingGrasp","mysticmod:Momentum+1","mysticmod:ChargedParry","mysticmod:PowerSlash","mysticmod:MightyMagic+1","mysticmod:RapidCaster","mysticmod:Daze+1","mysticmod:TomeOfSpells","mysticmod:Disintegrate","mysticmod:Fly","mysticmod:Shield","mysticmod:Snowball","mysticmod:ComboCaster","mysticmod:EarthenWall"],"relics":["mysticmod:SpellBook","Akabeko","Darkstone Periapt","Letter Opener"],"acts_visited":["Exordium"],"potions_floor_usage":[13],"damage_taken":[{"damage":4.0,"enemies":"Small Slimes","floor":1.0,"turns":5.0},{"damage":3.0,"enemies":"Cultist","floor":3.0,"turns":4.0},{"damage":5.0,"enemies":"Jaw Worm","floor":4.0,"turns":4.0},{"damage":1.0,"enemies":"Exordium Wildlife","floor":5.0,"turns":3.0},{"damage":0.0,"enemies":"Looter","floor":6.0,"turns":2.0},{"damage":5.0,"enemies":"Lagavulin","floor":8.0,"turns":8.0},{"damage":7.0,"enemies":"Large Slime","floor":10.0,"turns":6.0},{"damage":0.0,"enemies":"3 Louse","floor":11.0,"turns":4.0},{"damage":8,"enemies":"3 Sentries","floor":13,"turns":10},{"damage":1,"enemies":"2 Fungi Beasts","floor":14,"turns":4},{"damage":48,"enemies":"The Guardian","floor":16,"turns":6}],"seed_played":"6361249032840555989","potions_obtained":[{"floor":1.0,"key":"SteroidPotion"},{"floor":5.0,"key":"Fire Potion"},{"floor":8.0,"key":"LiquidBronze"},{"floor":13,"key":"Guardian:BlockOnCardUsePotion"}],"is_trial":false,"path_per_floor":["M","$","M","M","M","M","R","E","T","M","M","R","E","M","R","B"],"character_chosen":"MYSTIC_CLASS","items_purchased":["mysticmod:PowerSlash","mysticmod:MightyMagic"],"campfire_rested":0,"item_purchase_floors":[2,2],"current_hp_per_floor":[65,65,62,57,56,56,56,51,51,44,44,44,36,35,35,0,0],"gold":182,"neow_bonus":"ONE_RANDOM_RARE_CARD","is_daily":false,"chose_seed":false,"campfire_upgraded":3,"win_rate":0.0,"timestamp":1610204207,"path_taken":["M","$","M","M","M","M","R","E","T","M","M","R","E","M","R","BOSS"],"items_purchased_type":["Card","Card"],"build_version":"2020-12-22","purchased_purges":0,"victory":false,"max_hp_per_floor":[77,77,77,77,77,77,77,77,77,77,77,77,77,77,77,77,77],"card_choices":[{"not_picked":["mysticmod:EarthenWall","mysticmod:IllusionOfCalm"],"picked":"mysticmod:ChargedParry","floor":1.0},{"not_picked":["mysticmod:Riposte","mysticmod:LightningBolt"],"picked":"mysticmod:RapidCaster","floor":3.0},{"not_picked":["mysticmod:PowerSlash","mysticmod:SuddenClarity"],"picked":"mysticmod:Daze","floor":4.0},{"not_picked":["mysticmod:DiviningBlow","mysticmod:EnergizedRift"],"picked":"mysticmod:TomeOfSpells","floor":5.0},{"not_picked":["mysticmod:PureInstinct","mysticmod:Daze"],"picked":"mysticmod:Disintegrate","floor":6.0},{"not_picked":["mysticmod:PowerSlash","mysticmod:ComponentsPouch"],"picked":"mysticmod:Fly","floor":8.0},{"not_picked":["mysticmod:SuddenClarity","mysticmod:BladeMaster"],"picked":"mysticmod:Shield","floor":10.0},{"not_picked":["mysticmod:Daze","mysticmod:AllIn"],"picked":"mysticmod:Snowball","floor":11.0},{"not_picked":["mysticmod:Flurry","mysticmod:Snowball"],"picked":"mysticmod:ComboCaster","floor":13},{"not_picked":["mysticmod:HeavyStrike","mysticmod:Alacrity"],"picked":"mysticmod:EarthenWall","floor":14}],"player_experience":2437327,"relics_obtained":[{"floor":8.0,"key":"Akabeko"},{"floor":9.0,"key":"Darkstone Periapt"},{"floor":13,"key":"Letter Opener"}],"event_choices":[],"is_beta":false,"boss_relics":[],"items_purged_floors":[],"is_endless":false,"potions_floor_spawned":[1,5,8,13],"killed_by":"The Guardian","ascension_level":12}}