{"host":"3h5qf14xt40jhha0","time":1610182446,"event":{"mods":["AlwaysNeverKeys","BaseMod","Colored Powertips","Minty Spire (QoL Compilation)","Permanent Neow","Relic Stats","StSLib"],"gold_per_floor":[168,168,8,8,28,28,28,55,78,3,13,13,13,48,48,119,119,135,335,347,362,378,404,404,430,430,430,458,471,471,504,504,583,583,599,599,48,48,66,94,105,125,125,69,89,114,114,144,144,144,144,144,144,33,65,65],"floor_reached":57,"playtime":4163,"items_purged":["Strike_G","Strike_G+1"],"score":3102,"play_id":"b596297c-bb51-4fc4-bd18-f1e025d02ec0","local_time":"20210109035406","is_ascension_mode":true,"campfire_choices":[{"data":"Noxious Fumes","floor":7.0,"key":"SMITH"},{"data":"Masterful Stab","floor":13.0,"key":"SMITH"},{"data":"Night Terror","floor":15.0,"key":"SMITH"},{"floor":24.0,"key":"REST"},{"floor":32.0,"key":"REST"},{"floor":49,"key":"RECALL"}],"circlet_count":0,"master_deck":["AscendersBane","Strike_G+1","Strike_G+1","Strike_G+1","Defend_G+1","Defend_G+1","Defend_G+1","Defend_G+1","Defend_G+1","Survivor","Neutralize","Masterful Stab+1","Glass Knife+1","Endless Agony","Noxious Fumes+1","Crippling Poison+1","Night Terror+1","Footwork","Phantasmal Killer+1","Dagger Spray+1","Sucker Punch+1","Backflip+1","Heel Hook+1","Footwork","Escape Plan+1","Ghostly+1","Ghostly+1","Ghostly+1","Cloak And Dagger+1","Corpse Explosion+1","Acrobatics+1","Backflip+1","Tactician+1","Leg Sweep+1","Reflex+1","PiercingWail+1","Acrobatics+1","Catalyst+1","Blur+1","Acrobatics+1","Escape Plan+1"],"relics":["Tiny House","Orrery","Torii","Molten Egg 2","Bag of Marbles","Fusion Hammer","Bottled Tornado","Snake Skull","Pantograph","Toxic Egg 2","Paper Crane","Coffee Dripper","OrangePellets","Bronze Scales","Omamori","Potion Belt","Question Card","Oddly Smooth Stone","Juzu Bracelet","War Paint"],"acts_visited":["Exordium","TheCity","TheBeyond","TheEnding"],"potions_floor_usage":[48,56,56,56],"damage_taken":[{"damage":1.0,"enemies":"Cultist","floor":1.0,"turns":4.0},{"damage":3.0,"enemies":"Small Slimes","floor":5.0,"turns":2.0},{"damage":32.0,"enemies":"Gremlin Nob","floor":8.0,"turns":4.0},{"damage":0.0,"enemies":"2 Louse","floor":11.0,"turns":2.0},{"damage":1.0,"enemies":"3 Sentries","floor":14.0,"turns":5.0},{"damage":25.0,"enemies":"Slime Boss","floor":16.0,"turns":9.0},{"damage":0.0,"enemies":"Spheric Guardian","floor":18.0,"turns":2.0},{"damage":0.0,"enemies":"Chosen","floor":20.0,"turns":2.0},{"damage":4.0,"enemies":"Sentry and Sphere","floor":21.0,"turns":6.0},{"damage":3.0,"enemies":"Chosen and Byrds","floor":22.0,"turns":8.0},{"damage":0.0,"enemies":"Slavers","floor":23.0,"turns":3.0},{"damage":26.0,"enemies":"Gremlin Leader","floor":25.0,"turns":7.0},{"damage":22.0,"enemies":"Slavers","floor":28.0,"turns":4.0},{"damage":1.0,"enemies":"Snake Plant","floor":29.0,"turns":3.0},{"damage":0.0,"enemies":"Gremlin Leader","floor":31.0,"turns":6.0},{"damage":8.0,"enemies":"Automaton","floor":33.0,"turns":10.0},{"damage":2.0,"enemies":"3 Shapes","floor":35.0,"turns":5.0},{"damage":0.0,"enemies":"Orb Walker","floor":39.0,"turns":3.0},{"damage":11.0,"enemies":"Nemesis","floor":40.0,"turns":7.0},{"damage":0.0,"enemies":"Sphere and 2 Shapes","floor":41.0,"turns":4.0},{"damage":0.0,"enemies":"4 Shapes","floor":42.0,"turns":2.0},{"damage":0.0,"enemies":"Spire Growth","floor":45.0,"turns":6.0},{"damage":0.0,"enemies":"Giant Head","floor":46.0,"turns":7.0},{"damage":2,"enemies":"Reptomancer","floor":48,"turns":4},{"damage":5,"enemies":"Donu and Deca","floor":50,"turns":8},{"damage":0,"enemies":"Time Eater","floor":51,"turns":6},{"damage":6,"enemies":"Shield and Spear","floor":55,"turns":6},{"damage":25,"enemies":"The Heart","floor":56,"turns":9}],"seed_played":"-8258662362600159308","potions_obtained":[{"floor":0.0,"key":"SkillPotion"},{"floor":5.0,"key":"SpeedPotion"},{"floor":8.0,"key":"PowerPotion"},{"floor":16.0,"key":"Fire Potion"},{"floor":18.0,"key":"SteroidPotion"},{"floor":23.0,"key":"SteroidPotion"},{"floor":25.0,"key":"Dexterity Potion"},{"floor":29.0,"key":"Fruit Juice"},{"floor":33.0,"key":"SpeedPotion"},{"floor":39.0,"key":"GamblersBrew"},{"floor":40.0,"key":"ColorlessPotion"},{"floor":41.0,"key":"BlessingOfTheForge"},{"floor":55,"key":"CunningPotion"}],"is_trial":false,"path_per_floor":["M","?","$","?","M","?","R","E","T","$","M","T","R","E","R","B",null,"M","?","M","M","M","E","R","E","T","?","E","M","?","E","R","B",null,"M","?","$","?","M","E","M","M","T","$","M","E","?","E","R","B","B",null,"R","$","E","B",null],"character_chosen":"THE_SILENT","items_purchased":["Orrery","OrangePellets","Backflip+1","Tactician+1","Bronze Scales","Acrobatics+1","Acrobatics+1","Escape Plan+1"],"campfire_rested":2,"item_purchase_floors":[3,37,37,37,37,44,54,54],"current_hp_per_floor":[63,63,63,63,60,65,65,33,33,33,33,33,33,32,32,7,59,59,59,59,55,52,52,74,48,48,48,26,25,25,30,42,35,41,39,39,39,39,39,28,28,28,28,28,28,28,37,35,35,38,43,43,43,43,37,18],"gold":65,"neow_bonus":"BOSS_RELIC","is_daily":false,"chose_seed":false,"campfire_upgraded":3,"win_rate":0.0,"timestamp":1610182446,"path_taken":["M","?","$","?","M","?","R","E","T","?","?","?","R","E","R","BOSS","M","?","?","M","M","E","R","E","T","?","E","M","?","E","R","BOSS","M","?","$","?","?","E","?","M","T","$","M","E","?","E","R","BOSS","BOSS","R","$","E","BOSS"],"items_purchased_type":["Relic","Relic","Card","Card","Relic","Card","Card","Card"],"build_version":"2020-12-22","purchased_purges":2,"victory":true,"max_hp_per_floor":[71,71,71,71,71,76,76,76,76,76,76,76,76,76,76,76,76,76,76,76,76,76,76,76,76,76,76,76,76,38,43,43,43,43,43,43,43,43,43,43,43,43,43,43,43,43,43,43,43,43,43,43,43,43,43,43],"relic_stats":{"OrangePellets":[4],"Torii":22,"counters":[28,144],"Pantograph":20,"Bronze Scales":[265],"Snake Skull":[154],"Juzu Bracelet":0,"War Paint":["Phantasmal Killer","Crippling Poison"],"Question Card":4,"obtain_stats":[{"Potion Belt":40,"Tiny House":0,"Torii":8,"Oddly Smooth Stone":46,"Snake Skull":25,"Omamori":38,"Juzu Bracelet":48,"Bottled Tornado":23,"Paper Crane":31,"War Paint":55,"Question Card":43,"OrangePellets":37,"Pantograph":26,"Bronze Scales":37,"Orrery":3,"Molten Egg 2":12,"Fusion Hammer":17,"Bag of Marbles":14,"Coffee Dripper":34,"Toxic Egg 2":28,"Ring of the Snake":0},{"Potion Belt":19,"Tiny House":0,"Torii":3,"Oddly Smooth Stone":23,"Snake Skull":12,"Omamori":17,"Juzu Bracelet":24,"Bottled Tornado":11,"Paper Crane":15,"War Paint":27,"Question Card":21,"OrangePellets":17,"Pantograph":12,"Bronze Scales":17,"Orrery":1,"Molten Egg 2":4,"Fusion Hammer":6,"Bag of Marbles":5,"Coffee Dripper":16,"Toxic Egg 2":13,"Ring of the Snake":0},{"Potion Belt":92,"Tiny House":0,"Torii":10,"Oddly Smooth Stone":111,"Snake Skull":54,"Omamori":82,"Juzu Bracelet":115,"Bottled Tornado":47,"Paper Crane":67,"War Paint":135,"Question Card":98,"OrangePellets":82,"Pantograph":54,"Bronze Scales":82,"Orrery":4,"Molten Egg 2":12,"Fusion Hammer":26,"Bag of Marbles":17,"Coffee Dripper":77,"Toxic Egg 2":58,"Ring of the Snake":0}]},"card_choices":[{"not_picked":["Prepared","Dagger Throw"],"picked":"Dash","floor":0.0},{"not_picked":["Dagger Spray","Leg Sweep"],"picked":"Masterful Stab","floor":1.0},{"not_picked":["Deadly Poison","Terror"],"picked":"Glass Knife","floor":3.0},{"not_picked":["Setup","Deflect"],"picked":"Endless Agony","floor":3.0},{"not_picked":["Blur","Sucker Punch"],"picked":"Noxious Fumes","floor":3.0},{"not_picked":["Bane","Dagger Spray"],"picked":"Crippling Poison","floor":5.0},{"not_picked":["Catalyst","Caltrops"],"picked":"Night Terror","floor":8.0},{"not_picked":["Prepared","Slice","Heel Hook"],"picked":"SKIP","floor":11.0},{"not_picked":["Skewer+1","Reflex"],"picked":"Footwork","floor":14.0},{"not_picked":["After Image","A Thousand Cuts"],"picked":"Phantasmal Killer","floor":16.0},{"not_picked":["Caltrops+1","Poisoned Stab+1"],"picked":"Dagger Spray+1","floor":18.0},{"not_picked":["Slice+1","Prepared"],"picked":"Sucker Punch+1","floor":20.0},{"not_picked":["Noxious Fumes","Dash+1"],"picked":"Backflip+1","floor":21.0},{"not_picked":["Leg Sweep","Distraction"],"picked":"Heel Hook+1","floor":22.0},{"not_picked":["Underhanded Strike+1","Accuracy","Dodge and Roll"],"picked":"SKIP","floor":23.0},{"not_picked":["Choke+1","Blade Dance"],"picked":"Footwork","floor":25.0},{"not_picked":["Footwork","Setup+1","Concentrate+1"],"picked":"SKIP","floor":28.0},{"not_picked":["Blade Dance+1","Masterful Stab+1"],"picked":"Escape Plan+1","floor":29.0},{"not_picked":["Dash+1","Bane+1"],"picked":"Cloak And Dagger+1","floor":31.0},{"not_picked":["Doppelganger+1","Glass Knife+1"],"picked":"Corpse Explosion+1","floor":33.0},{"not_picked":["Underhanded Strike+1","Expertise+1"],"picked":"Acrobatics+1","floor":35.0},{"not_picked":["Flechettes+1","Noxious Fumes"],"picked":"Leg Sweep+1","floor":39.0},{"not_picked":["Dagger Spray+1","Backstab+1","Sucker Punch+1"],"picked":"SKIP","floor":40.0},{"not_picked":["Dagger Spray+1","Backstab+1","Sucker Punch+1"],"picked":"SKIP","floor":40.0},{"not_picked":["Tactician+1","Bane+1"],"picked":"Reflex+1","floor":41.0},{"not_picked":["Deadly Poison+1","Cloak And Dagger+1"],"picked":"PiercingWail+1","floor":42.0},{"not_picked":["Blade Dance+1","Poisoned Stab+1","Escape Plan+1"],"picked":"Catalyst+1","floor":45.0},{"not_picked":["Poisoned Stab+1","Flying Knee+1","Deadly Poison+1","Infinite Blades"],"picked":"SKIP","floor":46.0},{"not_picked":["Storm of Steel+1","Blade Dance+1","Dagger Throw+1"],"picked":"Blur+1","floor":48},{"not_picked":["Masterful Stab+1","Flying Knee+1","Underhanded Strike+1","Bane+1"],"picked":"SKIP","floor":55}],"player_experience":1284539,"relics_obtained":[{"floor":8.0,"key":"Torii"},{"floor":12.0,"key":"Molten Egg 2"},{"floor":14.0,"key":"Bag of Marbles"},{"floor":23.0,"key":"Bottled Tornado"},{"floor":25.0,"key":"Snake Skull"},{"floor":26.0,"key":"Pantograph"},{"floor":28.0,"key":"Toxic Egg 2"},{"floor":31.0,"key":"Paper Crane"},{"floor":40.0,"key":"Potion Belt"},{"floor":43.0,"key":"Question Card"},{"floor":46.0,"key":"Oddly Smooth Stone"},{"floor":48,"key":"Juzu Bracelet"},{"floor":55,"key":"War Paint"}],"event_choices":[{"damage_healed":0.0,"max_hp_gain":0.0,"max_hp_loss":0.0,"gold_gain":0.0,"event_name":"The Cleric","player_choice":"Leave","floor":2.0,"gold_loss":0.0,"damage_taken":0.0},{"damage_healed":0.0,"max_hp_gain":0.0,"max_hp_loss":0.0,"gold_gain":0.0,"event_name":"Living Wall","player_choice":"Grow","floor":4.0,"gold_loss":0.0,"damage_taken":0.0,"cards_upgraded":["Glass Knife"]},{"damage_healed":0.0,"max_hp_gain":5.0,"max_hp_loss":0.0,"gold_gain":0.0,"event_name":"Big Fish","player_choice":"Donut","floor":6.0,"gold_loss":0.0,"damage_taken":0.0},{"damage_healed":0.0,"max_hp_gain":0.0,"max_hp_loss":0.0,"gold_gain":200.0,"event_name":"Wheel of Change","player_choice":"Gold","floor":19.0,"gold_loss":0.0,"damage_taken":0.0},{"damage_healed":0.0,"max_hp_gain":0.0,"max_hp_loss":0.0,"gold_gain":0.0,"event_name":"Back to Basics","player_choice":"Simplicity","floor":27.0,"gold_loss":0.0,"damage_taken":0.0,"cards_upgraded":["Strike_G","Strike_G","Strike_G","Defend_G","Defend_G","Defend_G","Defend_G","Defend_G"]},{"damage_healed":0.0,"max_hp_gain":0.0,"max_hp_loss":38.0,"gold_gain":0.0,"event_name":"Ghosts","player_choice":"Became a Ghost","floor":30.0,"gold_loss":0.0,"damage_taken":0.0,"cards_obtained":["Ghostly","Ghostly","Ghostly"]},{"cards_removed":["Dash"],"damage_healed":0.0,"max_hp_gain":0.0,"max_hp_loss":0.0,"gold_gain":0.0,"event_name":"Falling","player_choice":"Removed Attack","floor":36.0,"gold_loss":0.0,"damage_taken":0.0},{"damage_healed":0.0,"max_hp_gain":0.0,"max_hp_loss":0.0,"gold_gain":0.0,"event_name":"WeMeetAgain","player_choice":"Gave Potion","floor":38.0,"gold_loss":0.0,"damage_taken":0.0,"relics_obtained":["Omamori"]},{"damage_healed":9.0,"max_hp_gain":0.0,"max_hp_loss":0.0,"gold_gain":0.0,"event_name":"Winding Halls","player_choice":"Writhe","floor":47.0,"gold_loss":0.0,"damage_taken":0.0,"cards_obtained":["Writhe"]}],"is_beta":false,"boss_relics":[{"not_picked":["Velvet Choker","Runic Pyramid"],"picked":"Fusion Hammer"},{"not_picked":["Cursed Key","Calling Bell"],"picked":"Coffee Dripper"}],"items_purged_floors":[10,37],"is_endless":false,"potions_floor_spawned":[5,8,11,16,18,23,25,29,33,35,39,40,41,55],"ascension_level":20}}