{"host":"9hmnsypyq1c5u7i3","time":1610220142,"event":{"mods":["BaseMod","Bestiary","Hermit","Marisa????????","Minty Spire (QoL Compilation)","Quick Restart","Relic Stats","StSLib","The Cursed","The Hierophant"],"gold_per_floor":[110,126,27,37,53,53,87,87,87,87,106,6,40,120,120,221,221,241,54,73,73,73,73,101,101,101,131,146,163,189,203,203,308,308,323,323,55,71,90,118,118,133,133,145,145,176,276,302,302,302,302,302,3,31,31],"floor_reached":56,"playtime":9350,"items_purged":["TheCursedMod:Defend_TheCursed","TheCursedMod:Strike_TheCursed","TheCursedMod:Defend_TheCursed"],"score":1783,"play_id":"243bd34b-f79b-46d0-b543-393f23d6b8a0","local_time":"20210109132222","is_ascension_mode":true,"campfire_choices":[{"data":"TheCursedMod:CursedWand","floor":6.0,"key":"SMITH"},{"data":"TheCursedMod:CleanUpWorkshop","floor":8.0,"key":"SMITH"},{"data":"TheCursedMod:CursedStaff","floor":15.0,"key":"SMITH"},{"data":"TheCursedMod:DemonicPact","floor":23.0,"key":"SMITH"},{"data":"TheCursedMod:SpitefulPlan","floor":32.0,"key":"SMITH"},{"data":"TheCursedMod:LuckyCharm","floor":41.0,"key":"SMITH"},{"data":"TheCursedMod:HellsGateOpen","floor":45,"key":"SMITH"},{"floor":49,"key":"RECALL"},{"data":"TheCursedMod:DemonicPact","floor":52,"key":"SMITH"}],"circlet_count":0,"master_deck":["AscendersBane","TheCursedMod:Strike_TheCursed","TheCursedMod:Strike_TheCursed","TheCursedMod:Defend_TheCursed","TheCursedMod:CursedWand+1","TheCursedMod:CleanUpWorkshop+1","TheCursedMod:Dregs","TheCursedMod:RapidMovement+1","TheCursedMod:WearCloak+1","TheCursedMod:SmokeScreen","TheCursedMod:CursedStaff+1","TheCursedMod:CursedArmor","TheCursedMod:DemonicPact+1","TheCursedMod:ManaBullet+1","TheCursedMod:HellfireBreathing","TheCursedMod:HellfireBreathing","TheCursedMod:SmokeScreen","TheCursedMod:AbyssShockwave","TheCursedMod:CursedStaff+1","TheCursedMod:LuckyCharm+1","TheCursedMod:SoulReap+1","TheCursedMod:SpitefulPlan+1","TheCursedMod:RapidMovement+1","TheCursedMod:DemonicPact+1","TheCursedMod:SoulCrush","TheCursedMod:HellsGateOpen+1","TheCursedMod:Wield+1"],"relics":["TheCursedMod:BlackMagic101","Juzu Bracelet","Mummified Hand","Bird Faced Urn","Letter Opener","TheCursedMod:OminousMark","Frozen Eye","War Paint","Blood Vial","Unceasing Top","Mango","Coffee Dripper","Bag of Preparation","Centennial Puzzle","Ornamental Fan","Bottled Tornado","Blue Candle","Bronze Scales"],"acts_visited":["Exordium","TheCity","TheBeyond","TheEnding"],"potions_floor_usage":[46,48,55,55],"damage_taken":[{"damage":6.0,"enemies":"2 Louse","floor":1.0,"turns":3.0},{"damage":2.0,"enemies":"Jaw Worm","floor":2.0,"turns":5.0},{"damage":0.0,"enemies":"Small Slimes","floor":4.0,"turns":5.0},{"damage":0.0,"enemies":"Exordium Wildlife","floor":5.0,"turns":4.0},{"damage":42.0,"enemies":"3 Sentries","floor":7.0,"turns":22.0},{"damage":1.0,"enemies":"Blue Slaver","floor":11.0,"turns":6.0},{"damage":16.0,"enemies":"Lagavulin","floor":13.0,"turns":10.0},{"damage":23.0,"enemies":"The Guardian","floor":16.0,"turns":17.0},{"damage":32.0,"enemies":"3 Byrds","floor":18.0,"turns":6.0},{"damage":1.0,"enemies":"Chosen","floor":20.0,"turns":4.0},{"damage":11.0,"enemies":"Gremlin Leader","floor":24.0,"turns":6.0},{"damage":26.0,"enemies":"Book of Stabbing","floor":27.0,"turns":4.0},{"damage":0.0,"enemies":"Snake Plant","floor":28.0,"turns":3.0},{"damage":0.0,"enemies":"3 Cultists","floor":29.0,"turns":4.0},{"damage":0.0,"enemies":"Gremlin Leader","floor":30.0,"turns":5.0},{"damage":0.0,"enemies":"Sentry and Sphere","floor":31.0,"turns":3.0},{"damage":36.0,"enemies":"Automaton","floor":33.0,"turns":8.0},{"damage":1.0,"enemies":"3 Shapes","floor":35.0,"turns":5.0},{"damage":0.0,"enemies":"Orb Walker","floor":38.0,"turns":4.0},{"damage":0.0,"enemies":"3 Darklings","floor":39.0,"turns":4.0},{"damage":52.0,"enemies":"Nemesis","floor":40.0,"turns":11.0},{"damage":7,"enemies":"Transient","floor":42,"turns":5},{"damage":0,"enemies":"Sphere and 2 Shapes","floor":44,"turns":5},{"damage":9,"enemies":"Reptomancer","floor":46,"turns":4},{"damage":23,"enemies":"Nemesis","floor":48,"turns":5},{"damage":28,"enemies":"Donu and Deca","floor":50,"turns":8},{"damage":5,"enemies":"Shield and Spear","floor":54,"turns":7},{"damage":124,"enemies":"The Heart","floor":55,"turns":11}],"seed_played":"8196675812152650857","potions_obtained":[{"floor":4.0,"key":"Energy Potion"},{"floor":16.0,"key":"Dexterity Potion"},{"floor":24.0,"key":"Dexterity Potion"},{"floor":29.0,"key":"SteroidPotion"},{"floor":30.0,"key":"Energy Potion"},{"floor":39.0,"key":"Regen Potion"},{"floor":40.0,"key":"FairyPotion"},{"floor":46,"key":"Energy Potion"}],"is_trial":false,"path_per_floor":["M","M","$","M","M","R","E","R","T","?","M","$","E","T","R","B",null,"M","$","M","?","?","R","E","$","T","E","M","M","E","M","R","B",null,"M","?","$","M","M","E","R","M","T","M","R","E","?","E","R","B",null,"R","$","E","B",null],"character_chosen":"THE_CURSED","items_purchased":["TheCursedMod:CursedAmulet","TheCursedMod:HellfireBreathing","Frozen Eye","Bag of Preparation","Blue Candle","Strength Potion"],"campfire_rested":0,"item_purchase_floors":[3,19,19,37,53,53],"current_hp_per_floor":[69,67,67,67,67,67,25,25,25,52,51,51,35,35,35,12,65,35,35,38,38,38,38,33,33,33,15,21,36,69,85,85,62,88,96,96,96,96,96,58,58,72,72,93,93,89,89,73,73,68,89,89,89,96,4],"gold":31,"neow_bonus":"TEN_PERCENT_HP_BONUS","is_daily":false,"chose_seed":false,"campfire_upgraded":8,"win_rate":0.0,"timestamp":1610220142,"path_taken":["M","M","$","M","M","R","E","R","T","?","M","?","E","?","R","BOSS","M","$","M","?","?","R","E","$","T","E","M","M","E","M","R","BOSS","M","?","$","M","M","E","R","M","T","M","R","E","?","E","R","BOSS","R","$","E","BOSS"],"items_purchased_type":["Card","Card","Relic","Relic","Relic","Potion"],"build_version":"2020-12-22","purchased_purges":3,"victory":true,"max_hp_per_floor":[82,82,82,82,82,82,82,82,82,82,82,82,82,82,82,82,82,82,82,82,82,82,82,82,82,82,82,82,82,96,96,96,96,96,96,96,96,96,96,96,96,96,96,96,96,96,96,96,96,96,96,96,96,96,96],"relic_stats":{"counters":[28,183],"Blue Candle":[0],"Juzu Bracelet":0,"Bag of Preparation":[20],"Letter Opener":[184],"War Paint":["TheCursedMod:RapidMovement","TheCursedMod:WearCloak"],"Blood Vial":26,"Centennial Puzzle":[19],"Mummified Hand":[125],"Ornamental Fan":[56],"Bird Faced Urn":[125],"Bronze Scales":[144],"obtain_stats":[{"TheCursedMod:BlackMagic101":0,"Blue Candle":53,"Mango":30,"Juzu Bracelet":7,"Bag of Preparation":37,"Letter Opener":14,"War Paint":24,"Bottled Tornado":48,"Blood Vial":26,"Frozen Eye":19,"Centennial Puzzle":40,"TheCursedMod:OminousMark":17,"Mummified Hand":9,"Ornamental Fan":46,"Bird Faced Urn":13,"Bronze Scales":54,"Coffee Dripper":34,"Unceasing Top":27},{"TheCursedMod:BlackMagic101":0,"Blue Candle":26,"Mango":15,"Juzu Bracelet":5,"Bag of Preparation":18,"Letter Opener":7,"War Paint":11,"Bottled Tornado":25,"Blood Vial":11,"Frozen Eye":9,"Centennial Puzzle":21,"TheCursedMod:OminousMark":8,"Mummified Hand":5,"Ornamental Fan":24,"Bird Faced Urn":7,"Bronze Scales":27,"Coffee Dripper":17,"Unceasing Top":12},{"TheCursedMod:BlackMagic101":0,"Blue Candle":165,"Mango":104,"Juzu Bracelet":39,"Bag of Preparation":119,"Letter Opener":55,"War Paint":88,"Bottled Tornado":157,"Blood Vial":88,"Frozen Eye":78,"Centennial Puzzle":138,"TheCursedMod:OminousMark":72,"Mummified Hand":39,"Ornamental Fan":152,"Bird Faced Urn":55,"Bronze Scales":172,"Coffee Dripper":114,"Unceasing Top":92}],"Unceasing Top":[1]},"card_choices":[{"not_picked":["TheCursedMod:Stigma","TheCursedMod:SpitefulStrike"],"picked":"TheCursedMod:RapidMovement","floor":1.0},{"not_picked":["TheCursedMod:ManaBullet","TheCursedMod:VitalStrike"],"picked":"TheCursedMod:WearCloak","floor":2.0},{"not_picked":["TheCursedMod:Stigma","TheCursedMod:EmpowerCircles"],"picked":"TheCursedMod:SmokeScreen","floor":4.0},{"not_picked":["TheCursedMod:PrepareRite","TheCursedMod:SpitefulStrike","TheCursedMod:Stigma"],"picked":"SKIP","floor":5.0},{"not_picked":["TheCursedMod:VitalStrike","TheCursedMod:ManaBullet","TheCursedMod:CursedShiv"],"picked":"SKIP","floor":7.0},{"not_picked":["TheCursedMod:SpitefulPray","TheCursedMod:SpitefulStrike"],"picked":"TheCursedMod:CursedStaff","floor":11.0},{"not_picked":["TheCursedMod:RavingStaff","TheCursedMod:SurpriseAttack"],"picked":"TheCursedMod:CursedArmor","floor":13.0},{"not_picked":["TheCursedMod:DarkBarrier","TheCursedMod:NeowsMight"],"picked":"TheCursedMod:DemonicPact","floor":16.0},{"not_picked":["TheCursedMod:SurpriseAttack","TheCursedMod:SmokeScreen"],"picked":"TheCursedMod:ManaBullet+1","floor":18.0},{"not_picked":["TheCursedMod:WearCloak+1","TheCursedMod:RapidMovement"],"picked":"TheCursedMod:HellfireBreathing","floor":20.0},{"not_picked":["TheCursedMod:CursedShiv","TheCursedMod:CursedArmor"],"picked":"TheCursedMod:CursedStaff+1","floor":24.0},{"not_picked":["TheCursedMod:HellfireBreathing+1","TheCursedMod:SpitefulPray+1"],"picked":"TheCursedMod:LuckyCharm","floor":27.0},{"not_picked":["TheCursedMod:SaltUponWound","TheCursedMod:Wield"],"picked":"TheCursedMod:SoulReap+1","floor":28.0},{"not_picked":["TheCursedMod:ReleasedKnowledge","TheCursedMod:SurpriseAttack"],"picked":"TheCursedMod:SpitefulPlan","floor":29.0},{"not_picked":["TheCursedMod:CursedBoomerang","TheCursedMod:SpitefulStrike","TheCursedMod:OutForBlood"],"picked":"SKIP","floor":30.0},{"not_picked":["TheCursedMod:TacticalStrike","TheCursedMod:SmokeScreen"],"picked":"TheCursedMod:RapidMovement+1","floor":31.0},{"not_picked":["TheCursedMod:UltimatePain","TheCursedMod:ForbiddenAlchemy"],"picked":"TheCursedMod:DemonicPact","floor":33.0},{"not_picked":["TheCursedMod:WearCloak+1","TheCursedMod:VitalStrike+1"],"picked":"TheCursedMod:SoulCrush","floor":35.0},{"not_picked":["TheCursedMod:BloodBarrier+1","TheCursedMod:CursedShiv+1","TheCursedMod:Torture"],"picked":"SKIP","floor":38.0},{"not_picked":["TheCursedMod:AbyssShockwave+1","TheCursedMod:Grudge+1","TheCursedMod:CursedShiv"],"picked":"SKIP","floor":39.0},{"not_picked":["TheCursedMod:Stigma","TheCursedMod:SurpriseAttack","TheCursedMod:AbyssShockwave+1"],"picked":"SKIP","floor":40.0},{"not_picked":["TheCursedMod:Stretching","TheCursedMod:VitalStrike","TheCursedMod:CursedShiv+1"],"picked":"SKIP","floor":42},{"not_picked":["TheCursedMod:CursedBlade","TheCursedMod:UltimatePain"],"picked":"TheCursedMod:HellsGateOpen","floor":44},{"not_picked":["TheCursedMod:DoubleShield","TheCursedMod:TacticalStrike+1"],"picked":"TheCursedMod:Wield+1","floor":46},{"not_picked":["TheCursedMod:CursedShiv+1","TheCursedMod:CircleOfCorruption","TheCursedMod:CursedArmor"],"picked":"SKIP","floor":48},{"not_picked":["TheCursedMod:SpitefulStrike+1","TheCursedMod:Stigma+1","TheCursedMod:CursedRelics"],"picked":"SKIP","floor":54}],"player_experience":812300,"relics_obtained":[{"floor":7.0,"key":"Juzu Bracelet"},{"floor":9.0,"key":"Mummified Hand"},{"floor":13.0,"key":"Bird Faced Urn"},{"floor":14.0,"key":"Letter Opener"},{"floor":24.0,"key":"War Paint"},{"floor":26.0,"key":"Blood Vial"},{"floor":27.0,"key":"Unceasing Top"},{"floor":30.0,"key":"Mango"},{"floor":40.0,"key":"Centennial Puzzle"},{"floor":46,"key":"Ornamental Fan"},{"floor":48,"key":"Bottled Tornado"},{"floor":54,"key":"Bronze Scales"}],"event_choices":[{"damage_healed":27.0,"max_hp_gain":0.0,"max_hp_loss":0.0,"gold_gain":0.0,"event_name":"Big Fish","player_choice":"Banana","floor":10.0,"gold_loss":0.0,"damage_taken":0.0},{"damage_healed":0.0,"max_hp_gain":0.0,"max_hp_loss":0.0,"gold_gain":0.0,"cards_transformed":["TheCursedMod:Strike_TheCursed","TheCursedMod:Defend_TheCursed"],"event_name":"Drug Dealer","player_choice":"Became Test Subject","floor":21.0,"gold_loss":0.0,"damage_taken":0.0,"cards_obtained":["TheCursedMod:SmokeScreen","TheCursedMod:AbyssShockwave"]},{"damage_healed":0.0,"max_hp_gain":0.0,"max_hp_loss":0.0,"gold_gain":0.0,"event_name":"Vampires","player_choice":"Ignored","floor":22.0,"gold_loss":0.0,"damage_taken":0.0},{"cards_removed":["TheCursedMod:CursedAmulet"],"damage_healed":0.0,"max_hp_gain":0.0,"max_hp_loss":0.0,"gold_gain":0.0,"event_name":"Falling","player_choice":"Removed Skill","floor":36.0,"gold_loss":0.0,"damage_taken":0.0},{"damage_healed":0,"gold_gain":100,"player_choice":"Pray","damage_taken":0,"max_hp_gain":0,"max_hp_loss":0,"event_name":"Golden Shrine","floor":47,"gold_loss":0}],"is_beta":false,"boss_relics":[{"not_picked":["Snecko Eye","Ectoplasm"],"picked":"TheCursedMod:OminousMark"},{"not_picked":["Tiny House","TheCursedMod:FourLeafCloverCharm"],"picked":"Coffee Dripper"}],"items_purged_floors":[3,12,37],"is_endless":false,"potions_floor_spawned":[4,16,24,29,30,39,40,46],"ascension_level":10}}