{"host":"lq7kzi2nz43yw1nt","time":1610156691,"event":{"mods":["AchievementEnabler","Act Like it!","BaseMod","Better Third Choice","BetterRewards","Block Reminder","Conspire","Gensokyo","GifTheSpireLib","Hubris","Infinite Spire","Koishi","Marisa????????","Minty Spire (QoL Compilation)","Quick Restart","Rare Cards Sparkle","Relic Sorter","Remilia??????","Replay The Spire","Shop Mod","Spicy Shops","Spikes Relics","StSLib","SuperFastMode","The Blue Laboratory","The Servant 0.9.4","Trackpad"],"gold_per_floor":[112,112,125,141,141,141,141,141,141,141,155,176,176,19,19,144,144,168,89,89,89,89,89,124,124,124,144,144,244,271,290,290,386,386,403,419,419,31,31,156,156,156,156,156,172,172,172,183,183,183],"floor_reached":51,"playtime":2004,"items_purged":[],"score":1289,"play_id":"2c6144b8-d4b8-4489-801b-c0659b7f5f82","local_time":"20210108204451","is_ascension_mode":true,"campfire_choices":[{"floor":6.0,"key":"REST"},{"data":"1","floor":8.0,"key":"LIFT"},{"data":"2","floor":10.0,"key":"LIFT"},{"data":"3","floor":13.0,"key":"LIFT"},{"data":"Fluid Movement","floor":15.0,"key":"SMITH"},{"data":"Footwork","floor":23.0,"key":"SMITH"},{"data":"Riddle With Holes","floor":25.0,"key":"SMITH"},{"floor":32.0,"key":"REST"},{"floor":41.0,"key":"REST"},{"floor":44.0,"key":"REST"},{"floor":46.0,"key":"REST"},{"floor":49,"key":"REST"}],"circlet_count":0,"master_deck":["Strike_G","Strike_G","Strike_G","Strike_G","Strike_G","Defend_G","Defend_G","Defend_G","Defend_G","Defend_G","Survivor","Neutralize","Accuracy","Heel Hook","Backflip","Dash","Fluid Movement+1","Injury","Slice","Riddle With Holes+1","Die Die Die","Acrobatics+1","Footwork+1","Endless Agony+1","Backstab","Heel Hook","Flying Knee","Bullet Time","Blur","Flechettes+1","Wraith","Finisher","Flying Knee","Corpse Explosion","Parasite","Sneak Up+1"],"relics":["Ring of the Snake","hubris:Icosahedron","MerchantsRug","TungstenRod","trackpad:Compendium","Medical Kit","Girya","Bloody Idol","Pocketwatch","hubris:Potato","Lee\u0027s Waffle","Painkiller Herb","hubris:Towel","Centennial Puzzle","Replay:Arrowhead","Smiling Mask","conspire:RoyalGoblet","Kunai","Regal Pillow","Blood Vial","infinitespire:FocusingShard","Unceasing Top"],"acts_visited":["Exordium","TheCity","TheBeyond"],"potions_floor_usage":[50,50,50],"damage_taken":[{"damage":2.0,"enemies":"conspire:RoseBush","floor":1.0,"turns":4.0},{"damage":0.0,"enemies":"Small Slimes","floor":3.0,"turns":4.0},{"damage":0.0,"enemies":"Jaw Worm","floor":4.0,"turns":3.0},{"damage":0.0,"enemies":"Blue Slaver","floor":11.0,"turns":4.0},{"damage":0.0,"enemies":"Large Slime","floor":12.0,"turns":5.0},{"damage":0.0,"enemies":"Slime Boss","floor":16.0,"turns":8.0},{"damage":0.0,"enemies":"conspire:FuzzyDice","floor":18.0,"turns":5.0},{"damage":19.0,"enemies":"Replay:Snechameleon","floor":24.0,"turns":5.0},{"damage":1.0,"enemies":"Shell Parasite","floor":27.0,"turns":2.0},{"damage":16.0,"enemies":"conspire:Head Lice","floor":30.0,"turns":4.0},{"damage":0.0,"enemies":"Centurion and Healer","floor":31.0,"turns":4.0},{"damage":53.0,"enemies":"conspire:MysteriousRune","floor":33.0,"turns":8.0},{"damage":7.0,"enemies":"Orb Walker","floor":35.0,"turns":2.0},{"damage":20.0,"enemies":"3 Darklings","floor":36.0,"turns":4.0},{"damage":46.0,"enemies":"Reptomancer","floor":40.0,"turns":8.0},{"damage":46.0,"enemies":"Maw","floor":45.0,"turns":9.0},{"damage":42,"enemies":"Writhing Mass","floor":48,"turns":10},{"damage":131,"enemies":"Awakened One","floor":50,"turns":24}],"seed_played":"1887124559543145223","potions_obtained":[{"floor":3.0,"key":"CunningPotion"},{"floor":4.0,"key":"SkillPotion"},{"floor":16.0,"key":"blueLaboratory:NinjaPotion"},{"floor":18.0,"key":"blueLaboratory:BottleOfRum"},{"floor":30.0,"key":"Explosive Potion"},{"floor":35.0,"key":"Block Potion"},{"floor":40.0,"key":"blueLaboratory:ForbiddenFruitJuice"},{"floor":45.0,"key":"blueLaboratory:PolymorphPotion"},{"floor":48,"key":"Languid Potion"}],"is_trial":false,"path_per_floor":["M","?","M","M","?","R","T","R","T","R","M","M","R","$","R","B",null,"?","T","?","?","?","T","E","T","T","?","?","?","E","?","T","B",null,"?","?","?","T","?","E","T","?","T","T","?","T","AVR","?","T","B",null],"character_chosen":"THE_SILENT","items_purchased":["MerchantsRug","Accuracy","Heel Hook","trackpad:Compendium","Medical Kit","Girya","Backflip","Lee\u0027s Waffle","Footwork","Finisher","Kunai","Regal Pillow"],"campfire_rested":6,"item_purchase_floors":[0,0,0,0,0,0,0,14,19,38,38,38],"current_hp_per_floor":[26,26,26,26,26,47,47,47,47,47,47,47,47,77,77,77,77,77,77,77,77,77,77,58,58,58,57,57,62,51,56,77,29,65,63,48,48,48,48,12,50,50,50,77,36,74,74,39,77,7],"gold":183,"neow_bonus":"","is_daily":false,"chose_seed":false,"campfire_upgraded":3,"win_rate":0.0,"timestamp":1610156691,"path_taken":["M","?","M","M","?","R","?","R","T","R","M","M","R","$","R","BOSS","?","T","?","?","?","T","E","T","T","?","?","?","E","?","T","BOSS","?","?","?","T","?","E","T","?","T","T","?","T","AVR","?","T","BOSS"],"items_purchased_type":["Relic","Card","Card","Relic","Relic","Relic","Card","Relic","Card","Card","Relic","Relic"],"build_version":"2020-12-22","purchased_purges":0,"victory":true,"max_hp_per_floor":[70,70,70,70,70,70,70,70,70,70,70,70,70,77,77,77,77,77,77,77,77,77,77,77,77,77,77,77,77,77,77,77,77,77,77,77,77,77,77,77,77,77,77,77,77,77,77,77,77,67],"card_choices":[{"not_picked":["PiercingWail","Outmaneuver"],"picked":"Dash","floor":1.0},{"not_picked":["Crippling Poison","Underhanded Strike","Expertise"],"picked":"SKIP","floor":3.0},{"not_picked":["Leg Sweep","Quick Slash"],"picked":"Fluid Movement","floor":4.0},{"not_picked":["Hidden Blade","Backflip"],"picked":"Slice","floor":11.0},{"not_picked":["Deadly Poison","Replay:Poison Smokescreen"],"picked":"Riddle With Holes","floor":12.0},{"not_picked":["Storm of Steel","Envenom"],"picked":"Die Die Die","floor":16.0},{"not_picked":["Pace","Underhanded Strike"],"picked":"Acrobatics+1","floor":18.0},{"not_picked":["Underhanded Strike","Outmaneuver"],"picked":"Endless Agony+1","floor":24.0},{"not_picked":["Deadly Poison","Dagger Throw+1"],"picked":"Backstab","floor":27.0},{"not_picked":["Prepared+1","Quick Slash"],"picked":"Heel Hook","floor":30.0},{"not_picked":["Deflect","hubris:TrickCloak"],"picked":"Flying Knee","floor":31.0},{"not_picked":["Night Terror","ReplayTheSpireMod:From All Sides"],"picked":"Bullet Time","floor":33.0},{"not_picked":["Poisoned Stab","Dodge and Roll+1"],"picked":"Blur","floor":35.0},{"not_picked":["Slice","Hidden Blade"],"picked":"Flechettes+1","floor":36.0},{"not_picked":["Calculated Gamble","Backflip"],"picked":"Flying Knee","floor":40.0},{"not_picked":["Corpse Explosion","Outmaneuver","hubris:SlightOfHand"],"picked":"SKIP","floor":45.0},{"not_picked":["Sucker Punch","Dagger Spray"],"picked":"Sneak Up+1","floor":48}],"player_experience":549099,"relics_obtained":[{"floor":7.0,"key":"Pocketwatch"},{"floor":9.0,"key":"hubris:Potato"},{"floor":24.0,"key":"Centennial Puzzle"},{"floor":26.0,"key":"Replay:Arrowhead"},{"floor":30.0,"key":"Smiling Mask"},{"floor":40.0,"key":"Blood Vial"},{"floor":43.0,"key":"infinitespire:FocusingShard"}],"event_choices":[{"damage_healed":0.0,"max_hp_gain":0.0,"max_hp_loss":0.0,"gold_gain":0.0,"event_name":"Golden Idol","player_choice":"Take Wound","floor":5.0,"gold_loss":0.0,"damage_taken":0.0,"relics_obtained":["Golden Idol"],"cards_obtained":["Injury"]},{"damage_healed":0.0,"max_hp_gain":0.0,"max_hp_loss":0.0,"gold_gain":0.0,"event_name":"conspire:Investor","player_choice":"Leave","floor":20.0,"gold_loss":0.0,"damage_taken":0.0},{"damage_healed":0.0,"max_hp_gain":0.0,"max_hp_loss":0.0,"gold_gain":0.0,"event_name":"Forgotten Altar","player_choice":"Gave Idol","floor":28.0,"relics_lost":["Golden Idol"],"gold_loss":0.0,"damage_taken":0.0,"relics_obtained":["Bloody Idol"]},{"damage_healed":0.0,"max_hp_gain":0.0,"max_hp_loss":0.0,"gold_gain":100.0,"event_name":"Golden Shrine","player_choice":"Pray","floor":29.0,"gold_loss":0.0,"damage_taken":0.0},{"damage_healed":0.0,"max_hp_gain":0.0,"max_hp_loss":0.0,"gold_gain":0.0,"event_name":"OrinTheCat","player_choice":"Ignored","floor":37.0,"gold_loss":0.0,"damage_taken":0.0},{"damage_healed":0.0,"max_hp_gain":0.0,"max_hp_loss":0.0,"gold_gain":0.0,"event_name":"Match and Keep!","player_choice":"1 cards matched","floor":42.0,"gold_loss":0.0,"damage_taken":0.0,"cards_obtained":["Corpse Explosion"]}],"is_beta":false,"boss_relics":[{"not_picked":["Replay:Wanted Poster","ReplayTheSpireMod:DimensionalGlitch"],"picked":"Painkiller Herb"},{"not_picked":["Snecko Eye","Ring of the Serpent"],"picked":"conspire:RoyalGoblet"}],"items_purged_floors":[],"is_endless":false,"potions_floor_spawned":[3,4,16,18,24,27,30,35,40,45,48],"ascension_level":7}}