{"host":"j9ki0s1dicmcfq9y","time":1610207915,"event":{"mods":["BaseMod","Minty Spire (QoL Compilation)","Prisma Mod","StSLib"],"gold_per_floor":[109,9,23,23,38,38,52,77,158,158,158,188,203,217,217,322,322,336,336,336,336,349,378,378,409,433,433,533,553,580,600,600,705,705,725,746,766,794,853,853,371,380,452,0,20,20,43,67,67,67,67,67,40,84,84],"floor_reached":56,"playtime":4351,"items_purged":[],"score":1359,"play_id":"48fd057f-99f7-41aa-8898-f0c57118e342","local_time":"20210109105835","is_ascension_mode":false,"campfire_choices":[{"data":"PrismaMod:MiyuCheapChannelDefend","floor":6,"key":"SMITH"},{"floor":10,"key":"RECALL"},{"data":"PrismaMod:MiyuCheapChannelAttack","floor":15,"key":"SMITH"},{"data":"PrismaMod:MiyuUncommonDexBuff","floor":24,"key":"SMITH"},{"data":"PrismaMod:MiyuCheapChannelDefend","floor":27,"key":"SMITH"},{"floor":32,"key":"REST"},{"data":"PrismaMod:MiyuBride","floor":40,"key":"SMITH"},{"data":"1","floor":49,"key":"LIFT"},{"data":"2","floor":52,"key":"LIFT"}],"circlet_count":0,"master_deck":["PrismaMod:MiyuCommonDefend","PrismaMod:MiyuCommonDefend","PrismaMod:MiyuCommonDefend+1","PrismaMod:MiyuCommonDefend+1","PrismaMod:MiyuCommonDefend","PrismaMod:MiyuCommonAttack","PrismaMod:MiyuCommonAttack","PrismaMod:MiyuCommonAttack","PrismaMod:MiyuCommonAttack","PrismaMod:MiyuCommonAttack","PrismaMod:MiyuCheapChannelAttack+1","PrismaMod:MiyuCheapChannelDefend+1","PrismaMod:MiyuUberAttack","PrismaMod:MiyuCheapAttack2","PrismaMod:MiyuUberAttack","PrismaMod:MiyuCheapPlate","PrismaMod:MiyuCheapDefend1","PrismaMod:MiyuUncommonAttack+1","PrismaMod:MiyuCheapChannelDefend+1","PrismaMod:MiyuUncommonAOEAttack+1","Decay","Shame","PrismaMod:MiyuUncommonDexBuff+1","PrismaMod:MiyuCarnivalAttack+1","PrismaMod:MiyuUncommonAttack+1","PrismaMod:MiyuBride+1","PrismaMod:MiyuChristmas+1","PrismaMod:MiyuEvokeCheapAttack+1","PrismaMod:MiyuChristmas+1","PrismaMod:MiyuEvokeAllDefend+1","CurseOfTheBell","PrismaMod:MiyuUncommonAOEAttack+1","PrismaMod:MiyuCommonAOEAttack+1","PrismaMod:MiyuUncommonDexBuff+1","PrismaMod:MiyuUncommonDefend+1","PrismaMod:MiyuCarnivalAttack+1","Writhe","PrismaMod:MiyuUberAOEAttack+1","PrismaMod:MiyuCarnivalAttack+1","PrismaMod:MiyuUncommonAOEAttack+1","PrismaMod:MiyuUncommonDefend+1"],"relics":["PrismaMod:PrismaSapphire","PreservedInsect","Vajra","Odd Mushroom","Molten Egg 2","Du-Vu Doll","Velvet Choker","StrikeDummy","Mango","Lantern","Pen Nib","FossilizedHelix","Darkstone Periapt","Toxic Egg 2","Calling Bell","CeramicFish","Matryoshka","Lizard Tail","Gambling Chip","Girya","Bag of Marbles","Ancient Tea Set","Red Mask","Sundial","White Beast Statue","Ornamental Fan"],"acts_visited":["Exordium","TheCity","TheBeyond","TheEnding"],"potions_floor_usage":[16,16,23,33,50,54,55],"damage_taken":[{"damage":0,"enemies":"Cultist","floor":1,"turns":3},{"damage":0,"enemies":"Jaw Worm","floor":3,"turns":4},{"damage":0,"enemies":"2 Louse","floor":5,"turns":2},{"damage":0,"enemies":"2 Fungi Beasts","floor":7,"turns":3},{"damage":1,"enemies":"The Mushroom Lair","floor":8,"turns":6},{"damage":0,"enemies":"3 Sentries","floor":12,"turns":8},{"damage":1,"enemies":"Large Slime","floor":13,"turns":6},{"damage":1,"enemies":"Exordium Wildlife","floor":14,"turns":3},{"damage":34,"enemies":"The Guardian","floor":16,"turns":11},{"damage":4,"enemies":"Chosen","floor":18,"turns":5},{"damage":8,"enemies":"3 Byrds","floor":22,"turns":3},{"damage":27,"enemies":"Slavers","floor":23,"turns":3},{"damage":28,"enemies":"Gremlin Leader","floor":25,"turns":5},{"damage":37,"enemies":"Colosseum Slavers","floor":28,"turns":3},{"damage":0,"enemies":"Colosseum Nobs","floor":28,"turns":3},{"damage":0,"enemies":"Cultist and Chosen","floor":29,"turns":5},{"damage":0,"enemies":"Book of Stabbing","floor":30,"turns":5},{"damage":0,"enemies":"Centurion and Healer","floor":31,"turns":4},{"damage":24,"enemies":"Automaton","floor":33,"turns":9},{"damage":0,"enemies":"Orb Walker","floor":35,"turns":2},{"damage":11,"enemies":"3 Darklings","floor":36,"turns":4},{"damage":0,"enemies":"Jaw Worm Horde","floor":37,"turns":2},{"damage":0,"enemies":"Transient","floor":38,"turns":5},{"damage":36,"enemies":"Mind Bloom Boss Battle","floor":39,"turns":7},{"damage":0,"enemies":"Writhing Mass","floor":45,"turns":2},{"damage":0,"enemies":"Sphere and 2 Shapes","floor":47,"turns":2},{"damage":0,"enemies":"Jaw Worm Horde","floor":48,"turns":2},{"damage":6,"enemies":"Time Eater","floor":50,"turns":8},{"damage":0,"enemies":"Shield and Spear","floor":54,"turns":3},{"damage":132,"enemies":"The Heart","floor":55,"turns":11}],"seed_played":"-7957333412077420956","potions_obtained":[{"floor":1,"key":"Swift Potion"},{"floor":7,"key":"SpeedPotion"},{"floor":13,"key":"Block Potion"},{"floor":16,"key":"Strength Potion"},{"floor":22,"key":"DistilledChaos"},{"floor":25,"key":"SpeedPotion"},{"floor":31,"key":"Swift Potion"},{"floor":35,"key":"FearPotion"},{"floor":45,"key":"Dexterity Potion"},{"floor":54,"key":"Strength Potion"}],"is_trial":false,"path_per_floor":["M","$","M","?","M","R","M","?","T","R","?","E","M","M","R","B",null,"M","?","?","?","M","E","R","E","T","R","?","M","E","M","R","B",null,"M","M","M","M","?","R","$","?","T","?","M","T","M","M","R","B",null,"R","$","E","B",null],"character_chosen":"MIYU","items_purchased":["FairyPotion","PrismaMod:MiyuCarnivalAttack+1","Girya","Bag of Marbles","PrismaMod:MiyuUncommonAOEAttack+1"],"campfire_rested":1,"item_purchase_floors":[2,41,41,41,53],"current_hp_per_floor":[75,75,75,72,75,75,75,74,74,74,59,67,74,75,75,49,75,75,75,75,75,67,58,58,38,38,38,9,17,25,29,55,39,95,95,84,84,88,60,60,60,90,90,90,90,90,90,90,90,88,101,101,101,101,30],"gold":84,"neow_bonus":"RANDOM_COMMON_RELIC","is_daily":false,"chose_seed":false,"campfire_upgraded":5,"win_rate":0.0,"timestamp":1610207915,"path_taken":["M","?","?","?","M","R","M","?","T","R","?","E","M","M","R","BOSS","M","?","?","?","M","E","R","E","T","R","?","?","E","M","R","BOSS","M","M","?","M","?","R","$","?","T","?","M","?","?","M","R","BOSS","R","$","E","BOSS"],"items_purchased_type":["Potion","Card","Relic","Relic","Card"],"build_version":"2020-12-22","purchased_purges":0,"victory":true,"max_hp_per_floor":[75,75,75,75,75,75,75,75,75,75,75,75,75,75,75,75,75,75,75,75,75,75,89,89,89,89,89,89,89,89,89,89,89,95,95,95,95,95,95,95,95,101,101,101,101,101,101,101,101,101,101,101,101,101,101],"card_choices":[{"not_picked":["PrismaMod:MiyuDevil","PrismaMod:MiyuCheapChannelVul"],"picked":"PrismaMod:MiyuUberAttack","floor":1},{"not_picked":["PrismaMod:MiyuDefenseExplosion","PrismaMod:MiyuEvokeCheapDefend"],"picked":"PrismaMod:MiyuCheapAttack2","floor":3},{"not_picked":["PrismaMod:MiyuDefenseExplosion","PrismaMod:MiyuCheapChannelAttack"],"picked":"PrismaMod:MiyuUberAttack","floor":5},{"not_picked":["PrismaMod:MiyuUberAttack","PrismaMod:MiyuCheapChannelVul","PrismaMod:MiyuMaid"],"picked":"SKIP","floor":7},{"not_picked":["PrismaMod:MiyuAttackChannelVul","PrismaMod:MiyuMaid"],"picked":"PrismaMod:MiyuCheapPlate","floor":8},{"not_picked":["PrismaMod:MiyuUncommonDefend","PrismaMod:MiyuCheapPlate"],"picked":"PrismaMod:MiyuCheapDefend1","floor":12},{"not_picked":["PrismaMod:MiyuCheapChannelWeak","PrismaMod:MiyuCheapChannelRandom","PrismaMod:MiyuEvokeCheapDefend"],"picked":"SKIP","floor":13},{"not_picked":["PrismaMod:MiyuCheapChannelHeal","PrismaMod:MiyuCheapChannelVul"],"picked":"PrismaMod:MiyuUncommonAttack+1","floor":14},{"not_picked":["PrismaMod:MiyuEvokeBuffDex+1","PrismaMod:MiyuCheapEvoke"],"picked":"PrismaMod:MiyuCheapChannelDefend","floor":18},{"not_picked":["PrismaMod:MiyuEvokeBuffDex+1","PrismaMod:MiyuEvokeCheapAttack+1"],"picked":"PrismaMod:MiyuUncommonDexBuff","floor":22},{"not_picked":["PrismaMod:MiyuDefenseExplosion+1","PrismaMod:MiyuEvokeBuffStr+1"],"picked":"PrismaMod:MiyuCarnivalAttack+1","floor":23},{"not_picked":["PrismaMod:MiyuAttackChannelAttack+1","PrismaMod:MiyuCheapChannelDefend"],"picked":"PrismaMod:MiyuUncommonAttack+1","floor":25},{"not_picked":["PrismaMod:MiyuUncommonDexBuff","PrismaMod:MiyuMaid"],"picked":"PrismaMod:MiyuBride","floor":28},{"not_picked":["PrismaMod:MiyuCheapChannelRandom","PrismaMod:MiyuCheapChannelVul"],"picked":"PrismaMod:MiyuChristmas+1","floor":29},{"not_picked":["PrismaMod:MiyuCheapStrBuff","PrismaMod:MiyuCheapDexBuff"],"picked":"PrismaMod:MiyuEvokeCheapAttack+1","floor":30},{"not_picked":["PrismaMod:MiyuCheapChannelVul+1","PrismaMod:MiyuCheapChannelRandom+1"],"picked":"PrismaMod:MiyuChristmas+1","floor":31},{"not_picked":["PrismaMod:MiyuChannelAttackEvoke+1","PrismaMod:MiyuDefendChannelDefend+1"],"picked":"PrismaMod:MiyuEvokeAllDefend+1","floor":33},{"not_picked":["PrismaMod:MiyuUncommonDexBuff","PrismaMod:MiyuDefenseExplosion+1"],"picked":"PrismaMod:MiyuUncommonAOEAttack+1","floor":35},{"not_picked":["PrismaMod:MiyuUncommonDexBuff+1","PrismaMod:MiyuCheapEvoke+1"],"picked":"PrismaMod:MiyuCommonAOEAttack+1","floor":36},{"not_picked":["PrismaMod:MiyuEvokeBuffDex+1","PrismaMod:MiyuCheapChannelRandom+1","PrismaMod:MiyuUncommonAttack+1"],"picked":"SKIP","floor":37},{"not_picked":["PrismaMod:MiyuMaid+1","PrismaMod:MiyuUncommonStrBuff"],"picked":"PrismaMod:MiyuUncommonDexBuff+1","floor":38},{"not_picked":["PrismaMod:MiyuMaid+1","PrismaMod:MiyuCheapStrBuff+1"],"picked":"PrismaMod:MiyuUncommonDefend+1","floor":39},{"not_picked":["PrismaMod:MiyuEvokeCheapDefend+1","PrismaMod:MiyuUncommonDexBuff","PrismaMod:MiyuMaid+1"],"picked":"SKIP","floor":45},{"not_picked":["PrismaMod:MiyuEvokeBuffStr+1","PrismaMod:MiyuEvokeBuffDex+1"],"picked":"PrismaMod:MiyuUberAOEAttack+1","floor":47},{"not_picked":["PrismaMod:MiyuCheapChannelWeak+1","PrismaMod:MiyuEvokeCheapAttack+1"],"picked":"PrismaMod:MiyuCarnivalAttack+1","floor":48},{"not_picked":["PrismaMod:MiyuCheapChannelRandom+1","PrismaMod:MiyuEvokeCheapDefend+1"],"picked":"PrismaMod:MiyuUncommonDefend+1","floor":54}],"player_experience":642317,"relics_obtained":[{"floor":8,"key":"Odd Mushroom"},{"floor":9,"key":"Molten Egg 2"},{"floor":12,"key":"Du-Vu Doll"},{"floor":23,"key":"Mango"},{"floor":25,"key":"Lantern"},{"floor":26,"key":"Pen Nib"},{"floor":28,"key":"FossilizedHelix"},{"floor":28,"key":"Darkstone Periapt"},{"floor":30,"key":"Toxic Egg 2"},{"floor":34,"key":"CeramicFish"},{"floor":34,"key":"Matryoshka"},{"floor":34,"key":"Lizard Tail"},{"floor":39,"key":"Gambling Chip"},{"floor":43,"key":"Ancient Tea Set"},{"floor":46,"key":"Sundial"},{"floor":46,"key":"White Beast Statue"},{"floor":54,"key":"Ornamental Fan"}],"event_choices":[{"damage_healed":0,"gold_gain":0,"player_choice":"Success","damage_taken":3,"relics_obtained":["Vajra"],"max_hp_gain":0,"max_hp_loss":0,"event_name":"Scrap Ooze","floor":4,"gold_loss":0},{"damage_healed":0,"gold_gain":0,"player_choice":"Fought Mushrooms","damage_taken":0,"max_hp_gain":0,"max_hp_loss":0,"event_name":"Mushrooms","floor":8,"gold_loss":0},{"damage_healed":0,"gold_gain":0,"player_choice":"Entered Light","damage_taken":15,"max_hp_gain":0,"max_hp_loss":0,"event_name":"Shining Light","floor":11,"gold_loss":0,"cards_upgraded":["PrismaMod:MiyuCommonDefend","PrismaMod:MiyuCommonDefend"]},{"damage_healed":0,"gold_gain":0,"player_choice":"Read","damage_taken":0,"max_hp_gain":0,"max_hp_loss":0,"event_name":"The Library","floor":19,"gold_loss":0,"cards_obtained":["PrismaMod:MiyuUncommonAOEAttack"]},{"damage_healed":0,"gold_gain":0,"player_choice":"Smashed Altar","damage_taken":0,"max_hp_gain":0,"max_hp_loss":0,"event_name":"Forgotten Altar","floor":20,"gold_loss":0,"cards_obtained":["Decay"]},{"damage_healed":0,"gold_gain":0,"player_choice":"Stole Relic","damage_taken":0,"relics_obtained":["StrikeDummy"],"max_hp_gain":0,"max_hp_loss":0,"event_name":"Addict","floor":21,"gold_loss":0,"cards_obtained":["Shame"]},{"damage_healed":0,"gold_gain":0,"player_choice":"Fight","damage_taken":0,"max_hp_gain":0,"max_hp_loss":0,"event_name":"Colosseum","floor":28,"gold_loss":0},{"damage_healed":0,"gold_gain":0,"player_choice":"Fought Nobs","damage_taken":0,"max_hp_gain":0,"max_hp_loss":0,"event_name":"Colosseum","floor":28,"gold_loss":0},{"damage_healed":0,"gold_gain":0,"player_choice":"Fight","damage_taken":0,"max_hp_gain":0,"max_hp_loss":0,"event_name":"MindBloom","floor":39,"gold_loss":0},{"damage_healed":24,"gold_gain":0,"player_choice":"Writhe","damage_taken":0,"max_hp_gain":0,"max_hp_loss":0,"event_name":"Winding Halls","floor":42,"gold_loss":0,"cards_obtained":["Writhe"]},{"damage_healed":0,"gold_gain":0,"player_choice":"Paid","damage_taken":0,"relics_obtained":["Red Mask"],"max_hp_gain":0,"max_hp_loss":0,"event_name":"Tomb of Lord Red Mask","floor":44,"gold_loss":452}],"is_beta":false,"boss_relics":[{"not_picked":["Coffee Dripper","Sozu"],"picked":"Velvet Choker"},{"not_picked":["Fusion Hammer","Philosopher\u0027s Stone"],"picked":"Calling Bell"}],"items_purged_floors":[],"is_endless":false,"potions_floor_spawned":[1,7,13,14,16,22,25,28,28,31,35,38,45,47,48,54],"ascension_level":0}}