{"host":"hbvn1mkfq2iixsau","time":1610176852,"event":{"mods":["AchievementEnabler","Act Like it!","BaseMod","Better Altar","Better Match","Better Sensory Stone","Better Skull","Better Third Choice","Challenge The Spire","Colored Map","Displayed Cursed Tome","Hallownest","Minty Spire (QoL Compilation)","Quick Restart","Relic Stats","Shop Mod","StSLib","The Bug Knight"],"gold_per_floor":[112,112,112,112,132,166,166,194,194,223,242,271,297,314,314,410,410,410,410],"floor_reached":18,"playtime":906,"items_purged":[],"score":222,"play_id":"0f8494e7-b560-4c1a-96c2-47a760bcb5a8","local_time":"20210109092052","is_ascension_mode":true,"campfire_choices":[{"data":"HollowMod:PogoStrike","floor":7.0,"key":"SMITH"},{"data":"HollowMod:HerrahsAnger","floor":15,"key":"SMITH"}],"circlet_count":0,"master_deck":["HollowMod:NailStrikeStart","HollowMod:NailStrikeStart","HollowMod:NailStrikeStart","HollowMod:NailStrikeStart","HollowMod:QuickDashStart","HollowMod:QuickDashStart","HollowMod:QuickDashStart","HollowMod:QuickDashStart","HollowMod:FocusHealStart","HollowMod:PogoStrike+1","HollowMod:DesolateDive+1","HollowMod:MonomonsArchive","HollowMod:HerrahsAnger+1","HollowMod:ChannelNail","HollowMod:WhiteLadysBlessing"],"relics":["HollowMod:VesselMask","NeowsBlessing","Hallownest:DreamNailRelic","Meat on the Bone","Darkstone Periapt","The Courier","Mercury Hourglass","HollowMod:IsmasTear","Happy Flower","Philosopher\u0027s Stone"],"acts_visited":["Exordium","Hallownest:Greenpath"],"potions_floor_usage":[18],"damage_taken":[{"damage":0.0,"enemies":"Hallownest:monsterHuskWarrior","floor":1.0,"turns":1.0},{"damage":0.0,"enemies":"Hallownest:monsterHuskGuard","floor":5.0,"turns":1.0},{"damage":0.0,"enemies":"Hallownest:eliteMossKnight","floor":6.0,"turns":1.0},{"damage":6.0,"enemies":"Hallownest:eliteVengeflyKing","floor":8.0,"turns":5.0},{"damage":9,"enemies":"Hallownest:eliteCrystalGuardian","floor":10,"turns":5},{"damage":1,"enemies":"Hallownest:2_MossCreeps","floor":11,"turns":2},{"damage":8,"enemies":"Hallownest:eliteVengeflyKing","floor":12,"turns":5},{"damage":13,"enemies":"Hallownest:1_Baldur_1_Crawlid_1_Warrior","floor":14,"turns":3},{"damage":48,"enemies":"Hallownest:BossBrokenVessel","floor":16,"turns":8},{"damage":0,"enemies":"Hallownest:Guard_and_Sentry","floor":18,"turns":2}],"seed_played":"9076256608140742560","potions_obtained":[{"floor":1.0,"key":"SneckoOil"},{"floor":6.0,"key":"AttackPotion"},{"floor":8.0,"key":"Explosive Potion"},{"floor":14,"key":"AttackPotion"}],"is_trial":false,"path_per_floor":["M","$","?","?","M","E","R","E","T","E","M","E","T","M","R","B",null,"M"],"character_chosen":"THE_BUGKNIGHT","items_purchased":[],"campfire_rested":0,"item_purchase_floors":[],"current_hp_per_floor":[75,75,75,75,75,75,75,69,69,60,59,57,57,44,44,18,75,75,75],"gold":410,"neow_bonus":"THREE_ENEMY_KILL","is_daily":false,"chose_seed":false,"campfire_upgraded":2,"win_rate":0.0,"timestamp":1610176852,"path_taken":["M","$","?","?","?","E","R","E","T","E","M","E","?","M","R","BOSS","M"],"items_purchased_type":[],"build_version":"2020-12-22","purchased_purges":0,"victory":false,"max_hp_per_floor":[75,75,75,75,75,75,75,75,75,75,75,75,75,75,75,75,75,75,75],"relic_stats":{"Darkstone Periapt":0,"Happy Flower":[4],"counters":[10,33],"obtain_stats":[{"Darkstone Periapt":8,"NeowsBlessing":0,"Happy Flower":13,"HollowMod:VesselMask":0,"Philosopher\u0027s Stone":17,"The Courier":9,"HollowMod:IsmasTear":12,"Hallownest:DreamNailRelic":4,"Meat on the Bone":6,"Mercury Hourglass":10},{"Darkstone Periapt":4,"NeowsBlessing":0,"Happy Flower":7,"HollowMod:VesselMask":0,"Philosopher\u0027s Stone":9,"The Courier":4,"HollowMod:IsmasTear":7,"Hallownest:DreamNailRelic":1,"Meat on the Bone":3,"Mercury Hourglass":5},{"Darkstone Periapt":8,"NeowsBlessing":0,"Happy Flower":20,"HollowMod:VesselMask":0,"Philosopher\u0027s Stone":31,"The Courier":8,"HollowMod:IsmasTear":20,"Hallownest:DreamNailRelic":1,"Meat on the Bone":3,"Mercury Hourglass":13}],"Meat on the Bone":12,"Mercury Hourglass":[118]},"card_choices":[{"not_picked":["HollowMod:InfectedAttack","HollowMod:GoodIntentions"],"picked":"HollowMod:DesolateDive","floor":1.0},{"not_picked":["HollowMod:ShapeofUnn","HollowMod:PerfectDash","HollowMod:NewJinnsSoul"],"picked":"SKIP","floor":5.0},{"not_picked":["HollowMod:SharpenedNail","HollowMod:NewJinnsSoul"],"picked":"HollowMod:MonomonsArchive","floor":6.0},{"not_picked":["HollowMod:ChannelNail","HollowMod:VengefulVoid"],"picked":"HollowMod:HerrahsAnger","floor":8.0},{"not_picked":["HollowMod:HuntersJournal","HollowMod:PerfectDash","HollowMod:MawleksShell"],"picked":"SKIP","floor":10},{"not_picked":["HollowMod:ShadowDash","HollowMod:InfectedCysts","HollowMod:SoulEater"],"picked":"SKIP","floor":11},{"not_picked":["HollowMod:GoodIntentions","HollowMod:DoubleDash"],"picked":"HollowMod:ChannelNail","floor":12},{"not_picked":["HollowMod:CrystalDash","HollowMod:SoulSplash","HollowMod:NewJinnsSoul"],"picked":"SKIP","floor":14},{"not_picked":["HollowMod:RadiancesLament","HollowMod:HerrahsAnger"],"picked":"HollowMod:WhiteLadysBlessing","floor":16}],"player_experience":279810,"relics_obtained":[{"floor":6.0,"key":"Meat on the Bone"},{"floor":8.0,"key":"Darkstone Periapt"},{"floor":9.0,"key":"The Courier"},{"floor":10,"key":"Mercury Hourglass"},{"floor":12,"key":"HollowMod:IsmasTear"},{"floor":13,"key":"Happy Flower"}],"event_choices":[],"is_beta":false,"boss_relics":[{"not_picked":["SacredBark","Sozu"],"picked":"Philosopher\u0027s Stone"}],"items_purged_floors":[],"is_endless":false,"potions_floor_spawned":[1,6,8,12,14],"killed_by":"Hallownest:Guard_and_Sentry","ascension_level":1}}