{"host":"j4g6ia6asvpyu2b0","time":1610151695,"event":{"mods":["BaseMod","Colored Map","Minty Spire (QoL Compilation)","Permanent Neow","Quick Restart","Relic Stats","StSLib","Unceasing Turn Reminder"],"gold_per_floor":[109,109,41,54,69,69,94,94,94,111,144,319,350,369,369,466,466,486,756,772,384,398,423,423,452,509,540,586,598,610,721,733,846,858,887,899,851,501,520,548,548,577,577,554,554,554,580,625,625,625,625,625,14,44,44],"floor_reached":56,"playtime":2373,"items_purged":["Doubt","Strike_G","Strike_G"],"score":1810,"play_id":"31fb7a02-def2-42fa-9e08-dc1222d4a83a","local_time":"20210108172135","is_ascension_mode":true,"campfire_choices":[{"data":"Apotheosis","floor":6.0,"key":"SMITH"},{"floor":8.0,"key":"REST"},{"floor":15.0,"key":"REST"},{"floor":24.0,"key":"REST"},{"floor":32.0,"key":"REST"},{"data":"After Image","floor":41,"key":"SMITH"},{"floor":45,"key":"REST"},{"floor":49,"key":"RECALL"},{"data":"Footwork","floor":52,"key":"SMITH"}],"circlet_count":0,"master_deck":["Defend_G","Defend_G","Defend_G","Defend_G","Defend_G","Survivor","Neutralize","Apotheosis+1","Deadly Poison","Skewer","Footwork+1","Glass Knife","Bouncing Flask","Well Laid Plans","Corpse Explosion","Sucker Punch","After Image+1","Backstab+1","Escape Plan+1","Dagger Throw","Dodge and Roll","Dagger Spray","Flying Knee","Noxious Fumes","Blade Dance","Noxious Fumes","Metamorphosis","Panache","Bandage Up","A Thousand Cuts","Distraction","Infinite Blades","Dodge and Roll","Blade Dance+1","Endless Agony+1","Malaise","Backflip","Finisher+1","Caltrops+1","Caltrops","Backflip","Flash of Steel","Cloak And Dagger","Blade Dance+1"],"relics":["Ring of the Snake","Letter Opener","Pear","Mercury Hourglass","Centennial Puzzle","Kunai","Sozu","Ninja Scroll","Juzu Bracelet","MawBank","Boot","SlaversCollar","Sling","Art of War","Oddly Smooth Stone","Paper Crane","Tough Bandages","Bird Faced Urn","Bottled Lightning","Pantograph"],"acts_visited":["Exordium","TheCity","TheBeyond","TheEnding"],"potions_floor_usage":[55,55],"damage_taken":[{"damage":0.0,"enemies":"Jaw Worm","floor":1.0,"turns":5.0},{"damage":1.0,"enemies":"Small Slimes","floor":4.0,"turns":4.0},{"damage":0.0,"enemies":"Cultist","floor":5.0,"turns":3.0},{"damage":51.0,"enemies":"Gremlin Nob","floor":7.0,"turns":5.0},{"damage":0.0,"enemies":"Exordium Wildlife","floor":10.0,"turns":2.0},{"damage":1.0,"enemies":"Lagavulin","floor":11.0,"turns":7.0},{"damage":12.0,"enemies":"Gremlin Nob","floor":13.0,"turns":3.0},{"damage":0.0,"enemies":"2 Fungi Beasts","floor":14.0,"turns":3.0},{"damage":6.0,"enemies":"Slime Boss","floor":16.0,"turns":5.0},{"damage":5.0,"enemies":"2 Thieves","floor":18.0,"turns":3.0},{"damage":6.0,"enemies":"Spheric Guardian","floor":20.0,"turns":4.0},{"damage":1.0,"enemies":"Snake Plant","floor":22.0,"turns":3.0},{"damage":8.0,"enemies":"Gremlin Leader","floor":23.0,"turns":6.0},{"damage":23.0,"enemies":"Book of Stabbing","floor":25.0,"turns":5.0},{"damage":1.0,"enemies":"Cultist and Chosen","floor":27.0,"turns":4.0},{"damage":7.0,"enemies":"Slavers","floor":28.0,"turns":4.0},{"damage":4.0,"enemies":"Champ","floor":33.0,"turns":12.0},{"damage":1,"enemies":"Orb Walker","floor":35,"turns":3},{"damage":0,"enemies":"3 Darklings","floor":39,"turns":1},{"damage":2,"enemies":"Nemesis","floor":40,"turns":4},{"damage":5,"enemies":"Reptomancer","floor":42,"turns":5},{"damage":17,"enemies":"Giant Head","floor":47,"turns":7},{"damage":11,"enemies":"2 Orb Walkers","floor":48,"turns":3},{"damage":51,"enemies":"Donu and Deca","floor":50,"turns":7},{"damage":24,"enemies":"Shield and Spear","floor":54,"turns":3},{"damage":53,"enemies":"The Heart","floor":55,"turns":9}],"seed_played":"-7807027630186034752","potions_obtained":[{"floor":5.0,"key":"Explosive Potion"},{"floor":11.0,"key":"EssenceOfSteel"},{"floor":13.0,"key":"Swift Potion"},{"floor":16.0,"key":"SteroidPotion"}],"is_trial":false,"path_per_floor":["M","?","?","M","M","R","E","R","T","M","E","?","E","M","R","B",null,"M","?","M","$","M","E","R","E","T","M","E","?","?","?","R","B",null,"M","?","?","$","M","E","R","E","T","$","R","?","E","?","R","B",null,"R","$","E","B",null],"character_chosen":"THE_SILENT","items_purchased":["Ninja Scroll","Dagger Throw","Dodge and Roll","Sling","Infinite Blades","Dodge and Roll","Backflip","Caltrops","Backflip","Flash of Steel","Cloak And Dagger","Bottled Lightning"],"campfire_rested":5,"item_purchase_floors":[21,21,21,38,38,38,44,53,53,53,53,53],"current_hp_per_floor":[63,56,56,55,55,55,14,35,35,35,34,34,22,22,43,37,64,59,32,26,26,25,17,38,15,15,14,7,7,7,7,28,24,61,60,50,50,50,50,54,54,49,49,49,70,70,56,49,49,20,60,60,60,48,35],"gold":44,"neow_bonus":"RANDOM_COLORLESS_2","is_daily":false,"chose_seed":false,"campfire_upgraded":3,"win_rate":0.0,"timestamp":1610151695,"path_taken":["M","?","?","M","M","R","E","R","T","?","E","?","E","M","R","BOSS","M","?","?","$","M","E","R","E","T","M","E","?","?","?","R","BOSS","M","?","?","$","M","E","R","E","T","$","R","?","E","?","R","BOSS","R","$","E","BOSS"],"items_purchased_type":["Relic","Card","Card","Relic","Card","Card","Card","Card","Card","Card","Card","Relic"],"build_version":"2020-12-22","purchased_purges":3,"victory":true,"max_hp_per_floor":[63,63,63,63,63,63,73,73,73,73,73,73,73,73,73,73,73,73,73,73,73,73,73,73,73,73,73,73,73,73,73,73,73,73,73,73,73,73,73,73,73,73,73,73,73,73,73,73,73,73,73,73,73,73,73],"relic_stats":{"counters":[26,120],"Juzu Bracelet":2,"Letter Opener":[250],"MawBank":156,"Boot":[140],"Mercury Hourglass":[336],"Sozu":6,"Centennial Puzzle":[53],"Tough Bandages":[9],"Bird Faced Urn":[33],"Pantograph":25,"Art of War":[2],"Kunai":[68],"obtain_stats":[{"Pear":7,"Oddly Smooth Stone":42,"Juzu Bracelet":23,"Letter Opener":3,"Paper Crane":43,"MawBank":25,"Boot":28,"Sling":38,"Mercury Hourglass":9,"Sozu":17,"SlaversCollar":34,"Centennial Puzzle":11,"Tough Bandages":47,"Ninja Scroll":21,"Bird Faced Urn":48,"Pantograph":54,"Art of War":40,"Kunai":13,"Bottled Lightning":53,"Ring of the Snake":0},{"Pear":4,"Oddly Smooth Stone":21,"Juzu Bracelet":13,"Letter Opener":1,"Paper Crane":21,"MawBank":14,"Boot":16,"Sling":18,"Mercury Hourglass":4,"Sozu":9,"SlaversCollar":17,"Centennial Puzzle":6,"Tough Bandages":22,"Ninja Scroll":11,"Bird Faced Urn":23,"Pantograph":25,"Art of War":20,"Kunai":7,"Bottled Lightning":24,"Ring of the Snake":0},{"Pear":17,"Oddly Smooth Stone":91,"Juzu Bracelet":53,"Letter Opener":5,"Paper Crane":91,"MawBank":58,"Boot":66,"Sling":81,"Mercury Hourglass":17,"Sozu":37,"SlaversCollar":78,"Centennial Puzzle":26,"Tough Bandages":98,"Ninja Scroll":44,"Bird Faced Urn":101,"Pantograph":111,"Art of War":86,"Kunai":29,"Bottled Lightning":108,"Ring of the Snake":0}],"Ring of the Snake":[52]},"card_choices":[{"not_picked":["Panache","Magnetism"],"picked":"Apotheosis","floor":0.0},{"not_picked":["Cloak And Dagger","Caltrops"],"picked":"Deadly Poison","floor":1.0},{"not_picked":["Slice","Expertise"],"picked":"Skewer","floor":4.0},{"not_picked":["Bane","Prepared"],"picked":"Footwork","floor":5.0},{"not_picked":["Dagger Throw","Grand Finale"],"picked":"Glass Knife","floor":7.0},{"not_picked":["Acrobatics","Quick Slash"],"picked":"Bouncing Flask","floor":10.0},{"not_picked":["Flechettes","Quick Slash"],"picked":"Well Laid Plans","floor":11.0},{"not_picked":["Prepared","Wraith Form v2"],"picked":"Corpse Explosion","floor":13.0},{"not_picked":["Concentrate","Bane"],"picked":"Sucker Punch","floor":14.0},{"not_picked":["Unload","A Thousand Cuts"],"picked":"After Image","floor":16.0},{"not_picked":["Prepared","Infinite Blades+1"],"picked":"Backstab+1","floor":18.0},{"not_picked":["Deadly Poison+1","Sucker Punch+1"],"picked":"Escape Plan+1","floor":20.0},{"not_picked":["Setup","Skewer+1"],"picked":"Dagger Spray","floor":22.0},{"not_picked":["Backstab","Accuracy+1","Dagger Spray"],"picked":"SKIP","floor":23.0},{"not_picked":["Grand Finale","Poisoned Stab"],"picked":"Flying Knee","floor":25.0},{"not_picked":["Dodge and Roll","Deflect"],"picked":"Noxious Fumes","floor":27.0},{"not_picked":["Endless Agony","Outmaneuver"],"picked":"Blade Dance","floor":28.0},{"not_picked":["Prepared","Dodge and Roll"],"picked":"Noxious Fumes","floor":35},{"not_picked":["Blind","Dramatic Entrance"],"picked":"Metamorphosis","floor":36},{"not_picked":["Jack Of All Trades","Chrysalis"],"picked":"Panache","floor":36},{"not_picked":["Swift Strike","Jack Of All Trades"],"picked":"Bandage Up","floor":36},{"not_picked":["Acrobatics+1","Poisoned Stab+1"],"picked":"Blade Dance+1","floor":39},{"not_picked":["Skewer+1","Blade Dance"],"picked":"Endless Agony+1","floor":40},{"not_picked":["Blade Dance","Escape Plan"],"picked":"Malaise","floor":42},{"not_picked":["Quick Slash","Reflex"],"picked":"Finisher+1","floor":47},{"not_picked":["Backflip+1","Slice"],"picked":"Caltrops+1","floor":48},{"not_picked":["Sucker Punch","Dagger Spray"],"picked":"Blade Dance+1","floor":54}],"player_experience":768974,"relics_obtained":[{"floor":7.0,"key":"Pear"},{"floor":9.0,"key":"Mercury Hourglass"},{"floor":11.0,"key":"Centennial Puzzle"},{"floor":13.0,"key":"Kunai"},{"floor":23.0,"key":"Juzu Bracelet"},{"floor":25.0,"key":"MawBank"},{"floor":28.0,"key":"Boot"},{"floor":40,"key":"Art of War"},{"floor":42,"key":"Oddly Smooth Stone"},{"floor":43,"key":"Paper Crane"},{"floor":47,"key":"Tough Bandages"},{"floor":48,"key":"Bird Faced Urn"},{"floor":54,"key":"Pantograph"}],"event_choices":[{"cards_removed":["Strike_G"],"damage_healed":0.0,"max_hp_gain":0.0,"max_hp_loss":0.0,"gold_gain":0.0,"event_name":"Golden Wing","player_choice":"Card Removal","floor":2.0,"gold_loss":0.0,"damage_taken":7.0},{"damage_healed":0.0,"max_hp_gain":0.0,"max_hp_loss":0.0,"gold_gain":0.0,"event_name":"WeMeetAgain","player_choice":"Paid Gold","floor":3.0,"gold_loss":68.0,"damage_taken":0.0,"relics_obtained":["Letter Opener"]},{"damage_healed":0.0,"max_hp_gain":0.0,"max_hp_loss":0.0,"gold_gain":175.0,"event_name":"Liars Game","player_choice":"AGREE","floor":12.0,"gold_loss":0.0,"damage_taken":0.0,"cards_obtained":["Doubt"]},{"damage_healed":0.0,"max_hp_gain":0.0,"max_hp_loss":0.0,"gold_gain":270.0,"event_name":"Knowing Skull","player_choice":"GOLD GOLD GOLD ","floor":19.0,"potions_obtained":[],"gold_loss":0.0,"damage_taken":27.0,"cards_obtained":[]},{"damage_healed":0.0,"max_hp_gain":0.0,"max_hp_loss":0.0,"gold_gain":0.0,"event_name":"FaceTrader","player_choice":"Leave","floor":29.0,"gold_loss":0.0,"damage_taken":0.0},{"damage_healed":0.0,"max_hp_gain":0.0,"max_hp_loss":0.0,"gold_gain":0.0,"event_name":"Ghosts","player_choice":"Ignored","floor":30.0,"gold_loss":0.0,"damage_taken":0.0},{"damage_healed":0.0,"max_hp_gain":0.0,"max_hp_loss":0.0,"gold_gain":99.0,"event_name":"Nest","player_choice":"Stole From Cult","floor":31.0,"gold_loss":0.0,"damage_taken":0.0},{"damage_healed":0,"gold_gain":0,"player_choice":"Memory 3","damage_taken":10,"max_hp_gain":0,"max_hp_loss":0,"event_name":"SensoryStone","floor":36,"gold_loss":0},{"damage_healed":0,"gold_gain":0,"cards_transformed":["Strike_G","Strike_G"],"player_choice":"Transformed Cards","damage_taken":0,"max_hp_gain":0,"max_hp_loss":0,"event_name":"Designer","floor":37,"gold_loss":60,"cards_obtained":["A Thousand Cuts","Distraction"]},{"damage_healed":0,"gold_gain":0,"player_choice":"Ignored","damage_taken":0,"max_hp_gain":0,"max_hp_loss":0,"event_name":"Tomb of Lord Red Mask","floor":46,"gold_loss":0},{"damage_healed":0,"gold_gain":0,"player_choice":"Fight","damage_taken":0,"max_hp_gain":0,"max_hp_loss":0,"event_name":"Mysterious Sphere","floor":48,"gold_loss":0}],"is_beta":false,"boss_relics":[{"not_picked":["Velvet Choker","SacredBark"],"picked":"Sozu"},{"not_picked":["HoveringKite","Empty Cage"],"picked":"SlaversCollar"}],"items_purged_floors":[21,38,53],"is_endless":false,"potions_floor_spawned":[5,11,13,16,18,20,27,33,40,48],"ascension_level":9}}