{"host":"dv93mabv568wiefh","time":1610171225,"event":{"mods":["BaseMod","Hermit","Hubris","Infinite Spire","Marisa????????","Minty Spire (QoL Compilation)","Replay The Spire","StSLib","The Construct"],"gold_per_floor":[360,360,375,393,1,1,27,27,27,27,39,39,39,56,56,161,161,173,173,242,255,255,255,180,180,180,195,230,36,65,75,75,75,75],"floor_reached":33,"playtime":2682,"items_purged":["Defend_P","Decay"],"score":493,"play_id":"f3126a0b-8cf5-414f-9fb5-5661161b04ea","local_time":"20210109004705","is_ascension_mode":true,"campfire_choices":[{"floor":6,"key":"REST"},{"floor":10,"key":"REST"},{"floor":15,"key":"REST"},{"floor":23,"key":"REST"},{"floor":25,"key":"REST"},{"data":"Replay:Battleflow","floor":32,"key":"SMITH"}],"circlet_count":0,"master_deck":["AscendersBane","Strike_P","Strike_P","Strike_P","Defend_P","Defend_P","Defend_P","Eruption+1","Vigilance","Replay:AtTheReady","SandsOfTime","Replay:Battleflow+1","EmptyMind","CutThroughFate+1","Protect","Replay:Anticipation","ReachHeaven","Establishment","Evaluate","EmptyBody","WindmillStrike","infinitespire:SevenWalls","EmptyFist","Ragnarok","EmptyFist","Protect"],"relics":["PureWater","Peace Pipe","Bag of Marbles","hubris:PeanutButter","Cursed Key","MutagenicStrength","infinitespire:Satchel","HolyWater","ReplayTheSpireMod:Shallot","Letter Opener","ReplayTheSpireMod:Shallot","Potion Belt"],"acts_visited":["Exordium","TheCity"],"potions_floor_usage":[7,16,16,27,33],"damage_taken":[{"damage":23,"enemies":"Small Slimes","floor":1,"turns":6},{"damage":6,"enemies":"Cultist","floor":3,"turns":3},{"damage":8,"enemies":"Jaw Worm","floor":4,"turns":3},{"damage":33,"enemies":"3 Sentries","floor":7,"turns":8},{"damage":0,"enemies":"2 Fungi Beasts","floor":11,"turns":3},{"damage":0,"enemies":"Red Slaver","floor":14,"turns":5},{"damage":29,"enemies":"Hexaghost","floor":16,"turns":7},{"damage":10,"enemies":"Shell Parasite","floor":18,"turns":7},{"damage":0,"enemies":"Chosen","floor":21,"turns":3},{"damage":0,"enemies":"Centurion and Healer","floor":27,"turns":6},{"damage":3,"enemies":"Book of Stabbing","floor":28,"turns":4},{"damage":0,"enemies":"Gremlin Leader","floor":30,"turns":4},{"damage":0,"enemies":"Shelled Parasite and Fungi","floor":31,"turns":3},{"damage":65,"enemies":"Collector","floor":33,"turns":7}],"seed_played":"-4128323640582094540","potions_obtained":[{"floor":1,"key":"ColorlessPotion"},{"floor":7,"key":"SkillPotion"},{"floor":11,"key":"Elixir"},{"floor":18,"key":"LiquidBronze"},{"floor":20,"key":"Explosive Potion"},{"floor":20,"key":"Ancient Potion"},{"floor":21,"key":"Adrenaline Potion"}],"is_trial":false,"path_per_floor":["M","?","M","M","$","R","E","?","T","R","M","?","?","M","R","B",null,"M","?","?","M","AVR","R","?","R","T","M","E","$","E","M","R","B"],"character_chosen":"WATCHER","items_purchased":["Peace Pipe","EmptyMind","EmptyFist","Ragnarok"],"campfire_rested":5,"item_purchase_floors":[5,5,29,29],"current_hp_per_floor":[42,42,36,28,28,49,16,16,16,37,37,30,30,30,51,22,60,50,50,22,22,22,43,43,64,64,64,61,61,61,61,61,0,0],"gold":75,"neow_bonus":"TWO_FIFTY_GOLD","is_daily":false,"chose_seed":false,"campfire_upgraded":1,"win_rate":0.0,"timestamp":1610171225,"path_taken":["M","?","?","M","$","R","E","?","T","R","M","?","?","M","R","BOSS","M","?","?","?","AVR","R","?","R","T","M","E","$","E","M","R","BOSS"],"items_purchased_type":["Relic","Card","Card","Card"],"build_version":"2020-12-22","purchased_purges":2,"victory":false,"max_hp_per_floor":[72,72,72,72,72,72,72,72,72,72,72,72,72,72,72,72,72,72,72,72,72,72,72,72,72,72,72,72,72,72,72,72,72,72],"card_choices":[{"not_picked":["ForeignInfluence","Replay:BluntJabs"],"picked":"Replay:AtTheReady","floor":1},{"not_picked":["BattleHymn","Weave"],"picked":"SandsOfTime","floor":3},{"not_picked":["ThirdEye","Crescendo"],"picked":"Replay:Battleflow","floor":4},{"not_picked":["FlurryOfBlows","BowlingBash"],"picked":"CutThroughFate","floor":7},{"not_picked":["SashWhip","Consecrate"],"picked":"Replay:Anticipation","floor":11},{"not_picked":["ClearTheMind","Prostrate"],"picked":"ReachHeaven","floor":14},{"not_picked":["SpiritShield","Judgement"],"picked":"Establishment","floor":16},{"not_picked":["SashWhip+1","CutThroughFate"],"picked":"Evaluate","floor":18},{"not_picked":["FollowUp","BowlingBash"],"picked":"EmptyBody","floor":20},{"not_picked":["CutThroughFate","Nirvana"],"picked":"WindmillStrike","floor":21},{"not_picked":["BowlingBash","Sanctity","Replay:BluntJabs"],"picked":"SKIP","floor":27},{"not_picked":["Wish","PathToVictory","Replay:Cycle"],"picked":"SKIP","floor":28},{"not_picked":["Devotion","WreathOfFlame"],"picked":"EmptyFist","floor":30},{"not_picked":["CrushJoints","Consecrate"],"picked":"Protect","floor":31}],"player_experience":882124,"relics_obtained":[{"floor":7,"key":"Bag of Marbles"},{"floor":9,"key":"hubris:PeanutButter"},{"floor":20,"key":"infinitespire:Satchel"},{"floor":26,"key":"Letter Opener"},{"floor":28,"key":"ReplayTheSpireMod:Shallot"},{"floor":30,"key":"Potion Belt"}],"event_choices":[{"damage_healed":0,"gold_gain":0,"player_choice":"Upgraded","damage_taken":0,"max_hp_gain":0,"max_hp_loss":0,"event_name":"Upgrade Shrine","floor":2,"gold_loss":0,"cards_upgraded":["Eruption"]},{"cards_removed":["hubris:Lust"],"damage_healed":0,"gold_gain":0,"player_choice":"Card Removal","damage_taken":7,"max_hp_gain":0,"max_hp_loss":0,"event_name":"Golden Wing","floor":12,"gold_loss":0},{"damage_healed":0,"gold_gain":0,"player_choice":"Forge","damage_taken":0,"max_hp_gain":0,"max_hp_loss":0,"event_name":"Accursed Blacksmith","floor":13,"gold_loss":0,"cards_upgraded":["CutThroughFate"]},{"damage_healed":0,"gold_gain":0,"player_choice":"Inject Mutagens","damage_taken":0,"relics_obtained":["MutagenicStrength"],"max_hp_gain":0,"max_hp_loss":0,"event_name":"Drug Dealer","floor":19,"gold_loss":0},{"cards_removed":["Strike_P"],"damage_healed":0,"gold_gain":0,"player_choice":"Gave Gold","damage_taken":0,"max_hp_gain":0,"max_hp_loss":0,"event_name":"Beggar","floor":24,"gold_loss":75}],"is_beta":false,"boss_relics":[{"not_picked":["Snecko Eye","ReplayTheSpireMod:DimensionalGlitch"],"picked":"Cursed Key"}],"items_purged_floors":[22,29],"is_endless":false,"potions_floor_spawned":[1,7,11,18,21],"killed_by":"Collector","ascension_level":12}}