{"host":"rwomhe7k24zy6c7l","time":1610172487,"event":{"mods":["Act Like it!","BaseMod","Colored Powertips","Conspire","Gensokyo","Luminous","Minty Spire (QoL Compilation)","RumiaBox-露米娅的神秘盒子","StSLib","The Bug Knight","Waifu the Spire","WarShipGirlsR/战舰少女R mod"],"gold_per_floor":[113,113,113,43,64,64,104,128,151,195,195,195,213,0,0,128,128,144,69,88,13,13,13,33,33,33,33,54,7,7,7,7,7,7],"floor_reached":33,"playtime":1525,"items_purged":["rmod:basicallowance"],"score":276,"play_id":"d14ad2ad-bdda-42be-9579-5bad88559c39","local_time":"20210109140807","is_ascension_mode":false,"campfire_choices":[{"floor":6,"key":"REST"},{"floor":12,"key":"REST"},{"data":"rmod:diaomin","floor":15,"key":"SMITH"},{"data":"rmod:expedition","floor":23,"key":"SMITH"},{"data":"rmod:wife","floor":32,"key":"SMITH"}],"circlet_count":0,"master_deck":["rmod:strick","rmod:strick","rmod:defend","rmod:defend","rmod:defend","rmod:defend","rmod:maingunfire","rmod:diaomin+1","rmod:goodsister","rmod:luckystar","rmod:expedition+1","rmod:salvage","rmod:fletcherpendant","rmod:seals","rmod:fletcherpendant","rmod:fletcherpendant","rmod:wife+1","rmod:fletcherpendant","Necronomicurse"],"relics":["ZombieArmy","Golden Idol","Juzu Bracelet","Ancient Tea Set","HollowMod:PaleOreRelic","Meat on the Bone","Sling","rmod:mogul","MealTicket","Necronomicon"],"acts_visited":["Exordium","TheCity"],"potions_floor_usage":[10,10,16,16,18,18,20],"damage_taken":[{"damage":11,"enemies":"Jaw Worm","floor":1,"turns":2},{"damage":4,"enemies":"conspire:RoseBush","floor":5,"turns":2},{"damage":24,"enemies":"3 Sentries","floor":7,"turns":7},{"damage":0,"enemies":"Cultist","floor":8,"turns":3},{"damage":15,"enemies":"HollowMod:MossKnight","floor":10,"turns":7},{"damage":9,"enemies":"Red Slaver","floor":13,"turns":3},{"damage":20,"enemies":"Hexaghost","floor":16,"turns":9},{"damage":26,"enemies":"2 Thieves","floor":18,"turns":4},{"damage":18,"enemies":"Chosen","floor":20,"turns":5},{"damage":7,"enemies":"conspire:HollyBat","floor":24,"turns":7},{"damage":24,"enemies":"Snecko","floor":28,"turns":4},{"damage":14,"enemies":"Collector","floor":33,"turns":2}],"seed_played":"4253197554902138089","potions_obtained":[{"floor":7,"key":"BlessingOfTheForge"},{"floor":8,"key":"Regen Potion"},{"floor":11,"key":"Fire Potion"},{"floor":11,"key":"SkillPotion"},{"floor":11,"key":"SteroidPotion"},{"floor":16,"key":"EssenceOfSteel"},{"floor":18,"key":"Strength Potion"},{"floor":24,"key":"SmokeBomb"}],"is_trial":false,"path_per_floor":["M","?","?","$","M","R","E","M","T","E","?","R","M","$","R","B",null,"M","$","M","?","$","R","M","?","T","?","M","$","?","?","R","B"],"character_chosen":"PRAEFECT","items_purchased":["rmod:goodsister","rmod:salvage","Sling","rmod:fletcherpendant"],"campfire_rested":2,"item_purchase_floors":[4,14,14,29],"current_hp_per_floor":[64,46,28,28,24,46,22,22,22,19,19,41,44,44,44,36,75,49,49,43,43,43,43,48,48,48,48,36,51,35,35,35,21,21],"gold":7,"neow_bonus":"RANDOM_COMMON_RELIC","is_daily":false,"chose_seed":false,"campfire_upgraded":3,"win_rate":0.0,"timestamp":1610172487,"path_taken":["M","?","?","?","M","R","E","M","T","E","?","R","M","$","R","BOSS","M","$","M","?","$","R","M","?","T","?","M","$","?","?","R","BOSS"],"items_purchased_type":["Card","Card","Relic","Card"],"build_version":"2020-12-22","purchased_purges":1,"victory":false,"max_hp_per_floor":[75,75,75,75,75,75,75,75,75,75,75,75,75,75,75,75,75,75,75,75,75,75,75,75,75,75,75,75,75,75,75,75,75,75],"card_choices":[{"not_picked":["rmod:steelsupply","rmod:aluminumsupply"],"picked":"rmod:diaomin","floor":1},{"not_picked":["rmod:ammunitionsupply","rmod:generalist"],"picked":"rmod:luckystar","floor":5},{"not_picked":["rmod:highspeedmaneuver","rmod:diamondstrike"],"picked":"rmod:expedition","floor":7},{"not_picked":["rmod:fuelsupply","rmod:expedition","rmod:supportescort"],"picked":"SKIP","floor":8},{"not_picked":["rmod:supriseattacks","rmod:aviationdawn","rmod:unsinkable"],"picked":"SKIP","floor":10},{"not_picked":["rmod:robin","rmod:circuitoustactics","rmod:steelsupply"],"picked":"SKIP","floor":13},{"not_picked":["rmod:acesubmarine","rmod:saltedfish"],"picked":"rmod:seals","floor":16},{"not_picked":["rmod:luckystar","rmod:combined","rmod:victimresponsibility"],"picked":"SKIP","floor":18},{"not_picked":["rmod:tearstotiara","rmod:supportescort"],"picked":"rmod:wife","floor":20},{"not_picked":["rmod:ammunitionsupply+1","rmod:diaomin","rmod:wolves"],"picked":"SKIP","floor":24},{"not_picked":["rmod:mineteam","rmod:combined","rmod:luckystar"],"picked":"SKIP","floor":28}],"player_experience":120599,"relics_obtained":[{"floor":7,"key":"Ancient Tea Set"},{"floor":9,"key":"HollowMod:PaleOreRelic"},{"floor":10,"key":"Meat on the Bone"},{"floor":26,"key":"MealTicket"},{"floor":30,"key":"Necronomicon"}],"event_choices":[{"damage_healed":0,"gold_gain":0,"player_choice":"Take Damage","damage_taken":18,"relics_obtained":["Golden Idol"],"max_hp_gain":0,"max_hp_loss":0,"event_name":"Golden Idol","floor":2,"gold_loss":0},{"damage_healed":0,"gold_gain":0,"player_choice":"Success","damage_taken":18,"relics_obtained":["Juzu Bracelet"],"max_hp_gain":0,"max_hp_loss":0,"event_name":"Scrap Ooze","floor":3,"gold_loss":0},{"damage_healed":0,"gold_gain":0,"player_choice":"Got Potions","damage_taken":0,"max_hp_gain":0,"max_hp_loss":0,"event_name":"Lab","floor":11,"gold_loss":0},{"cards_removed":["rmod:strick"],"damage_healed":0,"gold_gain":0,"player_choice":"Gave Gold","damage_taken":0,"max_hp_gain":0,"max_hp_loss":0,"event_name":"Beggar","floor":21,"gold_loss":75},{"cards_removed":["rmod:strick"],"damage_healed":0,"gold_gain":0,"player_choice":"Purged","damage_taken":0,"max_hp_gain":0,"max_hp_loss":0,"event_name":"Purifier","floor":25,"gold_loss":0},{"damage_healed":0,"gold_gain":0,"player_choice":"Obtained Book","damage_taken":16,"max_hp_gain":0,"max_hp_loss":0,"event_name":"Cursed Tome","floor":30,"gold_loss":0}],"is_beta":false,"boss_relics":[{"not_picked":["Runic Pyramid","Busted Crown"],"picked":"rmod:mogul"}],"items_purged_floors":[19],"is_endless":false,"potions_floor_spawned":[7,8,13,16,18,24],"killed_by":"Collector","ascension_level":0}}