{"host":"ixqzyafodex1tsi5","time":1610167606,"event":{"mods":["ATMod(°¢èªMod)","AchievementEnabler","Act Like it!","BaseMod","Gensokyo","GifTheSpireLib","Lobotomy","LobotomyExtend","Luminous","Minty Spire (QoL Compilation)","Relic Stats","Replay The Spire","RumiaBox-Â¶Ã×æ«µÄÉñÃØºÐ×Ó","Shop Mod","Spicy Shops","StSLib","The Cursed","[IsaacMod]ÒÔÈö¼âËþ","¡¾¹¦ÄÜMod¡¿»ìãçÖ®»·ÐÞ¸´²¹¶¡","¡¾ÒÅÎï¿¨ÅÆ¡¿REMEMod"],"gold_per_floor":[119,135,135,188,188,222,222,222,222],"floor_reached":8,"playtime":335,"items_purged":[],"score":76,"play_id":"1df6269c-8bab-4007-a893-b46065077148","local_time":"20210109124646","is_ascension_mode":true,"campfire_choices":[{"data":"AT_KingSlayer","floor":7,"key":"SMITH"}],"circlet_count":0,"master_deck":["Strike_R+1","Strike_R","Strike_R","Strike_R+1","Strike_R","Defend_R","Defend_R","Defend_R","Defend_R","Bash","AT_WarpDrive","AT_KingSlayer+1","ReplayTheSpireMod:Corrosion Curse","Burning Pact","Regret","AT_IchimonjiDouble"],"relics":["Burning Blood","REME_ComplimentaryCards","HushsDoor","AT_ATBox","BelialBook","CogitoBucket","RabbitCall","LetterFromLob","AT_SilvercatRing","Whetstone","MoreBug"],"acts_visited":["Exordium"],"potions_floor_usage":[],"damage_taken":[{"damage":1,"enemies":"Cultist","floor":1,"turns":3},{"damage":0,"enemies":"Small Slimes","floor":2,"turns":3},{"damage":65,"enemies":"3 Sentries","floor":6,"turns":11},{"damage":33,"enemies":"Lagavulin","floor":8,"turns":3}],"seed_played":"-7870751347355832349","potions_obtained":[],"is_trial":false,"path_per_floor":["M","M","?","T","?","E","R","E"],"character_chosen":"IRONCLAD","items_purchased":[],"campfire_rested":0,"item_purchase_floors":[],"current_hp_per_floor":[77,80,80,80,80,21,21,0,0],"gold":222,"neow_bonus":"","is_daily":false,"chose_seed":false,"campfire_upgraded":1,"win_rate":0.0,"timestamp":1610167606,"path_taken":["M","?","?","?","?","E","R","E"],"items_purchased_type":[],"build_version":"2020-12-22","purchased_purges":0,"victory":false,"max_hp_per_floor":[80,80,80,80,80,80,80,80,80],"relic_stats":{"counters":[4,20],"Whetstone":["Strike_R","Strike_R"],"obtain_stats":[{"KeepersGift":0,"MoreBug":6,"RabbitCall":0,"CogitoBucket":0,"AT_ATBox":0,"BelialBook":0,"LetterFromLob":1,"Whetstone":4,"AT_SilvercatRing":3,"HushsDoor":0,"Burning Blood":0,"REME_ComplimentaryCards":0},{"KeepersGift":0,"MoreBug":3,"RabbitCall":0,"CogitoBucket":0,"AT_ATBox":0,"BelialBook":0,"LetterFromLob":1,"Whetstone":2,"AT_SilvercatRing":2,"HushsDoor":0,"Burning Blood":0,"REME_ComplimentaryCards":0},{"KeepersGift":0,"MoreBug":17,"RabbitCall":0,"CogitoBucket":0,"AT_ATBox":0,"BelialBook":0,"LetterFromLob":3,"Whetstone":6,"AT_SilvercatRing":6,"HushsDoor":0,"Burning Blood":0,"REME_ComplimentaryCards":0}],"Burning Blood":15},"card_choices":[{"not_picked":["MHz","CherryBlossoms","DreamingCurrent"],"picked":"Singing Bowl","floor":1},{"not_picked":["Brutality","Shockwave"],"picked":"ReplayTheSpireMod:Corrosion Curse","floor":1},{"not_picked":["PunishingBird","BeautyBeast","MeatLantern"],"picked":"Singing Bowl","floor":2},{"not_picked":["Iron Wave","Metallicize"],"picked":"Burning Pact","floor":2},{"not_picked":["SpiderBud","OldLady","CrumblingArmor"],"picked":"Singing Bowl","floor":6},{"not_picked":["Bludgeon","Anger"],"picked":"AT_IchimonjiDouble","floor":6}],"player_experience":252114,"relics_obtained":[{"floor":1,"key":"LetterFromLob"},{"floor":4,"key":"Whetstone"},{"floor":6,"key":"MoreBug"}],"event_choices":[{"damage_healed":0,"gold_gain":0,"player_choice":"Box","damage_taken":0,"relics_obtained":["AT_SilvercatRing"],"max_hp_gain":0,"max_hp_loss":0,"event_name":"Big Fish","floor":3,"gold_loss":0,"cards_obtained":["Regret"]}],"is_beta":false,"boss_relics":[],"items_purged_floors":[],"is_endless":false,"potions_floor_spawned":[],"killed_by":"Lagavulin","ascension_level":8}}