{"host":"6r3ioyv75hs1gp74","time":1610233522,"event":{"mods":["AchievementEnabler","BaseMod","Better Third Choice","Colored Map","Colored Powertips","Minty Spire (QoL Compilation)","StSLib"],"gold_per_floor":[116,71,20,20,38,65,65,81,81,81,256,287,287,19,19,115,115,133,113,133,6,16,28,28,43,43,16,16,16],"floor_reached":28,"playtime":2117,"items_purged":["Doubt","Strike_R"],"score":264,"play_id":"b53d8de7-2af2-4bca-8c96-6d0b716279ec","local_time":"20210109230522","is_ascension_mode":true,"campfire_choices":[{"data":"Bash","floor":7,"key":"SMITH"},{"data":"Thunderclap","floor":13,"key":"SMITH"},{"floor":15,"key":"DIG"},{"floor":24,"key":"REST"}],"circlet_count":0,"master_deck":["Strike_R","Strike_R","Strike_R","Strike_R","Defend_R","Defend_R","Defend_R","Defend_R","Bash+1","Iron Wave","Sword Boomerang","Clash","Thunderclap+1","Armaments","Flame Barrier","Rupture","Thunderclap","Feed","Armaments","Warcry","Twin Strike","Pommel Strike","Blood for Blood+1","Flex","Fiend Fire","Anger+1","Infernal Blade","Iron Wave+1","Ghostly Armor","Shrug It Off"],"relics":["SlaversCollar","betterThird:SlimedRelic","WarpedTongs","Shovel","Meat on the Bone","Bottled Flame","Membership Card","Nunchaku","Black Star","Orrery"],"acts_visited":["Exordium","TheCity"],"potions_floor_usage":[16,16,23,23,28],"damage_taken":[{"damage":0,"enemies":"Small Slimes","floor":1,"turns":3},{"damage":2,"enemies":"2 Louse","floor":5,"turns":3},{"damage":18,"enemies":"Lagavulin","floor":6,"turns":7},{"damage":2,"enemies":"Cultist","floor":8,"turns":2},{"damage":14,"enemies":"3 Sentries","floor":12,"turns":8},{"damage":13,"enemies":"The Guardian","floor":16,"turns":7},{"damage":11,"enemies":"3 Byrds","floor":18,"turns":5},{"damage":7,"enemies":"2 Thieves","floor":19,"turns":4},{"damage":36,"enemies":"Snake Plant","floor":20,"turns":6},{"damage":34,"enemies":"Shelled Parasite and Fungi","floor":22,"turns":5},{"damage":21,"enemies":"Centurion and Healer","floor":23,"turns":5},{"damage":12,"enemies":"3 Cultists","floor":25,"turns":5},{"damage":56,"enemies":"Gremlin Leader","floor":28,"turns":6}],"seed_played":"-7372503113712009012","potions_obtained":[{"floor":6,"key":"ElixirPotion"},{"floor":12,"key":"Weak Potion"},{"floor":19,"key":"Fire Potion"},{"floor":20,"key":"FearPotion"}],"is_trial":false,"path_per_floor":["M","?","$","?","M","E","R","M","T","?","?","E","R","$","R","B",null,"M","M","M","$","M","M","R","M","T","$","E"],"character_chosen":"IRONCLAD","items_purchased":["Sword Boomerang","Membership Card","Rupture","Strength Potion","Thunderclap","Orrery","Shrug It Off"],"campfire_rested":1,"item_purchase_floors":[3,14,14,14,14,21,27],"current_hp_per_floor":[80,69,69,69,67,49,49,47,47,40,40,38,38,38,38,37,80,72,68,44,44,25,19,46,50,50,50,0,0],"gold":16,"neow_bonus":"BOSS_RELIC","is_daily":false,"chose_seed":false,"campfire_upgraded":2,"win_rate":0.0,"timestamp":1610233522,"path_taken":["M","?","$","?","?","E","R","M","T","?","?","E","R","$","R","BOSS","M","M","M","$","M","M","R","M","T","$","E"],"items_purchased_type":["Card","Relic","Card","Potion","Card","Relic","Card"],"build_version":"2020-12-22","purchased_purges":2,"victory":false,"max_hp_per_floor":[80,80,80,80,80,80,80,80,80,80,80,80,80,80,80,80,80,83,86,86,86,89,92,92,96,96,96,96,96],"card_choices":[{"not_picked":["Perfected Strike","True Grit"],"picked":"Iron Wave","floor":1},{"not_picked":["Armaments","Iron Wave"],"picked":"Clash","floor":5},{"not_picked":["Whirlwind","Perfected Strike"],"picked":"Thunderclap","floor":6},{"not_picked":["Perfected Strike","Sword Boomerang"],"picked":"Armaments","floor":8},{"not_picked":["Perfected Strike","Shockwave"],"picked":"Flame Barrier","floor":12},{"not_picked":["Bludgeon","Corruption"],"picked":"Feed","floor":16},{"not_picked":["Iron Wave","Heavy Blade"],"picked":"Armaments","floor":18},{"not_picked":["Sever Soul+1","True Grit"],"picked":"Warcry","floor":19},{"not_picked":["Pummel","True Grit"],"picked":"Twin Strike","floor":20},{"not_picked":["Shockwave","Twin Strike"],"picked":"Pommel Strike","floor":21},{"not_picked":["Whirlwind","Heavy Blade"],"picked":"Blood for Blood+1","floor":21},{"not_picked":["Warcry","Body Slam+1"],"picked":"Flex","floor":21},{"not_picked":["Thunderclap","Perfected Strike"],"picked":"Fiend Fire","floor":21},{"not_picked":["Shockwave","Clash"],"picked":"Anger+1","floor":21},{"not_picked":["Clash+1","Sever Soul"],"picked":"Infernal Blade","floor":22},{"not_picked":["Heavy Blade","Body Slam+1"],"picked":"Iron Wave+1","floor":23},{"not_picked":["Sword Boomerang","Shockwave+1"],"picked":"Ghostly Armor","floor":25}],"player_experience":65956,"relics_obtained":[{"floor":6,"key":"Shovel"},{"floor":9,"key":"Meat on the Bone"},{"floor":12,"key":"Bottled Flame"},{"floor":15,"key":"Nunchaku"}],"event_choices":[{"damage_healed":0,"gold_gain":0,"player_choice":"Slimed","damage_taken":11,"max_hp_gain":0,"max_hp_loss":0,"event_name":"betterThird:BetterGoop","floor":2,"gold_loss":45},{"damage_healed":0,"gold_gain":0,"player_choice":"Rummage","damage_taken":0,"relics_obtained":["WarpedTongs"],"max_hp_gain":0,"max_hp_loss":0,"event_name":"Accursed Blacksmith","floor":4,"gold_loss":0,"cards_obtained":["Pain"]},{"cards_removed":["Pain"],"damage_healed":0,"gold_gain":0,"player_choice":"Card Removal","damage_taken":7,"max_hp_gain":0,"max_hp_loss":0,"event_name":"Golden Wing","floor":10,"gold_loss":0},{"damage_healed":0,"gold_gain":175,"player_choice":"AGREE","damage_taken":81,"max_hp_gain":0,"max_hp_loss":0,"event_name":"betterThird:BetterSerpent","floor":11,"gold_loss":0}],"is_beta":false,"boss_relics":[{"not_picked":["Runic Pyramid","Runic Cube"],"picked":"Black Star"}],"items_purged_floors":[14,21],"is_endless":false,"potions_floor_spawned":[6,12,19,20],"killed_by":"Gremlin Leader","ascension_level":1}}