{"host":"qhn6g0owdgjb77rz","time":1610194095,"event":{"mods":["BaseMod","BetterRewards","Colored Map","Minty Spire (QoL Compilation)","Relic Sorter","Replay The Spire","StSLib"],"gold_per_floor":[113,46,57,57,75,75,109,109,109,122,153,168,178,178,178,257,257,269,281,331,351,27,27,59,59,112,112,37,37,37,48,48,121,121,141,160,11,25,75,75,75],"floor_reached":40,"playtime":2304,"items_purged":["Spreading Infection"],"score":778,"play_id":"6feb5e49-c35d-4733-91a2-d371266c2328","local_time":"20210109210815","is_ascension_mode":true,"campfire_choices":[{"data":"Sunder","floor":6.0,"key":"SMITH"},{"data":"Self Repair","floor":8.0,"key":"SMITH"},{"data":"Static Discharge","floor":15.0,"key":"SMITH"},{"data":"ReplayUltimateDefense","floor":23.0,"key":"SMITH"},{"data":"Zap","floor":27.0,"key":"SMITH"},{"data":"Dualcast","floor":29.0,"key":"SMITH"},{"floor":32.0,"key":"DIG"}],"circlet_count":0,"master_deck":["AscendersBane","Strike_B","Strike_B+1","Defend_B","Defend_B","Defend_B+1","Defend_B","Zap+1","Dualcast+1","Ball Lightning","Glacier","Sunder+1","Self Repair+1","Static Discharge+1","Echo Form","Echo Form","Panic Button","Barrage","ReplayUltimateDefense+1","Streamline","Storm","FTL","Heatsinks","BootSequence"],"relics":["Cracked Core","Mango","Replay:Kaleidoscope","Replay:Ringing Soul","Nunchaku","Cursed Key","Juzu Bracelet","Lantern","Simple Rune","Matryoshka","Replay:Bronze Core","Prayer Wheel","Replay:Frozen Program","Pocketwatch"],"acts_visited":["TheCity","TheBeyond"],"potions_floor_usage":[39],"damage_taken":[{"damage":6.0,"enemies":"Small Slimes","floor":1.0,"turns":3.0},{"damage":0.0,"enemies":"Cultist","floor":3.0,"turns":4.0},{"damage":0.0,"enemies":"2 Louse","floor":5.0,"turns":4.0},{"damage":5.0,"enemies":"Gremlin Nob","floor":7.0,"turns":3.0},{"damage":5.0,"enemies":"Gremlin Gang","floor":10.0,"turns":2.0},{"damage":8.0,"enemies":"Lagavulin","floor":11.0,"turns":9.0},{"damage":5.0,"enemies":"Large Slime","floor":12.0,"turns":5.0},{"damage":12.0,"enemies":"Blue Slaver","floor":13.0,"turns":3.0},{"damage":48.0,"enemies":"Hexaghost","floor":16.0,"turns":8.0},{"damage":23.0,"enemies":"2 Thieves","floor":18.0,"turns":3.0},{"damage":28.0,"enemies":"Shell Parasite","floor":19.0,"turns":5.0},{"damage":26.0,"enemies":"Centurion and Healer","floor":21.0,"turns":6.0},{"damage":50.0,"enemies":"Gremlin Leader","floor":24.0,"turns":7.0},{"damage":0.0,"enemies":"Snecko","floor":31.0,"turns":6.0},{"damage":21.0,"enemies":"Champ","floor":33.0,"turns":9.0},{"damage":20,"enemies":"3 Darklings","floor":35,"turns":8},{"damage":0,"enemies":"3 Shapes","floor":36,"turns":5},{"damage":0,"enemies":"Spire Growth","floor":38,"turns":5},{"damage":59,"enemies":"2 Orb Walkers","floor":39,"turns":5},{"damage":127,"enemies":"Giant Head","floor":40,"turns":10}],"seed_played":"2771971227215486543","potions_obtained":[{"floor":1.0,"key":"FearPotion"},{"floor":5.0,"key":"DuplicationPotion"},{"floor":7.0,"key":"Explosive Potion"},{"floor":11.0,"key":"Regen Potion"},{"floor":19.0,"key":"PowerPotion"},{"floor":31.0,"key":"Milkshake"}],"is_trial":false,"path_per_floor":["M","$","M","?","M","R","E","R","T","M","E","M","M","?","R","B",null,"M","M","?","M","$","R","E","?","T","R","$","R","?","M","R_BF","B",null,"M","M","$","M","?","E"],"character_chosen":"DEFECT","items_purchased":["Glacier","ReplayUltimateDefense","Juzu Bracelet","Replay:Frozen Program"],"campfire_rested":0,"item_purchase_floors":[2,22,22,37],"current_hp_per_floor":[72,72,72,72,72,72,67,67,67,65,67,75,73,68,68,33,77,66,58,58,55,58,58,18,21,24,24,24,24,24,47,47,49,96,96,109,109,115,79,0,0],"gold":75,"neow_bonus":"ONE_RARE_RELIC","is_daily":false,"chose_seed":false,"campfire_upgraded":6,"win_rate":0.0,"timestamp":1610194095,"path_taken":["M","$","M","?","M","R","E","R","T","M","E","M","?","?","R","BOSS","M","?","?","M","$","R","E","?","T","R","?","R","?","M","R_BF","BOSS","M","M","$","M","?","E"],"items_purchased_type":["Card","Card","Relic","Relic"],"build_version":"2020-12-22","purchased_purges":1,"victory":false,"max_hp_per_floor":[85,85,85,82,82,82,82,82,82,85,85,88,88,88,88,91,91,94,94,94,97,100,100,100,103,106,106,106,106,106,109,109,112,112,112,115,115,115,118,118,118],"card_choices":[{"not_picked":["Hello World","Compile Driver"],"picked":"Ball Lightning","floor":1.0},{"not_picked":["Rebound","Tempest","Coolheaded"],"picked":"SKIP","floor":3.0},{"not_picked":["Rebound","Tempest","Coolheaded"],"picked":"SKIP","floor":3.0},{"not_picked":["Undo","Go for the Eyes"],"picked":"Sunder","floor":5.0},{"not_picked":["Rebound","Turbo"],"picked":"Self Repair","floor":7.0},{"not_picked":["Steam Power","Beam Cell"],"picked":"Static Discharge","floor":10.0},{"not_picked":["BootSequence","Beam Cell","Barrage"],"picked":"SKIP","floor":11.0},{"not_picked":["Turbo","Blizzard"],"picked":"Echo Form","floor":12.0},{"not_picked":["Coolheaded","Melter","Rebound"],"picked":"SKIP","floor":13.0},{"not_picked":["Coolheaded","Melter","Rebound"],"picked":"SKIP","floor":13.0},{"not_picked":["ReplayTheSpireMod:Omega Cannon","Seek"],"picked":"Echo Form","floor":16.0},{"not_picked":["ReplayTheSpireMod:Reroute Power","BasicCrystalCard"],"picked":"Panic Button","floor":18.0},{"not_picked":["Stack","Streamline","Gash"],"picked":"SKIP","floor":19.0},{"not_picked":["Hologram","Coolheaded"],"picked":"Barrage","floor":21.0},{"not_picked":["BasicCrystalCard","ReplayTheSpireMod:GoodbyeWorld","Compile Driver+1"],"picked":"SKIP","floor":24.0},{"not_picked":["Doom and Gloom+1","Gash"],"picked":"FTL","floor":31.0},{"not_picked":["ReplayRNGCard","Buffer"],"picked":"ReplayTheSpireMod:Fabricate Wheel","floor":33.0},{"not_picked":["Sweeping Beam","BasicCrystalCard","Beam Cell"],"picked":"SKIP","floor":35},{"not_picked":["Redo","Panic Button","BasicCrystalCard+1"],"picked":"SKIP","floor":35},{"not_picked":["Sweeping Beam","BasicCrystalCard","Beam Cell"],"picked":"SKIP","floor":35},{"not_picked":["Redo","Panic Button","BasicCrystalCard+1"],"picked":"SKIP","floor":35},{"not_picked":["Gash","Genetic Algorithm"],"picked":"Heatsinks","floor":36},{"not_picked":["Gash","Leap","Ball Lightning"],"picked":"SKIP","floor":36},{"not_picked":["Redo","Darkness+1","Loop"],"picked":"SKIP","floor":38},{"not_picked":["Turbo+1","Crystallizer+1","ReplayTheSpireMod:System Scan"],"picked":"SKIP","floor":38},{"not_picked":["Loop","Conserve Battery"],"picked":"BootSequence","floor":39}],"player_experience":446396,"relics_obtained":[{"floor":7.0,"key":"Replay:Kaleidoscope"},{"floor":9.0,"key":"Replay:Ringing Soul"},{"floor":11.0,"key":"Nunchaku"},{"floor":24.0,"key":"Lantern"},{"floor":26.0,"key":"Simple Rune"},{"floor":32.0,"key":"Matryoshka"},{"floor":39,"key":"Pocketwatch"}],"event_choices":[{"cards_removed":["Parasite"],"damage_healed":0.0,"max_hp_gain":0.0,"max_hp_loss":0.0,"gold_gain":0.0,"event_name":"Fountain of Cleansing","player_choice":"Removed Curses","floor":4.0,"gold_loss":0.0,"damage_taken":0.0},{"damage_healed":0.0,"max_hp_gain":0.0,"max_hp_loss":0.0,"gold_gain":0.0,"event_name":"The Woman in Blue","player_choice":"Bought 0 Potions","floor":14.0,"gold_loss":0.0,"damage_taken":0.0},{"damage_healed":0.0,"max_hp_gain":0.0,"max_hp_loss":0.0,"gold_gain":50.0,"event_name":"Nest","player_choice":"Stole From Cult","floor":20.0,"gold_loss":0.0,"damage_taken":0.0},{"damage_healed":0.0,"max_hp_gain":0.0,"max_hp_loss":0.0,"gold_gain":0.0,"cards_transformed":["Strike_B","Strike_B"],"event_name":"Drug Dealer","player_choice":"Became Test Subject","floor":25.0,"gold_loss":0.0,"damage_taken":0.0,"cards_obtained":["Streamline","Storm"]},{"damage_healed":0.0,"max_hp_gain":0.0,"max_hp_loss":0.0,"gold_gain":0.0,"event_name":"Vampires","player_choice":"Ignored","floor":30.0,"gold_loss":0.0,"damage_taken":0.0},{"damage_healed":0,"gold_gain":0,"player_choice":"Fight","damage_taken":0,"max_hp_gain":0,"max_hp_loss":0,"event_name":"Mysterious Sphere","floor":39,"gold_loss":0}],"is_beta":false,"boss_relics":[{"not_picked":["Calling Bell","Pandora\u0027s Box"],"picked":"Cursed Key"},{"not_picked":["Replay:Ancient Bell","Fusion Hammer"],"picked":"Replay:Bronze Core"}],"items_purged_floors":[28],"is_endless":false,"potions_floor_spawned":[1,5,7,11,19,31],"killed_by":"Giant Head","ascension_level":15}}