{"host":"jksa5rawk3m4gilz","time":1610211455,"event":{"mods":["BaseMod","Colored Map","Highlight Path","Minty Spire (QoL Compilation)","Quick Restart"],"gold_per_floor":[117,42,42,42,52,52,85,85,112,144,159,129,142,159,159,233,233,252,164,164,164,164,164,164],"floor_reached":23,"playtime":603,"items_purged":[],"score":408,"play_id":"51a6d23e-e070-4169-bb23-13a21a837e28","local_time":"20210109175735","is_ascension_mode":true,"campfire_choices":[{"data":"Eruption","floor":6,"key":"SMITH"},{"data":"DeceiveReality","floor":8,"key":"SMITH"},{"data":"Weave","floor":15,"key":"SMITH"}],"circlet_count":0,"master_deck":["AscendersBane","Strike_P","Strike_P","Defend_P","Defend_P","Defend_P","Defend_P","Eruption+1","Vigilance","Wireheading","DeceiveReality+1","CutThroughFate","Weave+1","JustLucky","Devotion","Fasting2","Panacea","SignatureMove"],"relics":["PureWater","NeowsBlessing","NlothsMask","Mercury Hourglass","StoneCalendar","Empty Cage"],"acts_visited":["Exordium","TheCity"],"potions_floor_usage":[10,18,23],"damage_taken":[{"damage":0,"enemies":"2 Louse","floor":1,"turns":1},{"damage":0,"enemies":"Cultist","floor":5,"turns":2},{"damage":0,"enemies":"3 Sentries","floor":7,"turns":2},{"damage":0,"enemies":"Gremlin Nob","floor":10,"turns":2},{"damage":0,"enemies":"Small Slimes","floor":11,"turns":3},{"damage":10,"enemies":"Looter","floor":13,"turns":3},{"damage":4,"enemies":"2 Fungi Beasts","floor":14,"turns":3},{"damage":10,"enemies":"The Guardian","floor":16,"turns":10},{"damage":3,"enemies":"2 Thieves","floor":18,"turns":4},{"damage":76,"enemies":"Book of Stabbing","floor":23,"turns":3}],"seed_played":"-5021096420687044460","potions_obtained":[{"floor":7,"key":"AttackPotion"},{"floor":12,"key":"Ambrosia"},{"floor":12,"key":"Regen Potion"},{"floor":14,"key":"Fire Potion"}],"is_trial":false,"path_per_floor":["M","$","?","$","M","R","E","R","T","E","M","?","M","M","R","B",null,"M","$","?","?","?","E"],"character_chosen":"WATCHER","items_purchased":["Wireheading","Panacea"],"campfire_rested":0,"item_purchase_floors":[2,19],"current_hp_per_floor":[65,65,65,65,65,65,65,65,65,65,65,65,55,51,51,41,64,61,61,61,48,48,0,0],"gold":164,"neow_bonus":"THREE_ENEMY_KILL","is_daily":false,"chose_seed":false,"campfire_upgraded":3,"win_rate":0.0,"timestamp":1610211455,"path_taken":["M","$","?","?","M","R","E","R","T","E","M","?","M","?","R","BOSS","M","$","?","?","?","E"],"items_purchased_type":["Card","Card"],"build_version":"2020-12-22","purchased_purges":0,"victory":false,"max_hp_per_floor":[72,72,72,72,72,72,72,72,72,72,72,72,72,72,72,72,72,72,72,72,77,77,77,77],"card_choices":[{"not_picked":["SashWhip","MentalFortress","Protect"],"picked":"SKIP","floor":1},{"not_picked":["Protect","EmptyMind","Crescendo"],"picked":"SKIP","floor":5},{"not_picked":["Prostrate","Adaptation"],"picked":"DeceiveReality","floor":7},{"not_picked":["WheelKick","FlurryOfBlows","ClearTheMind"],"picked":"SKIP","floor":10},{"not_picked":["Halt","Tantrum"],"picked":"CutThroughFate","floor":11},{"not_picked":["WreathOfFlame","Worship"],"picked":"Weave","floor":13},{"not_picked":["ForeignInfluence","BowlingBash"],"picked":"JustLucky","floor":14},{"not_picked":["Wish","Blasphemy"],"picked":"Devotion","floor":16},{"not_picked":["Adaptation","WreathOfFlame"],"picked":"Fasting2","floor":18}],"player_experience":2120035,"relics_obtained":[{"floor":7,"key":"Mercury Hourglass"},{"floor":10,"key":"StoneCalendar"}],"event_choices":[{"damage_healed":0,"gold_gain":0,"player_choice":"Trade","damage_taken":0,"relics_obtained":["NlothsMask"],"max_hp_gain":0,"max_hp_loss":0,"event_name":"FaceTrader","floor":3,"gold_loss":0},{"damage_healed":0,"gold_gain":0,"player_choice":"Bought 2 Potions","damage_taken":0,"max_hp_gain":0,"max_hp_loss":0,"event_name":"The Woman in Blue","floor":12,"gold_loss":0},{"damage_healed":0,"gold_gain":0,"player_choice":"Read","damage_taken":0,"max_hp_gain":0,"max_hp_loss":0,"event_name":"The Library","floor":20,"gold_loss":0,"cards_obtained":["SignatureMove"]},{"damage_healed":0,"gold_gain":0,"player_choice":"Shed Blood","damage_taken":18,"max_hp_gain":5,"max_hp_loss":0,"event_name":"Forgotten Altar","floor":21,"gold_loss":0},{"damage_healed":0,"gold_gain":0,"player_choice":"Ignored","damage_taken":0,"max_hp_gain":0,"max_hp_loss":0,"event_name":"Ghosts","floor":22,"gold_loss":0}],"is_beta":false,"boss_relics":[{"not_picked":["Pandora\u0027s Box","Black Star"],"picked":"Empty Cage"}],"items_purged_floors":[],"is_endless":false,"potions_floor_spawned":[7,13,14,16],"killed_by":"Book of Stabbing","ascension_level":13}}