{"host":"wghdsg8ym2wc7ov9","time":1610180394,"event":{"mods":["AchievementEnabler","Astrologer","BaseMod","Beaked The Cultist","Better Altar","Better Note","Colored Map","Downfall","Hermit","Highlight Path","Jorbs\u0027s Wanderer Trilogy","KinomotoSakuraMod(????)","Minty Spire (QoL Compilation)","Random Character Button","Relic Stats","SIMod","Shop Mod","StSLib","The Blackbeard","The Bladedancer","The Construct","The Cursed","The Death Knight","The Gatherer","The Hierophant","The Marked","The Mystic","The Necromancer","The Runesmith","The Senshi","The Servant 0.9.4"],"gold_per_floor":[119,134,309,309,319,319,352,352,401,426,426,426,444,464,464,563,563,581,506,506,506,517,517,517,517],"floor_reached":24,"playtime":3965,"items_purged":[],"score":204,"play_id":"4b1b5c52-b77e-4f7a-8628-540c491395ad","local_time":"20210109001954","is_ascension_mode":false,"campfire_choices":[{"data":"Apotheosis","floor":6.0,"key":"SMITH"},{"floor":8.0,"key":"RECALL"},{"floor":12.0,"key":"REST"},{"floor":15.0,"key":"REST"},{"data":"beaked:AwakenedForm","floor":23,"key":"SMITH"}],"circlet_count":0,"master_deck":["beaked:Strike_Y+1","beaked:Strike_Y+1","beaked:Strike_Y+1","beaked:Strike_Y+1","beaked:Strike_Y+1","beaked:Strike_Y+1","beaked:Defend_Y+1","beaked:Defend_Y+1","beaked:Defend_Y+1","beaked:Defend_Y+1","beaked:Ceremony","beaked:Ceremony","beaked:Ceremony","Apotheosis+1","beaked:MachineSpirit+1","beaked:Brace","Doubt","beaked:StickSmack","beaked:CheekyTricks","beaked:Insight","Decay","beaked:MaddeningMurmurs","beaked:TuckingFeathers","beaked:CheekyTricks","beaked:WarriorEssence","beaked:WarriorEssence+1","Guardian:DonusPower+1","beaked:AwakenedForm+1"],"relics":["beaked:BlessedCoat","Runesmith:AutoHammer","War Paint","Nunchaku"],"acts_visited":["Exordium","TheCity"],"potions_floor_usage":[],"damage_taken":[{"damage":13.0,"enemies":"Small Slimes","floor":1.0,"turns":5.0},{"damage":1.0,"enemies":"Cultist","floor":2.0,"turns":5.0},{"damage":10.0,"enemies":"Jaw Worm","floor":5.0,"turns":5.0},{"damage":27.0,"enemies":"Lagavulin","floor":7.0,"turns":8.0},{"damage":48.0,"enemies":"Gremlin Nob","floor":10.0,"turns":6.0},{"damage":21.0,"enemies":"2 Fungi Beasts","floor":13.0,"turns":6.0},{"damage":10.0,"enemies":"Exordium Wildlife","floor":14.0,"turns":8.0},{"damage":45.0,"enemies":"Hexaghost","floor":16.0,"turns":11.0},{"damage":51.0,"enemies":"Spheric Guardian","floor":18.0,"turns":7.0},{"damage":39,"enemies":"2 Thieves","floor":19,"turns":5},{"damage":42,"enemies":"Centurion and Healer","floor":22,"turns":10},{"damage":66,"enemies":"Slavers","floor":24,"turns":3}],"seed_played":"-8298347481140086641","potions_obtained":[{"floor":2.0,"key":"Block Potion"},{"floor":7.0,"key":"Dexterity Potion"},{"floor":13.0,"key":"Explosive Potion"}],"is_trial":false,"path_per_floor":["M","M","?","?","M","R","E","R","T","E","?","R","M","M","R","B",null,"M","M","?","?","M","R","E"],"character_chosen":"BEAKED_THE_CULTIST","items_purchased":[],"campfire_rested":2,"item_purchase_floors":[],"current_hp_per_floor":[34,45,45,50,55,55,44,44,44,10,10,26,20,33,49,55,55,31,12,12,12,43,43,0,0],"gold":517,"neow_bonus":"RANDOM_COLORLESS_2","is_daily":false,"chose_seed":false,"campfire_upgraded":2,"win_rate":0.0,"timestamp":1610180394,"path_taken":["M","M","?","?","M","R","E","R","T","E","?","R","M","M","R","BOSS","M","M","?","?","M","R","E"],"items_purchased_type":[],"build_version":"2020-12-22","purchased_purges":0,"victory":false,"max_hp_per_floor":[50,50,50,55,55,55,55,55,55,55,55,55,55,55,55,55,55,55,55,55,55,55,55,55,55],"relic_stats":{"Nunchaku":[6],"counters":[12,79],"War Paint":["beaked:Defend_Y","beaked:MachineSpirit"],"obtain_stats":[{"Nunchaku":10,"Runesmith:AutoHammer":7,"beaked:MendingPlumage":0,"War Paint":9,"beaked:BlessedCoat":17},{"Nunchaku":5,"Runesmith:AutoHammer":4,"beaked:MendingPlumage":0,"War Paint":4,"beaked:BlessedCoat":8},{"Nunchaku":29,"Runesmith:AutoHammer":23,"beaked:MendingPlumage":0,"War Paint":23,"beaked:BlessedCoat":54}]},"card_choices":[{"not_picked":["Panache","CMC"],"picked":"Apotheosis","floor":0.0},{"not_picked":["beaked:Devastation","beaked:TuckingFeathers"],"picked":"beaked:MachineSpirit","floor":1.0},{"not_picked":["beaked:Resilience","beaked:SurvivalInstinct"],"picked":"beaked:Brace","floor":2.0},{"not_picked":["beaked:SurvivalInstinct","beaked:Tradeoff"],"picked":"beaked:StickSmack","floor":5.0},{"not_picked":["beaked:WarriorEssence","beaked:Negation"],"picked":"beaked:CheekyTricks","floor":7.0},{"not_picked":["beaked:WarriorEssence","beaked:Foresight"],"picked":"beaked:Insight","floor":10.0},{"not_picked":["beaked:RuinSticks","beaked:Redirect"],"picked":"beaked:MaddeningMurmurs","floor":13.0},{"not_picked":["beaked:Daydream","beaked:CheekyTricks"],"picked":"beaked:TuckingFeathers","floor":14.0},{"not_picked":["beaked:VolatileMisfortune","beaked:ShadowFade"],"picked":"beaked:CheekyTricks","floor":16.0},{"not_picked":["beaked:Daydream+1","beaked:StickSmack"],"picked":"beaked:WarriorEssence","floor":18.0},{"not_picked":["beaked:Tweet","beaked:Redirect"],"picked":"beaked:WarriorEssence+1","floor":19},{"not_picked":["beaked:Pecker","beaked:Daydream+1"],"picked":"beaked:AwakenedForm","floor":22}],"player_experience":643605,"relics_obtained":[{"floor":7.0,"key":"Runesmith:AutoHammer"},{"floor":9.0,"key":"War Paint"},{"floor":10.0,"key":"Nunchaku"}],"event_choices":[{"damage_healed":0.0,"max_hp_gain":0.0,"max_hp_loss":0.0,"gold_gain":175.0,"event_name":"Liars Game","player_choice":"AGREE","floor":3.0,"gold_loss":0.0,"damage_taken":0.0,"cards_obtained":["Doubt"]},{"damage_healed":0.0,"max_hp_gain":5.0,"max_hp_loss":0.0,"gold_gain":0.0,"event_name":"Big Fish","player_choice":"Donut","floor":4.0,"gold_loss":0.0,"damage_taken":0.0},{"damage_healed":0.0,"max_hp_gain":0.0,"max_hp_loss":0.0,"gold_gain":0.0,"event_name":"Wheel of Change","player_choice":"Cursed","floor":11.0,"gold_loss":0.0,"damage_taken":0.0,"cards_obtained":["Decay"]},{"cards_removed":["Apotheosis"],"damage_healed":0,"gold_gain":0,"player_choice":"Take \u0026 Give","damage_taken":0,"max_hp_gain":0,"max_hp_loss":0,"event_name":"betterNote:BetterNote","floor":20,"gold_loss":0,"cards_obtained":["Guardian:DonusPower"]},{"damage_healed":0,"gold_gain":0,"player_choice":"Simplicity","damage_taken":0,"max_hp_gain":0,"max_hp_loss":0,"event_name":"Back to Basics","floor":21,"gold_loss":0,"cards_upgraded":["beaked:Strike_Y","beaked:Strike_Y","beaked:Strike_Y","beaked:Strike_Y","beaked:Strike_Y","beaked:Strike_Y","beaked:Defend_Y","beaked:Defend_Y","beaked:Defend_Y"]}],"is_beta":false,"boss_relics":[{"not_picked":["beaked:MawFillet","Calling Bell"],"picked":"beaked:BlessedCoat"}],"items_purged_floors":[],"is_endless":false,"potions_floor_spawned":[2,7,13],"killed_by":"Slavers","ascension_level":0}}