{"host":"appz8zkad29u9482","time":1610161403,"event":{"mods":["2.2 Compatiblity","Act Like it!","Aspiration","BaseMod","Beaked The Cultist","Better Altar","Better Match","Better Note","Better Skull","Better Third Choice","BetterRewards","CapriCore","Conspire","Disable Question Mark Monsters","Energized Spire","Gensokyo","GifTheSpireLib","Gold Saver","Halation","Hermit","Hubris","Infinite Spire","Jedi Mod","Marisa????????","Minty Spire (QoL Compilation)","Permanent Neow","Reimu??????","Replay The Spire","Somnambulant","Spicy Shops","StSLib","Strawberry Spire","Stuff the Spire","The Animator","The Cursed","The Hierophant","The Immortal","Yuyuko","yUi"],"gold_per_floor":[117,117,117,130,147,172,6,6,6,6,23,23,23],"floor_reached":12,"playtime":571,"items_purged":["CommonCold"],"score":78,"play_id":"05241fdd-0279-46d1-9d7c-1ab585101ae2","local_time":"20210108170323","is_ascension_mode":false,"campfire_choices":[{"data":"hermit:Maintenance","floor":8,"key":"SMITH"}],"circlet_count":0,"master_deck":["hermit:Strike_Hermit","hermit:Strike_Hermit","hermit:Strike_Hermit","hermit:Strike_Hermit","hermit:Defend_Hermit","hermit:Defend_Hermit","hermit:Defend_Hermit","hermit:Defend_Hermit","hermit:Snapshot+1","hermit:Covet","hermit:Maintenance+1","hermit:Combo","hermit:Quickdraw","hermit:ItchyTrigger","hermit:Glare+1","hermit:Ricochet","hermit:Deadeye"],"relics":["hermit:Momento","hubris:DisguiseKit","Ancient Tea Set"],"acts_visited":["Exordium"],"potions_floor_usage":[6,12],"damage_taken":[{"damage":1,"enemies":"Jaw Worm","floor":1,"turns":2},{"damage":0,"enemies":"Small Slimes","floor":4,"turns":3},{"damage":0,"enemies":"conspire:RoseBush","floor":5,"turns":2},{"damage":41,"enemies":"Lagavulin","floor":6,"turns":6},{"damage":11,"enemies":"Exordium Wildlife","floor":11,"turns":4}],"seed_played":"-3479760518652130116","potions_obtained":[{"floor":1,"key":"FearPotion"},{"floor":6,"key":"SkillPotion"},{"floor":11,"key":"BlessingOfTheForge"}],"is_trial":false,"path_per_floor":["M","?","?","M","M","E","$","R","T","?","M","E"],"character_chosen":"HERMIT","items_purchased":["hermit:Glare+1","hermit:Ricochet"],"campfire_rested":0,"item_purchase_floors":[7,7],"current_hp_per_floor":[74,74,74,74,74,33,33,33,33,41,30,0,0],"gold":23,"neow_bonus":"UPGRADE_CARD","is_daily":false,"chose_seed":false,"campfire_upgraded":1,"win_rate":0.0,"timestamp":1610161403,"path_taken":["M","?","?","M","M","E","$","R","T","?","?","E"],"items_purchased_type":["Card","Card"],"build_version":"2020-12-22","purchased_purges":1,"victory":false,"max_hp_per_floor":[75,75,75,75,75,75,75,75,75,75,75,75,75],"card_choices":[{"not_picked":["hermit:HighCaliber","hermit:Brawl"],"picked":"hermit:Maintenance","floor":1},{"not_picked":["hermit:HoleUp","hermit:Determination","strawberrySpire:Endurance"],"picked":"hermit:Combo","floor":4},{"not_picked":["hermit:LowProfile","hermit:Misfire","ReplayTheSpireMod:Stacked"],"picked":"hermit:Quickdraw","floor":5},{"not_picked":["hermit:Combo","hermit:Cheat","Bloodletting"],"picked":"hermit:ItchyTrigger","floor":6},{"not_picked":["hermit:Feint","hermit:BodyArmor","conspire:Purge"],"picked":"hermit:Deadeye","floor":11}],"player_experience":521783,"relics_obtained":[{"floor":6,"key":"Ancient Tea Set"}],"event_choices":[],"is_beta":false,"boss_relics":[],"items_purged_floors":[7],"is_endless":false,"potions_floor_spawned":[1,6,11],"killed_by":"strawberrySpire:EnergyPylons","ascension_level":0}}