{"host":"aw5aop3hbkunav4s","time":1610178652,"event":{"mods":["2.2 Compatiblity","AchievementEnabler","BaseMod","Colored Map","Curses Come First","Minty Spire (QoL Compilation)","Relic Stats","StSLib","Synergy Search"],"gold_per_floor":[127,155,105,125,11,46,46,81,81,81,81,20,20,41,41,153,153,166,166,160,75,75,75,87,128,128,128,148,172,195,213,213,322,322,336,345,354,111,124,124,161,180,180,200,200,259,273,91,91,91,91,91,91,121,121],"floor_reached":56,"playtime":5215,"items_purged":["Strike_G","Pain"],"score":1424,"play_id":"78b64dee-eec8-49f7-ab4e-57ae2898a9f0","local_time":"20210109025052","is_ascension_mode":true,"campfire_choices":[{"floor":7.0,"key":"REST"},{"floor":10.0,"key":"REST"},{"data":"Neutralize","floor":13.0,"key":"SMITH"},{"data":"Noxious Fumes","floor":15.0,"key":"SMITH"},{"data":"Burst","floor":23.0,"key":"SMITH"},{"data":"Catalyst","floor":27.0,"key":"SMITH"},{"data":"Neutralize","floor":32.0,"key":"SMITH"},{"data":"Wraith Form v2","floor":40.0,"key":"SMITH"},{"floor":49.0,"key":"RECALL"},{"data":"Apotheosis","floor":52.0,"key":"SMITH"}],"circlet_count":0,"master_deck":["Strike_G","Defend_G","Defend_G","Defend_G","Defend_G","Survivor","Neutralize+1","Quick Slash","Backstab","Deadly Poison","Quick Slash","Catalyst+1","Venomology","Noxious Fumes","Noxious Fumes+1","Burst+1","Adrenaline","Escape Plan+1","Deflect+1","Escape Plan","Acrobatics","Neutralize+1","Wraith Form v2+1","Panacea","Deadly Poison+1","Backflip+1","Leg Sweep+1","Apotheosis+1","Footwork"],"relics":["Ring of the Snake","CeramicFish","MealTicket","Pear","StrikeDummy","SacredBark","Blue Candle","Bottled Tornado","Orichalcum","Velvet Choker","WarpedTongs","TwistedFunnel","Molten Egg 2","HornCleat","Du-Vu Doll","Boot"],"acts_visited":["Exordium","TheCity","TheBeyond","TheEnding"],"potions_floor_usage":[55,55],"damage_taken":[{"damage":0.0,"enemies":"Jaw Worm","floor":1.0,"turns":3.0},{"damage":1.0,"enemies":"2 Louse","floor":2.0,"turns":4.0},{"damage":0.0,"enemies":"Small Slimes","floor":4.0,"turns":3.0},{"damage":50.0,"enemies":"Gremlin Nob","floor":6.0,"turns":6.0},{"damage":24.0,"enemies":"3 Sentries","floor":8.0,"turns":10.0},{"damage":1.0,"enemies":"Red Slaver","floor":14.0,"turns":4.0},{"damage":20.0,"enemies":"The Guardian","floor":16.0,"turns":12.0},{"damage":7.0,"enemies":"3 Byrds","floor":18.0,"turns":4.0},{"damage":20.0,"enemies":"2 Thieves","floor":20.0,"turns":4.0},{"damage":11.0,"enemies":"Shelled Parasite and Fungi","floor":24.0,"turns":6.0},{"damage":71.0,"enemies":"Slavers","floor":25.0,"turns":6.0},{"damage":3.0,"enemies":"Snecko","floor":28.0,"turns":5.0},{"damage":2.0,"enemies":"Centurion and Healer","floor":29.0,"turns":6.0},{"damage":1.0,"enemies":"Champ","floor":33.0,"turns":9.0},{"damage":5.0,"enemies":"Orb Walker","floor":35.0,"turns":6.0},{"damage":1.0,"enemies":"3 Shapes","floor":39.0,"turns":4.0},{"damage":43.0,"enemies":"Giant Head","floor":41.0,"turns":8.0},{"damage":1.0,"enemies":"Sphere and 2 Shapes","floor":42.0,"turns":6.0},{"damage":0.0,"enemies":"Spire Growth","floor":44.0,"turns":4.0},{"damage":0.0,"enemies":"Mind Bloom Boss Battle","floor":46.0,"turns":5.0},{"damage":0.0,"enemies":"Maw","floor":47.0,"turns":4.0},{"damage":31.0,"enemies":"Donu and Deca","floor":50.0,"turns":9.0},{"damage":24.0,"enemies":"Shield and Spear","floor":54.0,"turns":8.0},{"damage":49,"enemies":"The Heart","floor":55,"turns":8}],"seed_played":"-919949460204917607","potions_obtained":[{"floor":2.0,"key":"SkillPotion"},{"floor":14.0,"key":"SneckoOil"},{"floor":25.0,"key":"DuplicationPotion"},{"floor":29.0,"key":"LiquidBronze"},{"floor":33.0,"key":"SmokeBomb"},{"floor":39.0,"key":"Ancient Potion"},{"floor":41.0,"key":"SteroidPotion"},{"floor":47.0,"key":"SteroidPotion"}],"is_trial":false,"path_per_floor":["M","M","?","M","$","E","R","E","T","R","?","$","R","M","R","B",null,"M","?","M","?","?","R","M","E","T","R","M","M","T","?","R","B",null,"M","?","?","$","M","R","E","M","T","M","?","?","M","$","R","B",null,"R","$","E","B",null],"character_chosen":"THE_SILENT","items_purchased":["Quick Slash","Noxious Fumes","TwistedFunnel","Apotheosis","Footwork"],"campfire_rested":2,"item_purchase_floors":[5,12,38,48,48],"current_hp_per_floor":[63,62,62,62,62,12,33,19,19,43,36,51,51,50,50,30,68,61,61,41,41,41,41,70,48,48,48,45,43,43,43,43,42,71,66,66,66,80,79,79,36,35,35,35,35,35,35,50,50,19,65,65,80,56,7],"gold":121,"neow_bonus":"RANDOM_COMMON_RELIC","is_daily":false,"chose_seed":false,"campfire_upgraded":7,"win_rate":0.0,"timestamp":1610178652,"path_taken":["M","M","?","M","$","E","R","E","T","R","?","$","R","M","R","BOSS","M","?","?","?","?","R","M","E","T","R","?","M","?","?","R","BOSS","M","?","?","$","?","R","E","M","T","M","?","?","M","$","R","BOSS","R","$","E","BOSS"],"items_purchased_type":["Card","Card","Relic","Card","Card"],"build_version":"2020-12-22","purchased_purges":2,"victory":true,"max_hp_per_floor":[70,70,70,70,70,70,70,80,80,80,80,80,80,80,80,80,80,80,80,80,80,80,80,80,80,80,80,80,80,80,80,80,80,80,80,80,80,80,80,80,80,80,80,80,80,80,80,80,80,80,80,80,80,80,80],"relic_stats":{"counters":[24,144],"CeramicFish":207,"Blue Candle":[0],"MealTicket":59,"Orichalcum":[102],"Boot":[2],"obtain_stats":[{"TwistedFunnel":38,"Pear":8,"CeramicFish":0,"SacredBark":17,"Blue Candle":21,"Velvet Choker":34,"Bottled Tornado":25,"Orichalcum":26,"Boot":54,"WarpedTongs":37,"Du-Vu Doll":46,"HornCleat":43,"MealTicket":6,"Molten Egg 2":41,"StrikeDummy":9,"Ring of the Snake":0},{"TwistedFunnel":15,"Pear":5,"CeramicFish":0,"SacredBark":7,"Blue Candle":9,"Velvet Choker":14,"Bottled Tornado":11,"Orichalcum":11,"Boot":23,"WarpedTongs":15,"Du-Vu Doll":20,"HornCleat":18,"MealTicket":4,"Molten Egg 2":17,"StrikeDummy":5,"Ring of the Snake":0},{"TwistedFunnel":88,"Pear":26,"CeramicFish":0,"SacredBark":42,"Blue Candle":50,"Velvet Choker":82,"Bottled Tornado":62,"Orichalcum":62,"Boot":136,"WarpedTongs":88,"Du-Vu Doll":115,"HornCleat":106,"MealTicket":16,"Molten Egg 2":100,"StrikeDummy":26,"Ring of the Snake":0}],"Ring of the Snake":[48],"WarpedTongs":[40]},"card_choices":[{"not_picked":["Dodge and Roll","Prepared"],"picked":"Quick Slash","floor":1.0},{"not_picked":["Slice","Backflip"],"picked":"Backstab","floor":2.0},{"not_picked":["Tools of the Trade","Deflect"],"picked":"Deadly Poison","floor":4.0},{"not_picked":["Dodge and Roll","Deadly Poison"],"picked":"Catalyst","floor":6.0},{"not_picked":["Sucker Punch","Deflect"],"picked":"Venomology","floor":8.0},{"not_picked":["PiercingWail","Slice"],"picked":"Noxious Fumes","floor":14.0},{"not_picked":["Glass Knife","Malaise"],"picked":"Burst","floor":16.0},{"not_picked":["Tactician","Prepared","Riddle With Holes"],"picked":"SKIP","floor":18.0},{"not_picked":["Blade Dance","Backflip"],"picked":"Adrenaline","floor":20.0},{"not_picked":["Backflip","Eviscerate+1","Infinite Blades"],"picked":"SKIP","floor":24.0},{"not_picked":["Underhanded Strike","Dagger Spray"],"picked":"Escape Plan+1","floor":25.0},{"not_picked":["Leg Sweep","Acrobatics"],"picked":"Deflect+1","floor":28.0},{"not_picked":["Outmaneuver+1","Sucker Punch"],"picked":"Escape Plan","floor":29.0},{"not_picked":["Bullet Time","Venomology"],"picked":"Wraith Form v2","floor":33.0},{"not_picked":["Slice","Underhanded Strike","Expertise"],"picked":"SKIP","floor":35.0},{"not_picked":["Finesse","The Bomb"],"picked":"Panacea","floor":36.0},{"not_picked":["Underhanded Strike","Heel Hook+1","Backstab"],"picked":"SKIP","floor":39.0},{"not_picked":["Backflip","Poisoned Stab+1"],"picked":"Deadly Poison+1","floor":41.0},{"not_picked":["Crippling Poison+1","Slice+1","Deflect+1"],"picked":"SKIP","floor":42.0},{"not_picked":["Eviscerate+1","Bane+1"],"picked":"Backflip+1","floor":44.0},{"not_picked":["Skewer+1","Poisoned Stab+1"],"picked":"Leg Sweep+1","floor":46.0},{"not_picked":["Cloak And Dagger","Slice+1","Dagger Throw+1"],"picked":"SKIP","floor":47.0},{"not_picked":["Backstab+1","Outmaneuver+1","Reflex"],"picked":"SKIP","floor":54.0}],"player_experience":283791,"relics_obtained":[{"floor":6.0,"key":"MealTicket"},{"floor":8.0,"key":"Pear"},{"floor":9.0,"key":"StrikeDummy"},{"floor":25.0,"key":"Bottled Tornado"},{"floor":26.0,"key":"Orichalcum"},{"floor":41.0,"key":"Molten Egg 2"},{"floor":43.0,"key":"HornCleat"},{"floor":46.0,"key":"Du-Vu Doll"},{"floor":54.0,"key":"Boot"}],"event_choices":[{"cards_removed":["Strike_G"],"damage_healed":0.0,"max_hp_gain":0.0,"max_hp_loss":0.0,"gold_gain":0.0,"event_name":"The Cleric","player_choice":"Card Removal","floor":3.0,"gold_loss":50.0,"damage_taken":0.0},{"cards_removed":["Defend_G"],"damage_healed":0.0,"max_hp_gain":0.0,"max_hp_loss":0.0,"gold_gain":0.0,"event_name":"Golden Wing","player_choice":"Card Removal","floor":11.0,"gold_loss":0.0,"damage_taken":7.0},{"cards_removed":["Strike_G"],"damage_healed":0.0,"max_hp_gain":0.0,"max_hp_loss":0.0,"gold_gain":0.0,"event_name":"Bonfire Elementals","player_choice":"Offered Basic","floor":19.0,"gold_loss":0.0,"damage_taken":0.0},{"damage_healed":0.0,"max_hp_gain":0.0,"max_hp_loss":0.0,"gold_gain":0.0,"event_name":"Addict","player_choice":"Obtained Relic","floor":21.0,"gold_loss":85.0,"damage_taken":0.0,"relics_obtained":["Blue Candle"]},{"cards_removed":["Strike_G"],"damage_healed":0.0,"max_hp_gain":0.0,"max_hp_loss":0.0,"gold_gain":0.0,"event_name":"Purifier","player_choice":"Purged","floor":22.0,"gold_loss":0.0,"damage_taken":0.0},{"damage_healed":0.0,"max_hp_gain":0.0,"max_hp_loss":0.0,"gold_gain":0.0,"event_name":"Match and Keep!","player_choice":"2 cards matched","floor":31.0,"gold_loss":0.0,"damage_taken":0.0,"cards_obtained":["Acrobatics","Neutralize"]},{"damage_healed":0.0,"max_hp_gain":0.0,"max_hp_loss":0.0,"gold_gain":0.0,"event_name":"SensoryStone","player_choice":"Memory 1","floor":36.0,"gold_loss":0.0,"damage_taken":0.0},{"damage_healed":0.0,"max_hp_gain":0.0,"max_hp_loss":0.0,"gold_gain":0.0,"event_name":"Accursed Blacksmith","player_choice":"Rummage","floor":37.0,"gold_loss":0.0,"damage_taken":0.0,"relics_obtained":["WarpedTongs"],"cards_obtained":["Pain"]},{"damage_healed":0.0,"max_hp_gain":0.0,"max_hp_loss":0.0,"gold_gain":0.0,"event_name":"The Moai Head","player_choice":"Ignored","floor":45.0,"gold_loss":0.0,"damage_taken":0.0},{"damage_healed":0.0,"max_hp_gain":0.0,"max_hp_loss":0.0,"gold_gain":0.0,"event_name":"MindBloom","player_choice":"Fight","floor":46.0,"gold_loss":0.0,"damage_taken":0.0}],"is_beta":false,"boss_relics":[{"not_picked":["Ectoplasm","Empty Cage"],"picked":"SacredBark"},{"not_picked":["Sozu","Pandora\u0027s Box"],"picked":"Velvet Choker"}],"items_purged_floors":[5,38],"is_endless":false,"potions_floor_spawned":[2,14,20,25,29,33,39,41,47],"ascension_level":6}}