{"host":"uhytnauby5tw4qa1","time":1610190783,"event":{"mods":["Act Like it!","Aspiration","BaseMod","Colored Map","Colored Powertips","Conspire","Downfall","Elementarium","Halation","Hubris","Infinite Spire","Jorbs\u0027s Wanderer Trilogy","Marisa????????","Mimic Mod","Minty Spire (QoL Compilation)","Rare Cards Sparkle","Replay The Spire","Shop Mod","Somnambulant","Spikes Relics","StSLib","The Bug Knight","The Cursed","The Druid","The Forsaken","The Judge","The Jungle","The Necromancer","The Saiyan","The Servant 0.9.4","The Valiant","TheBandit","TheFirefly","Yuri Mod","vexMod"],"gold_per_floor":[109,128,148,210,210,210,235,235,269,269,283,294,294,294,294,390,390,390],"floor_reached":17,"playtime":1259,"items_purged":[],"score":155,"play_id":"a9957c36-2380-402e-be1d-fc373d8c959f","local_time":"20210109111303","is_ascension_mode":false,"campfire_choices":[{"data":"thefirefly:Kugelblitz","floor":6,"key":"SMITH"},{"floor":10,"key":"REST"},{"data":"thefirefly:StealthMode","floor":13,"key":"SMITH"},{"data":"thefirefly:DecoyShot","floor":15,"key":"SMITH"}],"circlet_count":0,"master_deck":["thefirefly:Strike","thefirefly:Strike","thefirefly:Strike","thefirefly:Strike","thefirefly:Defend","thefirefly:Defend","thefirefly:Defend+1","thefirefly:Defend","thefirefly:StealthMode+1","thefirefly:PhotonBlast+1","thefirefly:PhantomStrike","thefirefly:HyperFocus","thefirefly:DecoyShot+1","thefirefly:ShieldGenerator+1","thefirefly:Kugelblitz+1","thefirefly:Lamentation","thefirefly:DecoyShot","thefirefly:MirrorShield","thefirefly:Flight","thefirefly:MindControl"],"relics":["thefirefly:StealthSystem","Sundial","thefirefly:LongRangeScanner","Tiny Chest","theForsaken:Gavel","halation:ForbiddenBikini"],"acts_visited":["Exordium","TheCity"],"potions_floor_usage":[16,16],"damage_taken":[{"damage":0,"enemies":"conspire:RoseBush","floor":1,"turns":6},{"damage":5,"enemies":"Small Slimes","floor":2,"turns":5},{"damage":2,"enemies":"2 Louse","floor":3,"turns":6},{"damage":10,"enemies":"3 Sentries","floor":7,"turns":1},{"damage":1,"enemies":"2 Fungi Beasts","floor":9,"turns":12},{"damage":4,"enemies":"2 Fungi Beasts","floor":11,"turns":4},{"damage":3,"enemies":"Large Slime","floor":12,"turns":7},{"damage":23,"enemies":"The Guardian","floor":16,"turns":15}],"seed_played":"1701726821864929415","potions_obtained":[{"floor":2,"key":"Fire Potion"},{"floor":12,"key":"Adrenaline Potion"},{"floor":16,"key":"FearPotion"}],"is_trial":false,"path_per_floor":["M","M","M","?","?","R","E","?","MIM","R","M","M","R","T","R","B",null],"character_chosen":"THE_FIREFLY","items_purchased":[],"campfire_rested":1,"item_purchase_floors":[],"current_hp_per_floor":[60,55,53,38,26,26,16,16,15,33,29,26,26,26,26,3,60,60],"gold":390,"neow_bonus":"TEN_PERCENT_HP_BONUS","is_daily":false,"chose_seed":false,"campfire_upgraded":3,"win_rate":0.0,"timestamp":1610190783,"path_taken":["M","M","M","?","?","R","E","?","MIM","R","M","M","R","?","R","BOSS"],"items_purchased_type":[],"build_version":"2020-12-22","purchased_purges":0,"victory":false,"max_hp_per_floor":[60,60,60,60,60,60,60,60,60,60,60,60,60,60,60,60,60,60],"card_choices":[{"not_picked":["thefirefly:QuantumTunneling","thefirefly:Boost"],"picked":"thefirefly:PhantomStrike","floor":1},{"not_picked":["thefirefly:EvasiveManeuver","thefirefly:Reposition"],"picked":"thefirefly:HyperFocus","floor":2},{"not_picked":["thefirefly:EMP","thefirefly:Flight"],"picked":"thefirefly:DecoyShot","floor":3},{"not_picked":["thefirefly:Flight","thefirefly:IonizedBarrier"],"picked":"thefirefly:ShieldGenerator","floor":4},{"not_picked":["thefirefly:ArtillleryBeam","thefirefly:Boost"],"picked":"thefirefly:Kugelblitz","floor":4},{"not_picked":["thefirefly:LaserMail","thefirefly:RollBack"],"picked":"thefirefly:Lamentation","floor":7},{"not_picked":["thefirefly:RollBack","thefirefly:CoveringFire"],"picked":"thefirefly:DecoyShot","floor":9},{"not_picked":["thefirefly:Pacify","thefirefly:ErraticMotions"],"picked":"thefirefly:MirrorShield","floor":11},{"not_picked":["thefirefly:Reposition","thefirefly:ShieldArray"],"picked":"thefirefly:Flight","floor":12},{"not_picked":["thefirefly:SoulStrike","thefirefly:Kugelblitz"],"picked":"thefirefly:MindControl","floor":16}],"player_experience":1057045,"relics_obtained":[{"floor":4,"key":"Sundial"},{"floor":7,"key":"thefirefly:LongRangeScanner"},{"floor":9,"key":"Tiny Chest"},{"floor":14,"key":"theForsaken:Gavel"}],"event_choices":[{"damage_healed":0,"gold_gain":0,"player_choice":"Entered Light","damage_taken":12,"max_hp_gain":0,"max_hp_loss":0,"event_name":"Shining Light","floor":5,"gold_loss":0,"cards_upgraded":["thefirefly:ShieldGenerator","thefirefly:Defend"]}],"is_beta":false,"boss_relics":[{"not_picked":["infinitespire:Cupcake","vexMod:NewClearReactor"],"picked":"halation:ForbiddenBikini"}],"items_purged_floors":[],"is_endless":false,"potions_floor_spawned":[2,12,16],"ascension_level":0}}