{"host":"Timothy","time":1610180194,"event":{"mods":["AchievementEnabler","BaseMod","Bestiary","Highlight Path","Minty Spire (QoL Compilation)","Quick Restart","Slay-I"],"gold_per_floor":[99,99,99,99,99,99,99,99,99,39,39,39,39,4,4,4,4],"floor_reached":16,"playtime":694,"items_purged":[],"score":192,"play_id":"d4269a46-b99f-4332-9062-e9652105eb7e","local_time":"20210109001634","is_ascension_mode":true,"campfire_choices":[{"data":"Neutralize","floor":6.0,"key":"SMITH"},{"data":"Dash","floor":8.0,"key":"SMITH"},{"floor":15.0,"key":"REST"}],"circlet_count":0,"master_deck":["AscendersBane","Strike_G","Strike_G","Strike_G","Strike_G","Strike_G","Defend_G","Defend_G","Defend_G","Defend_G","Defend_G","Survivor","Neutralize+1","Poisoned Stab","Dash+1","Backflip","Backflip","Deadly Poison"],"relics":["Ectoplasm","Sundial","Odd Mushroom"],"acts_visited":["Exordium"],"potions_floor_usage":[16,16],"damage_taken":[{"damage":7.0,"enemies":"Cultist","floor":1.0,"turns":5.0},{"damage":1.0,"enemies":"Small Slimes","floor":2.0,"turns":4.0},{"damage":0.0,"enemies":"Jaw Worm","floor":3.0,"turns":4.0},{"damage":7.0,"enemies":"Exordium Wildlife","floor":4.0,"turns":7.0},{"damage":1.0,"enemies":"2 Fungi Beasts","floor":5.0,"turns":4.0},{"damage":0.0,"enemies":"3 Louse","floor":7.0,"turns":4.0},{"damage":8.0,"enemies":"Exordium Thugs","floor":10.0,"turns":6.0},{"damage":0.0,"enemies":"Large Slime","floor":11.0,"turns":7.0},{"damage":0.0,"enemies":"The Mushroom Lair","floor":13.0,"turns":5.0},{"damage":55,"enemies":"Slime Boss","floor":16,"turns":11}],"seed_played":"-2785746321275392798","potions_obtained":[{"floor":1.0,"key":"GamblersBrew"},{"floor":4.0,"key":"ColorlessPotion"},{"floor":5.0,"key":"GhostInAJar"},{"floor":10.0,"key":"PowerPotion"}],"is_trial":false,"path_per_floor":["M","M","M","M","M","R","M","R","T","M","M","$","?","?","R","B"],"character_chosen":"THE_SILENT","items_purchased":[],"campfire_rested":1,"item_purchase_floors":[],"current_hp_per_floor":[52,51,51,44,43,43,43,43,43,35,35,35,35,35,54,0,0],"gold":4,"neow_bonus":"BOSS_RELIC","is_daily":false,"chose_seed":false,"campfire_upgraded":2,"win_rate":0.0,"timestamp":1610180194,"path_taken":["M","?","M","M","M","R","M","R","T","M","M","$","?","?","R","BOSS"],"items_purchased_type":[],"build_version":"2020-12-18","purchased_purges":0,"victory":false,"max_hp_per_floor":[66,66,66,66,66,66,66,66,66,66,66,66,66,66,66,66,66],"card_choices":[{"not_picked":["Cloak And Dagger","Bane"],"picked":"Poisoned Stab","floor":1.0},{"not_picked":["Masterful Stab","Cloak And Dagger"],"picked":"Dash","floor":2.0},{"not_picked":["Predator","Dagger Spray","Slice"],"picked":"SKIP","floor":3.0},{"not_picked":["Night Terror","Sucker Punch"],"picked":"Backflip","floor":4.0},{"not_picked":["Accuracy","Cloak And Dagger"],"picked":"Backflip","floor":5.0},{"not_picked":["Expertise","Dodge and Roll","Underhanded Strike"],"picked":"SKIP","floor":7.0},{"not_picked":["All Out Attack","Skewer","Bane"],"picked":"SKIP","floor":10.0},{"not_picked":["Distraction","Dagger Spray"],"picked":"Deadly Poison","floor":11.0}],"player_experience":786423,"relics_obtained":[{"floor":9.0,"key":"Sundial"},{"floor":13.0,"key":"Odd Mushroom"}],"event_choices":[{"damage_healed":0.0,"max_hp_gain":0.0,"max_hp_loss":0.0,"gold_gain":0.0,"event_name":"Mushrooms","player_choice":"Fought Mushrooms","floor":13.0,"gold_loss":0.0,"damage_taken":0.0},{"damage_healed":0.0,"max_hp_gain":0.0,"max_hp_loss":0.0,"gold_gain":0.0,"event_name":"World of Goop","player_choice":"Left Gold","floor":14.0,"gold_loss":35.0,"damage_taken":0.0}],"is_beta":true,"boss_relics":[],"items_purged_floors":[],"is_endless":false,"potions_floor_spawned":[1,4,5,10,13],"killed_by":"Slime Boss","ascension_level":20}}