{"host":"359hz4210ybch7ku","time":1610218863,"event":{"mods":["BaseMod","Block Reminder","Colored Map","Colored Powertips","Highlight Path","Minty Spire (QoL Compilation)","Slay the Relics Exporter","StSLib"],"gold_per_floor":[113,113,130,130,146,146,176,176,230,230,244,274,274,285,285,384,384,395,395,395,413,338,24,24,24,24],"floor_reached":25,"playtime":2428,"items_purged":[],"score":298,"play_id":"e9cb95cb-eca0-4a2c-ad7b-960872c12315","local_time":"20210109110103","is_ascension_mode":true,"campfire_choices":[{"data":"Eruption","floor":6,"key":"SMITH"},{"data":"LikeWater","floor":8,"key":"SMITH"},{"data":"DeceiveReality","floor":10,"key":"SMITH"},{"data":"Prostrate","floor":15,"key":"SMITH"},{"floor":24,"key":"REST"}],"circlet_count":0,"master_deck":["Strike_P+1","Strike_P","Strike_P","Defend_P","Defend_P","Defend_P","Eruption+1","Vigilance","Protect","Prostrate+1","DeceiveReality+1","CrushJoints+1","LikeWater+1","ConjureBlade","Wireheading","InnerPeace+1","Necronomicurse","Nirvana","Nirvana"],"relics":["PureWater","Whetstone","Pen Nib","Bag of Preparation","Philosopher\u0027s Stone","Tiny Chest","Necronomicon","Molten Egg 2"],"acts_visited":["Exordium","TheCity"],"potions_floor_usage":[7,12,16,25],"damage_taken":[{"damage":0,"enemies":"2 Louse","floor":1,"turns":4},{"damage":4,"enemies":"Small Slimes","floor":3,"turns":5},{"damage":0,"enemies":"Jaw Worm","floor":5,"turns":6},{"damage":3,"enemies":"Lagavulin","floor":7,"turns":6},{"damage":1,"enemies":"Exordium Thugs","floor":11,"turns":6},{"damage":28,"enemies":"3 Sentries","floor":12,"turns":8},{"damage":0,"enemies":"2 Fungi Beasts","floor":14,"turns":2},{"damage":0,"enemies":"Hexaghost","floor":16,"turns":7},{"damage":27,"enemies":"3 Byrds","floor":18,"turns":6},{"damage":6,"enemies":"Chosen","floor":21,"turns":5},{"damage":47,"enemies":"Slavers","floor":25,"turns":4}],"seed_played":"283544721134159909","potions_obtained":[{"floor":3,"key":"Energy Potion"},{"floor":7,"key":"ColorlessPotion"},{"floor":12,"key":"ColorlessPotion"},{"floor":14,"key":"Swift Potion"},{"floor":18,"key":"StancePotion"}],"is_trial":false,"path_per_floor":["M","?","M","?","M","R","E","R","T","R","M","E","?","M","R","B",null,"M","?","?","M","?","$","R","E"],"character_chosen":"WATCHER","items_purchased":["Molten Egg 2","Nirvana"],"campfire_rested":1,"item_purchase_floors":[23,23],"current_hp_per_floor":[72,72,68,68,68,68,65,65,65,65,64,36,29,29,29,29,72,45,45,29,23,23,23,44,0,0],"gold":24,"neow_bonus":"THREE_CARDS","is_daily":false,"chose_seed":false,"campfire_upgraded":4,"win_rate":0.0,"timestamp":1610218863,"path_taken":["M","?","M","?","M","R","E","R","T","R","M","E","?","M","R","BOSS","M","?","?","?","?","$","R","E"],"items_purchased_type":["Relic","Card"],"build_version":"2020-12-22","purchased_purges":0,"victory":false,"max_hp_per_floor":[72,72,72,72,72,72,72,72,72,72,72,72,72,72,72,72,72,72,72,72,72,72,72,72,72,72],"card_choices":[{"not_picked":["EmptyMind","Tantrum"],"picked":"Protect","floor":0},{"not_picked":["Protect","Evaluate"],"picked":"Prostrate","floor":1},{"not_picked":["EmptyBody","ClearTheMind"],"picked":"DeceiveReality","floor":3},{"not_picked":["SashWhip","ClearTheMind"],"picked":"CrushJoints","floor":5},{"not_picked":["ClearTheMind","Indignation"],"picked":"LikeWater","floor":7},{"not_picked":["ThirdEye","BowlingBash","FlurryOfBlows"],"picked":"SKIP","floor":11},{"not_picked":["ClearTheMind","Crescendo"],"picked":"ConjureBlade","floor":12},{"not_picked":["FlyingSleeves","Indignation"],"picked":"Wireheading","floor":14},{"not_picked":["FlyingSleeves","CrushJoints+1"],"picked":"InnerPeace+1","floor":18},{"not_picked":["TalkToTheHand","FlyingSleeves"],"picked":"Nirvana","floor":21}],"player_experience":165182,"relics_obtained":[{"floor":7,"key":"Whetstone"},{"floor":9,"key":"Pen Nib"},{"floor":12,"key":"Bag of Preparation"},{"floor":20,"key":"Necronomicon"}],"event_choices":[{"cards_removed":["Strike_P"],"damage_healed":0,"gold_gain":0,"player_choice":"Forget","damage_taken":0,"max_hp_gain":0,"max_hp_loss":0,"event_name":"Living Wall","floor":2,"gold_loss":0},{"damage_healed":0,"gold_gain":0,"player_choice":"Ignored","damage_taken":0,"max_hp_gain":0,"max_hp_loss":0,"event_name":"Liars Game","floor":4,"gold_loss":0},{"cards_removed":["Defend_P"],"damage_healed":0,"gold_gain":0,"player_choice":"Card Removal","damage_taken":7,"max_hp_gain":0,"max_hp_loss":0,"event_name":"Golden Wing","floor":13,"gold_loss":0},{"damage_healed":0,"gold_gain":0,"player_choice":"Opened","damage_taken":0,"relics_obtained":["Tiny Chest"],"max_hp_gain":0,"max_hp_loss":0,"event_name":"The Mausoleum","floor":19,"gold_loss":0,"cards_obtained":["Writhe"]},{"damage_healed":0,"gold_gain":0,"player_choice":"Obtained Book","damage_taken":16,"max_hp_gain":0,"max_hp_loss":0,"event_name":"Cursed Tome","floor":20,"gold_loss":0},{"cards_removed":["Writhe"],"damage_healed":0,"gold_gain":0,"player_choice":"Gave Gold","damage_taken":0,"max_hp_gain":0,"max_hp_loss":0,"event_name":"Beggar","floor":22,"gold_loss":75}],"is_beta":false,"boss_relics":[{"not_picked":["Fusion Hammer","Runic Dome"],"picked":"Philosopher\u0027s Stone"}],"items_purged_floors":[],"is_endless":false,"potions_floor_spawned":[3,7,12,14,18],"killed_by":"Slavers","ascension_level":3}}