{"host":"ig7tc0uedzltt2sr","time":1610233485,"event":{"mods":["BaseMod","Better Twitch Integration","Block Reminder","Colored Map","Colored Powertips","Communication Mod","Current Relic Mod","GifTheSpireLib","HexUI Lib","Minty Spire (QoL Compilation)","Quick Restart","Random Character Button","Rare Cards Sparkle","Relic Sorter","Relic Stats","Slay the Relics Exporter","StSLib","SuperFastMode","Synergy Search","Twitch Decklist","Twitch Utils","everything is the same but u backflip on backflip","slay the spire mod where everything is the same but ironclad has a cowboy hat"],"gold_per_floor":[119,67,78,78,78,78,78,93,93,93,105,117,134,145,145,145,145],"floor_reached":16,"playtime":75,"items_purged":[],"score":94,"play_id":"1ff16647-2ac4-4729-bdf0-06b18e6f2d01","local_time":"20210109150445","is_ascension_mode":false,"campfire_choices":[{"data":"Strike_R","floor":6,"key":"SMITH"},{"floor":15,"key":"RECALL"}],"circlet_count":0,"master_deck":["Strike_R+1","Strike_R","Strike_R","Strike_R","Strike_R","Defend_R","Defend_R","Defend_R","Defend_R","Bash","Reckless Charge","Searing Blow","Whirlwind","Fire Breathing","Fire Breathing"],"relics":["Burning Blood","NeowsBlessing","Matryoshka"],"acts_visited":["Exordium"],"potions_floor_usage":[],"damage_taken":[{"damage":0,"enemies":"Cultist","floor":1,"turns":1},{"damage":6,"enemies":"Small Slimes","floor":3,"turns":2},{"damage":0,"enemies":"2 Louse","floor":8,"turns":2},{"damage":34,"enemies":"2 Fungi Beasts","floor":11,"turns":8},{"damage":28,"enemies":"Exordium Wildlife","floor":12,"turns":7},{"damage":12,"enemies":"Looter","floor":13,"turns":4},{"damage":13,"enemies":"2 Fungi Beasts","floor":14,"turns":4},{"damage":35,"enemies":"Slime Boss","floor":16,"turns":3}],"seed_played":"-5315148840371631407","potions_obtained":[{"floor":1,"key":"ElixirPotion"},{"floor":8,"key":"ElixirPotion"},{"floor":13,"key":"ColorlessPotion"}],"is_trial":false,"path_per_floor":["M","$","M","$","?","R","?","M","T","?","M","M","M","M","R","B"],"character_chosen":"IRONCLAD","items_purchased":["PowerPotion"],"campfire_rested":0,"item_purchase_floors":[2],"current_hp_per_floor":[80,80,80,80,80,80,80,80,80,80,52,30,24,17,17,0,0],"gold":145,"neow_bonus":"THREE_ENEMY_KILL","is_daily":false,"chose_seed":false,"campfire_upgraded":1,"win_rate":0.0,"timestamp":1610233485,"path_taken":["M","$","M","?","?","R","?","M","T","?","M","M","M","M","R","BOSS"],"items_purchased_type":["Potion"],"build_version":"2020-12-22","purchased_purges":0,"victory":false,"max_hp_per_floor":[80,80,80,80,80,80,80,80,80,80,80,80,80,80,80,80,80],"relic_stats":{"counters":[8,31],"obtain_stats":[{"Matryoshka":9,"NeowsBlessing":0,"Burning Blood":0},{"Matryoshka":3,"NeowsBlessing":0,"Burning Blood":0},{"Matryoshka":5,"NeowsBlessing":0,"Burning Blood":0}],"Burning Blood":30},"card_choices":[{"not_picked":["Bloodletting","Cleave"],"picked":"Reckless Charge","floor":1},{"not_picked":["Sword Boomerang","Thunderclap"],"picked":"Searing Blow","floor":3},{"not_picked":["Pummel","Second Wind","Pommel Strike"],"picked":"SKIP","floor":8},{"not_picked":["Clash","Clothesline"],"picked":"Whirlwind","floor":11},{"not_picked":["Cleave","Battle Trance"],"picked":"Fire Breathing","floor":12},{"not_picked":["Battle Trance","Shrug It Off","Rampage"],"picked":"SKIP","floor":13},{"not_picked":["Body Slam","Armaments"],"picked":"Fire Breathing","floor":14}],"player_experience":1473299,"relics_obtained":[{"floor":9,"key":"Matryoshka"}],"event_choices":[{"damage_healed":0,"gold_gain":0,"player_choice":"Ignored","damage_taken":0,"max_hp_gain":0,"max_hp_loss":0,"event_name":"Golden Idol","floor":5,"gold_loss":0},{"damage_healed":0,"gold_gain":0,"player_choice":"Leave","damage_taken":0,"max_hp_gain":0,"max_hp_loss":0,"event_name":"The Cleric","floor":7,"gold_loss":0},{"damage_healed":0,"gold_gain":0,"player_choice":"Ignored","damage_taken":0,"max_hp_gain":0,"max_hp_loss":0,"event_name":"Shining Light","floor":10,"gold_loss":0}],"is_beta":false,"boss_relics":[],"items_purged_floors":[],"is_endless":false,"potions_floor_spawned":[1,8,13],"killed_by":"Slime Boss","ascension_level":0}}