{"host":"lg1piimdyocafd6j","time":1610198555,"event":{"mods":["AchievementEnabler","BaseMod","Better Third Choice","BetterRewards","Colored Map","Colored Powertips","Downfall","Minty Spire (QoL Compilation)","Quick Restart","Rare Cards Sparkle","Remove Card Discount Mod","Shop Mod","StSLib","SuperFastMode"],"gold_per_floor":[117,115,115,134,309,342,361,361,361,376,451,451,451,462,462,564,564,578,578,578],"floor_reached":19,"playtime":963,"items_purged":["Strike_G","Strike_G","Defend_G","Defend_G","Neutralize","Strike_G","Strike_G","Strike_G","Defend_G"],"score":167,"play_id":"2f00b89d-df5b-4122-b007-b188e1cd2f7c","local_time":"20210109142235","is_ascension_mode":false,"campfire_choices":[{"floor":12,"key":"REST"},{"floor":15,"key":"REST"}],"circlet_count":0,"master_deck":["Defend_G","Defend_G","Survivor","Deflect","Caltrops","Caltrops","Envenom","Finisher","Slice","Noxious Fumes","Blur","Blade Dance","Slice","Cloak And Dagger","Blade Dance","Doubt","Dodge and Roll","Quick Slash","Blur","Blur","Burst","Infinite Blades+1"],"relics":["Ring of the Snake","Orrery","TwistedFunnel","White Beast Statue","MealTicket","SlaversCollar"],"acts_visited":["Exordium","TheCity"],"potions_floor_usage":[16,16,16,18],"damage_taken":[{"damage":6,"enemies":"Jaw Worm","floor":1,"turns":3},{"damage":0,"enemies":"2 Louse","floor":4,"turns":2},{"damage":50,"enemies":"Gremlin Nob","floor":6,"turns":4},{"damage":0,"enemies":"Small Slimes","floor":7,"turns":3},{"damage":0,"enemies":"Looter","floor":10,"turns":4},{"damage":1,"enemies":"3 Louse","floor":14,"turns":3},{"damage":41,"enemies":"Slime Boss","floor":16,"turns":6},{"damage":35,"enemies":"Spheric Guardian","floor":18,"turns":6},{"damage":0,"enemies":"2 Thieves","floor":19,"turns":1}],"seed_played":"97242947793385895","potions_obtained":[{"floor":1,"key":"LiquidBronze"},{"floor":6,"key":"Strength Potion"},{"floor":7,"key":"champ:CounterPotion"},{"floor":16,"key":"Poison Potion"},{"floor":18,"key":"AttackPotion"}],"is_trial":false,"path_per_floor":["M","$","?","M","?","E","M","T","T","M","?","R","?","M","R","B",null,"M","M"],"character_chosen":"THE_SILENT","items_purchased":["Deflect","Caltrops","Caltrops","Orrery","Blade Dance","Slice","TwistedFunnel"],"campfire_rested":2,"item_purchase_floors":[0,0,0,0,0,0,0],"current_hp_per_floor":[64,64,64,64,64,14,14,14,14,14,3,24,47,46,67,26,70,35,35,35],"gold":578,"neow_bonus":"","is_daily":false,"chose_seed":true,"campfire_upgraded":0,"win_rate":0.0,"timestamp":1610198555,"path_taken":["M","$","?","M","?","E","M","?","T","M","?","R","?","M","R","BOSS","M","M"],"items_purchased_type":["Card","Card","Card","Relic","Card","Card","Relic"],"build_version":"2020-12-22","purchased_purges":9,"victory":false,"max_hp_per_floor":[70,70,70,70,70,70,70,70,70,70,70,70,70,70,70,70,70,70,70,70],"card_choices":[{"not_picked":["Blade Dance","Riddle With Holes"],"picked":"Envenom","floor":0},{"not_picked":["Prepared","Reflex"],"picked":"Finisher","floor":0},{"not_picked":["Adrenaline","Sucker Punch"],"picked":"Slice","floor":0},{"not_picked":["Acrobatics","Expertise"],"picked":"Noxious Fumes","floor":0},{"not_picked":["Venomology","Dash"],"picked":"Blur","floor":0},{"not_picked":["Quick Slash","Underhanded Strike"],"picked":"Cloak And Dagger","floor":1},{"not_picked":["Underhanded Strike","All Out Attack"],"picked":"Blade Dance","floor":4},{"not_picked":["PiercingWail","Prepared"],"picked":"Dodge and Roll","floor":6},{"not_picked":["Footwork","Expertise"],"picked":"Quick Slash","floor":7},{"not_picked":["Accuracy","Quick Slash"],"picked":"Blur","floor":10},{"not_picked":["All Out Attack","Prepared"],"picked":"Blur","floor":14},{"not_picked":["Glass Knife","After Image"],"picked":"Burst","floor":16},{"not_picked":["Leg Sweep","PiercingWail"],"picked":"Infinite Blades+1","floor":18}],"player_experience":115980,"relics_obtained":[{"floor":6,"key":"White Beast Statue"},{"floor":9,"key":"MealTicket"}],"event_choices":[{"damage_healed":0,"gold_gain":0,"player_choice":"Leave","damage_taken":0,"max_hp_gain":0,"max_hp_loss":0,"event_name":"The Cleric","floor":3,"gold_loss":0},{"damage_healed":0,"gold_gain":175,"player_choice":"AGREE","damage_taken":134,"max_hp_gain":0,"max_hp_loss":0,"event_name":"betterThird:BetterSerpent","floor":5,"gold_loss":0},{"damage_healed":0,"gold_gain":75,"player_choice":"Gold","damage_taken":11,"max_hp_gain":0,"max_hp_loss":0,"event_name":"betterThird:BetterGoop","floor":11,"gold_loss":0},{"damage_healed":23,"gold_gain":0,"player_choice":"Banana","damage_taken":0,"max_hp_gain":0,"max_hp_loss":0,"event_name":"Big Fish","floor":13,"gold_loss":0}],"is_beta":false,"boss_relics":[{"not_picked":["Philosopher\u0027s Stone","Cursed Key"],"picked":"SlaversCollar"}],"items_purged_floors":[0,0,0,0,0,0,0,0,2],"is_endless":false,"potions_floor_spawned":[1,6,7,10,14,16,18],"killed_by":"2 Thieves","ascension_level":0}}