{"host":"d9m9v0h6vo0edadb","time":1610191096,"event":{"mods":["BaseMod","Hermit","Keyboard Shortcuts","Minty Spire (QoL Compilation)","StSLib","SuperFastMode","The Cursed"],"gold_per_floor":[110,35,35,35,45,77,77,77,106,180,180,215,226,261,271,271,350,350,370,97,110,110,126,126,136,165,165,165,107,107,135,155,155,155,155],"floor_reached":34,"playtime":456,"items_purged":["Strike_B","Strike_B"],"score":886,"play_id":"521abea4-3e00-4c7e-8e29-1cec966cd5a4","local_time":"20210109201816","is_ascension_mode":true,"campfire_choices":[{"data":"Lockon","floor":7.0,"key":"SMITH"},{"data":"Dualcast","floor":11.0,"key":"SMITH"},{"data":"Fusion","floor":16.0,"key":"SMITH"},{"data":"Coolheaded","floor":24,"key":"SMITH"},{"data":"Capacitor","floor":28,"key":"SMITH"},{"floor":33,"key":"REST"}],"circlet_count":0,"master_deck":["AscendersBane","Strike_B","Strike_B","Defend_B","Defend_B","Defend_B","Defend_B","Zap+1","Dualcast+1","Go for the Eyes","Lockon+1","Rip and Tear","Ball Lightning","Capacitor+1","Gash","Fusion+1","Meteor Strike","Barrage+1","Coolheaded+1","Glacier","Auto Shields","Coolheaded","Decay","Cold Snap","FTL"],"relics":["Cracked Core","NeowsBlessing","Bronze Scales","Vajra","Shuriken","Meat on the Bone","PreservedInsect","Nuclear Battery","OrangePellets","Happy Flower","Bird Faced Urn","Orichalcum"],"acts_visited":["Exordium","TheCity"],"potions_floor_usage":[22,26,26,32,34],"damage_taken":[{"damage":0.0,"enemies":"2 Louse","floor":1.0,"turns":1.0},{"damage":0.0,"enemies":"Cultist","floor":5.0,"turns":1.0},{"damage":0.0,"enemies":"3 Sentries","floor":6.0,"turns":1.0},{"damage":20.0,"enemies":"Lagavulin","floor":9.0,"turns":5.0},{"damage":15.0,"enemies":"3 Sentries","floor":12.0,"turns":4.0},{"damage":2.0,"enemies":"Jaw Worm","floor":13.0,"turns":2.0},{"damage":0.0,"enemies":"Gremlin Nob","floor":14.0,"turns":2.0},{"damage":10.0,"enemies":"Red Slaver","floor":15.0,"turns":2.0},{"damage":0.0,"enemies":"Slime Boss","floor":17.0,"turns":5.0},{"damage":41.0,"enemies":"Shell Parasite","floor":19.0,"turns":5.0},{"damage":13,"enemies":"Chosen","floor":21,"turns":4},{"damage":25,"enemies":"Snake Plant","floor":23,"turns":2},{"damage":17,"enemies":"3 Cultists","floor":25,"turns":4},{"damage":0,"enemies":"Gremlin Leader","floor":26,"turns":5},{"damage":37,"enemies":"Book of Stabbing","floor":31,"turns":4},{"damage":13,"enemies":"Shelled Parasite and Fungi","floor":32,"turns":3},{"damage":54,"enemies":"Automaton","floor":34,"turns":8}],"seed_played":"4589769552344196777","potions_obtained":[{"floor":5.0,"key":"EntropicBrew"},{"floor":13.0,"key":"Swift Potion"},{"floor":14.0,"key":"AttackPotion"},{"floor":19.0,"key":"LiquidBronze"},{"floor":22,"key":"Fruit Juice"},{"floor":22,"key":"Dexterity Potion"},{"floor":31,"key":"Weak Potion"},{"floor":32,"key":"AttackPotion"}],"is_trial":false,"path_per_floor":["M","$","?","?","M","E","R","$","E","T","R","E","M","E","M","R","B",null,"M","$","M","?","M","R","M","E","T","R","$","?","E","M","R","B"],"character_chosen":"DEFECT","items_purchased":["OrangePellets","Coolheaded"],"campfire_rested":1,"item_purchase_floors":[20,29],"current_hp_per_floor":[64,64,69,69,69,69,69,69,49,49,49,34,44,44,46,46,46,69,40,40,39,44,31,31,26,38,38,38,38,38,15,16,40,0,0],"gold":155,"neow_bonus":"THREE_ENEMY_KILL","is_daily":false,"chose_seed":false,"campfire_upgraded":5,"win_rate":0.0,"timestamp":1610191096,"path_taken":["M","$","?","?","M","E","R","$","E","T","R","E","?","E","M","R","BOSS","M","$","M","?","M","R","?","E","T","R","$","?","E","M","R","BOSS"],"items_purchased_type":["Relic","Card"],"build_version":"2020-12-22","purchased_purges":2,"victory":false,"max_hp_per_floor":[71,71,76,76,76,76,76,76,76,76,76,76,76,76,76,76,76,76,76,76,76,81,81,81,81,81,81,81,81,81,81,81,81,81,81],"card_choices":[{"not_picked":["Rebound","Hologram"],"picked":"Go for the Eyes","floor":1.0},{"not_picked":["Compile Driver","Conserve Battery"],"picked":"Lockon","floor":5.0},{"not_picked":["Go for the Eyes","Turbo"],"picked":"Rip and Tear","floor":6.0},{"not_picked":["Conserve Battery","Consume"],"picked":"Ball Lightning","floor":9.0},{"not_picked":["Genetic Algorithm","Fission"],"picked":"Capacitor","floor":12.0},{"not_picked":["Beam Cell","Rip and Tear"],"picked":"Gash","floor":13.0},{"not_picked":["Scrape","Aggregate","Reinforced Body"],"picked":"SKIP","floor":14.0},{"not_picked":["Rebound","Static Discharge"],"picked":"Fusion","floor":15.0},{"not_picked":["Hyperbeam","Rainbow"],"picked":"Meteor Strike","floor":17.0},{"not_picked":["Lockon+1","Steam","Hologram"],"picked":"SKIP","floor":19.0},{"not_picked":["Redo","Beam Cell"],"picked":"Barrage+1","floor":21},{"not_picked":["Rainbow","Double Energy"],"picked":"Coolheaded","floor":23},{"not_picked":["Heatsinks","Ball Lightning"],"picked":"Glacier","floor":25},{"not_picked":["Static Discharge","Rebound"],"picked":"Auto Shields","floor":26},{"not_picked":["Go for the Eyes","Stack"],"picked":"Cold Snap","floor":31},{"not_picked":["Coolheaded","Stack"],"picked":"FTL","floor":32}],"player_experience":956701,"relics_obtained":[{"floor":6.0,"key":"Bronze Scales"},{"floor":9.0,"key":"Vajra"},{"floor":10.0,"key":"Shuriken"},{"floor":12.0,"key":"Meat on the Bone"},{"floor":14.0,"key":"PreservedInsect"},{"floor":26,"key":"Happy Flower"},{"floor":27,"key":"Bird Faced Urn"},{"floor":31,"key":"Orichalcum"}],"event_choices":[{"damage_healed":0.0,"max_hp_gain":5.0,"max_hp_loss":0.0,"gold_gain":0.0,"event_name":"Big Fish","player_choice":"Donut","floor":3.0,"gold_loss":0.0,"damage_taken":0.0},{"damage_healed":0.0,"max_hp_gain":0.0,"max_hp_loss":0.0,"gold_gain":0.0,"event_name":"Upgrade Shrine","player_choice":"Upgraded","floor":4.0,"gold_loss":0.0,"damage_taken":0.0,"cards_upgraded":["Zap"]},{"damage_healed":0,"gold_gain":0,"player_choice":"Got Potions","damage_taken":0,"max_hp_gain":0,"max_hp_loss":0,"event_name":"Lab","floor":22,"gold_loss":0},{"damage_healed":0,"gold_gain":0,"player_choice":"Smashed Altar","damage_taken":0,"max_hp_gain":0,"max_hp_loss":0,"event_name":"Forgotten Altar","floor":30,"gold_loss":0,"cards_obtained":["Decay"]}],"is_beta":false,"boss_relics":[{"not_picked":["Busted Crown","Snecko Eye"],"picked":"Nuclear Battery"}],"items_purged_floors":[2,20],"is_endless":false,"potions_floor_spawned":[5,13,14,19,23,31,32],"killed_by":"Automaton","ascension_level":20}}