{"host":"t7kiqd0mabx5u6gq","time":1610214289,"event":{"mods":["AchievementEnabler","Aspiration","BaseMod","Conspire","Dota2Spire","GifTheSpireLib","Halation","Hubris","Infinite Spire","Minty Spire (QoL Compilation)","Quarter Circle Forward PUNCH!","Quick Restart","Replay The Spire","StSLib","Stuff the Spire","vexMod"],"gold_per_floor":[118,118,71,71,71,101,101,129,129,46,46,64,99,116,116,213,213,225,225,200,6,26,54,54,54,54,54,84,5,36,55,55,154,154,172,18,18,33,33,59,59,77,102,136,149,149,164,176,176,176],"floor_reached":51,"playtime":1460,"items_purged":["hubris:Sloth"],"score":1096,"play_id":"1db1cfa6-be86-45a0-a64f-553158e10b36","local_time":"20210109094449","is_ascension_mode":true,"campfire_choices":[{"data":"Dagger Spray","floor":7.0,"key":"SMITH"},{"data":"Escape Plan","floor":15.0,"key":"SMITH"},{"data":"After Image","floor":25.0,"key":"SMITH"},{"floor":32.0,"key":"DIG"},{"data":"hubris:Fate","floor":41.0,"key":"SMITH"},{"data":"Consecrate","floor":46,"key":"SMITH"},{"data":"Malaise","floor":49,"key":"SMITH"}],"circlet_count":0,"master_deck":["Strike_G+1","Strike_G+1","Strike_G+1","Strike_G+1","Strike_G+1","Defend_G+1","Defend_G+1","Defend_G+1","Defend_G+1","Defend_G+1","Survivor","Neutralize","Dagger Spray+1","Deflect","Dagger Spray+1","Quick Slash+1","Escape Plan+1","Underhanded Strike","Acrobatics","Backstab+1","Blade Dance","Blade Dance","Malaise+1","hubris:Sniper+1","Prepared","Dodge and Roll","After Image+1","hubris:Fate+1","Stack","Noxious Fumes","Predator+1","StuffTheSpire:Injection+1","Footwork+1","StuffTheSpire:Shiver+1","Consecrate+1","BootSequence+1","Sentinel+1","Pommel Strike","Cleave+1","BowlingBash+1","Crippling Poison+1","Underhanded Strike+1"],"relics":["Ring of the Snake","NeowsBlessing","hubris:Icosahedron","halation:Trompette","qcfpunch:Army_Boots","Dota2Spire:EtherealBlade","ReplayTheSpireMod:CursedCoin","Dota2Spire:Vanguard","Dota2Spire:RefresherOrb","Whetstone","halation:AfternoonTea","Blood Vial","StuffTheSpire:Experiment12","PrismaticShard","Omamori","Replay:Towering Pillar of Hats","Dota2Spire:MonkeyKingBar","Astrolabe","Dota2Spire:MaskOfMadness","halation:PinkSoulGem","ReplayTheSpireMod:Shallot","infinitespire:PuzzleCube","Dota2Spire:UrnOfShadows","Ginger"],"acts_visited":["Exordium","TheCity","TheBeyond"],"potions_floor_usage":[],"damage_taken":[{"damage":0.0,"enemies":"Cultist","floor":1.0,"turns":1.0},{"damage":0.0,"enemies":"Gremlin Nob","floor":6.0,"turns":1.0},{"damage":0.0,"enemies":"3 Sentries","floor":8.0,"turns":1.0},{"damage":0.0,"enemies":"Small Slimes","floor":12.0,"turns":2.0},{"damage":20.0,"enemies":"Gremlin Nob","floor":13.0,"turns":4.0},{"damage":0.0,"enemies":"Jaw Worm","floor":14.0,"turns":1.0},{"damage":16.0,"enemies":"Slime Boss","floor":16.0,"turns":12.0},{"damage":0.0,"enemies":"3 Byrds","floor":18.0,"turns":3.0},{"damage":0.0,"enemies":"Shell Parasite","floor":22.0,"turns":3.0},{"damage":13.0,"enemies":"Gremlin Leader","floor":23.0,"turns":8.0},{"damage":0.0,"enemies":"Replay:Snechameleon","floor":28.0,"turns":5.0},{"damage":0.0,"enemies":"conspire:Head Lice","floor":30.0,"turns":7.0},{"damage":0.0,"enemies":"Snecko","floor":31.0,"turns":7.0},{"damage":2.0,"enemies":"conspire:MysteriousRune","floor":33.0,"turns":9.0},{"damage":0.0,"enemies":"3 Darklings","floor":35.0,"turns":3.0},{"damage":0.0,"enemies":"Orb Walker","floor":38.0,"turns":2.0},{"damage":0.0,"enemies":"Nemesis","floor":40.0,"turns":7.0},{"damage":0.0,"enemies":"Jaw Worm Horde","floor":42.0,"turns":3.0},{"damage":5.0,"enemies":"Reptomancer","floor":44.0,"turns":5.0},{"damage":0,"enemies":"Transient","floor":45,"turns":5},{"damage":0,"enemies":"Writhing Mass","floor":47,"turns":6},{"damage":0,"enemies":"Spire Growth","floor":48,"turns":6},{"damage":0,"enemies":"infinitespire:MassOfShapes","floor":50,"turns":4}],"seed_played":"7107244522039598254","potions_obtained":[{"floor":6.0,"key":"PowerPotion"},{"floor":8.0,"key":"AttackPotion"},{"floor":14.0,"key":"ColorlessPotion"},{"floor":22.0,"key":"PowerPotion"},{"floor":30.0,"key":"LifebloodPotion"},{"floor":31.0,"key":"PowerPotion"},{"floor":33.0,"key":"AttackPotion"},{"floor":35.0,"key":"Ancient Potion"},{"floor":38.0,"key":"Venom Potion"},{"floor":44,"key":"Block Potion"},{"floor":45,"key":"Death Potion"}],"is_trial":false,"path_per_floor":["M","$","$","?","?","E","R","E","T","$","?","M","E","M","R","B",null,"M","?","?","$","M","E","AVR","R","T","?","E","$","E","M","R","B",null,"M","$","?","M","AVR","E","R","M","T","E","M","R","M","M","R","B",null],"character_chosen":"THE_SILENT","items_purchased":["Deflect","ReplayTheSpireMod:CursedCoin","Escape Plan","Underhanded Strike","Acrobatics","Whetstone","Prepared","Noxious Fumes","Dota2Spire:MaskOfMadness"],"campfire_rested":0,"item_purchase_floors":[3,10,10,10,10,21,21,29,36],"current_hp_per_floor":[63,63,63,49,49,49,49,49,49,49,49,59,39,39,39,23,58,58,58,58,58,58,57,57,57,57,49,51,51,53,70,70,68,70,70,70,70,70,70,70,70,70,70,65,67,67,69,70,70,70],"gold":176,"neow_bonus":"THREE_ENEMY_KILL","is_daily":false,"chose_seed":false,"campfire_upgraded":6,"win_rate":0.0,"timestamp":1610214289,"path_taken":["M","?","$","?","?","E","R","E","T","$","?","M","E","M","R","BOSS","M","?","?","$","M","E","AVR","R","T","?","E","?","E","?","R","BOSS","M","$","?","M","AVR","E","R","M","T","E","M","R","M","M","R","BOSS"],"items_purchased_type":["Card","Relic","Card","Card","Card","Relic","Card","Card","Relic"],"build_version":"2020-12-22","purchased_purges":1,"victory":true,"max_hp_per_floor":[70,70,70,70,70,70,70,70,70,70,70,70,70,70,70,70,70,70,70,70,70,70,70,70,70,70,70,70,70,70,70,70,70,70,70,70,70,70,70,70,70,70,70,70,70,70,70,70,70,70],"card_choices":[{"not_picked":["StuffTheSpire:Python","Hidden Blade"],"picked":"Dagger Spray","floor":1.0},{"not_picked":["ReplayTheSpireMod:Tripwire","Toxin Wave"],"picked":"Dagger Spray","floor":6.0},{"not_picked":["hubris:TrickCloak","Choke"],"picked":"Quick Slash","floor":8.0},{"not_picked":["Poisoned Stab","StuffTheSpire:Python"],"picked":"Backstab","floor":12.0},{"not_picked":["Deflect","Sneak Up"],"picked":"Blade Dance","floor":13.0},{"not_picked":["StuffTheSpire:MirrorStance","Backflip"],"picked":"Blade Dance","floor":14.0},{"not_picked":["Wraith Form v2","Night Terror"],"picked":"Malaise","floor":16.0},{"not_picked":["Draining Mist","Masterful Stab+1"],"picked":"hubris:Sniper+1","floor":18.0},{"not_picked":["StuffTheSpire:Incursion","Blur"],"picked":"Dodge and Roll","floor":22.0},{"not_picked":["Crippling Poison","StuffTheSpire:Python"],"picked":"After Image","floor":23.0},{"not_picked":["StuffTheSpire:BumpUp","ReplayTheSpireMod:Tripwire"],"picked":"StuffTheSpire:ClusterCrunch","floor":27.0},{"not_picked":["ReplayTheSpireMod:Strike From Hell","Perfected Strike"],"picked":"Stack","floor":28.0},{"not_picked":["StuffTheSpire:Purify","Blizzard"],"picked":"Predator+1","floor":30.0},{"not_picked":["Anger","Bane"],"picked":"StuffTheSpire:Slingshot","floor":31.0},{"not_picked":["Replay:Dark Deal","hubris:DoWhile"],"picked":"Immolate","floor":33.0},{"not_picked":["Flying Knee","Fire Breathing"],"picked":"Consecrate","floor":35.0},{"not_picked":["SashWhip+1","Worship+1"],"picked":"BootSequence+1","floor":38.0},{"not_picked":["Wild Strike+1","PathToVictory"],"picked":"Sentinel+1","floor":40.0},{"not_picked":["Fasting2+1","Sever Soul"],"picked":"Pommel Strike","floor":42.0},{"not_picked":["ReplayTheSpireMod:From All Sides","Wild Strike"],"picked":"Cleave+1","floor":44},{"not_picked":["Cleave+1","Finisher"],"picked":"BowlingBash+1","floor":45},{"not_picked":["Run Through","StuffTheSpire:Fury+1"],"picked":"Crippling Poison+1","floor":47},{"not_picked":["ReplayTheSpireMod:System Scan","Deadly Poison+1"],"picked":"Underhanded Strike+1","floor":48}],"player_experience":573295,"relics_obtained":[{"floor":6.0,"key":"halation:Trompette"},{"floor":8.0,"key":"qcfpunch:Army_Boots"},{"floor":9.0,"key":"Dota2Spire:EtherealBlade"},{"floor":13.0,"key":"Dota2Spire:Vanguard"},{"floor":23.0,"key":"halation:AfternoonTea"},{"floor":26.0,"key":"StuffTheSpire:Experiment12"},{"floor":27.0,"key":"PrismaticShard"},{"floor":28.0,"key":"Omamori"},{"floor":30.0,"key":"Replay:Towering Pillar of Hats"},{"floor":32.0,"key":"Dota2Spire:MonkeyKingBar"},{"floor":40.0,"key":"infinitespire:PuzzleCube"},{"floor":43.0,"key":"Dota2Spire:UrnOfShadows"},{"floor":44,"key":"Ginger"}],"event_choices":[{"damage_healed":0.0,"max_hp_gain":0.0,"max_hp_loss":0.0,"gold_gain":0.0,"event_name":"Shining Light","player_choice":"Entered Light","floor":4.0,"gold_loss":0.0,"damage_taken":14.0,"cards_upgraded":["Strike_G","Dagger Spray"]},{"damage_healed":0.0,"max_hp_gain":0.0,"max_hp_loss":0.0,"gold_gain":0.0,"event_name":"The Cleric","player_choice":"Leave","floor":11.0,"gold_loss":0.0,"damage_taken":0.0},{"damage_healed":0.0,"max_hp_gain":0.0,"max_hp_loss":0.0,"gold_gain":0.0,"event_name":"Back to Basics","player_choice":"Simplicity","floor":19.0,"gold_loss":0.0,"damage_taken":0.0,"cards_upgraded":["Strike_G","Strike_G","Strike_G","Strike_G","Defend_G","Defend_G","Defend_G","Defend_G","Defend_G"]}],"is_beta":false,"boss_relics":[{"not_picked":["halation:PinkAlligatorPlush","conspire:SlowCooker"],"picked":"Dota2Spire:RefresherOrb"},{"not_picked":["halation:Yufonium","ReplayTheSpireMod:DimensionalGlitch"],"picked":"Astrolabe"}],"items_purged_floors":[10],"is_endless":false,"potions_floor_spawned":[6,8,14,22,30,31,33,35,38,44,45],"ascension_level":9}}