{"host":"anpwk55bj6rntrcq","time":1610222216,"event":{"mods":["Act Like it!","BaseMod","BetterRewards","GifTheSpireLib","Hermit","Hubris","Kratos Character Expansion","Minty Spire (QoL Compilation)","Replay The Spire","Robot Space Explorer","SCP261 Mod","StSLib","The Blackbeard","The Death Knight","The Exalted","The Necromancer","The Servant 0.9.4"],"gold_per_floor":[143,119,135,151,151,151,171,204,272,272,307,307,323,336,336,432,432,372,372,372,372,372,372,372,73,73,73,73,73,73,73,73,73,73,73,73,73,73,0,0,0,0,0,0,0,0,0,0,0,0],"floor_reached":51,"playtime":2501,"items_purged":[],"score":931,"play_id":"1e9c794d-cfff-4418-b89b-f072c8fb7e08","local_time":"20210109145656","is_ascension_mode":false,"campfire_choices":[{"floor":6.0,"key":"REST"},{"floor":12.0,"key":"REST"},{"floor":15.0,"key":"REST"},{"data":"KratosMod:Roll","floor":24,"key":"SMITH"},{"data":"KratosMod:BladeWhip","floor":32,"key":"SMITH"},{"data":"KratosMod:tartarusrage","floor":40,"key":"SMITH"},{"data":"KratosMod:styx+1","floor":44,"key":"PURGE"},{"data":"KratosMod:cyclone","floor":46,"key":"SMITH"},{"data":"KratosMod:clawsofhades","floor":49,"key":"SMITH"}],"circlet_count":0,"master_deck":["KratosMod:Strike_K+1","KratosMod:Strike_K+1","KratosMod:Strike_K+1","KratosMod:Strike_K+1","KratosMod:Defend_K","KratosMod:Defend_K","KratosMod:Defend_K","KratosMod:Defend_K","KratosMod:cyclone+1","KratosMod:AthenaBane","KratosMod:BladeWhip","KratosMod:clawsofhades+1","KratosMod:BladeWhip+1","KratosMod:Tempor","KratosMod:Revenge+1","KratosMod:Endure","KratosMod:clawsofhades","KratosMod:BladeWhip","KratosMod:tartarusrage+1","KratosMod:Tempor","KratosMod:Roll+1","KratosMod:ShieldBash+1","KratosMod:clawsofhades","KratosMod:ShieldBash+1","KratosMod:Endure+1","KratosMod:ShieldBash+1","KratosMod:Roll+1","KratosMod:ShieldBash+1","KratosMod:clawsofhades+1","KratosMod:Tempor+1"],"relics":["KratosMod:eagle","Durian","Ancient Tea Set","Bromod:ArcaneDeflection","Replay:Ringing Soul","Ectoplasm","InkBottle","Golden Egg","ReplayTheSpireMod:TigerMarble","Strawberry","hubris:HollowSoul","Red Mask","Peace Pipe","hubris:Icosahedron","hubris:BottledRain","Bromod:ArcaneAwakening"],"acts_visited":["Exordium","TheCity","TheBeyond"],"potions_floor_usage":[22,27,30,33,35,47],"damage_taken":[{"damage":6.0,"enemies":"Small Slimes","floor":1.0,"turns":3.0},{"damage":1.0,"enemies":"2 Louse","floor":3.0,"turns":2.0},{"damage":1.0,"enemies":"Cultist","floor":4.0,"turns":3.0},{"damage":0.0,"enemies":"Large Slime","floor":7.0,"turns":4.0},{"damage":22.0,"enemies":"3 Sentries","floor":8.0,"turns":5.0},{"damage":16.0,"enemies":"Gremlin Nob","floor":11.0,"turns":4.0},{"damage":0.0,"enemies":"Gremlin Gang","floor":13.0,"turns":3.0},{"damage":24.0,"enemies":"Blue Slaver","floor":14.0,"turns":3.0},{"damage":31.0,"enemies":"Fading Forest","floor":16.0,"turns":11.0},{"damage":40.0,"enemies":"2 Thieves","floor":18.0,"turns":4.0},{"damage":23,"enemies":"3 Byrds","floor":20,"turns":6},{"damage":5,"enemies":"Snake Plant","floor":22,"turns":2},{"damage":0,"enemies":"theDuelist:KaibaA2","floor":23,"turns":1},{"damage":1,"enemies":"Cultist and Chosen","floor":27,"turns":3},{"damage":17,"enemies":"Book of Stabbing","floor":28,"turns":4},{"damage":12,"enemies":"Centurion and Healer","floor":29,"turns":6},{"damage":11,"enemies":"Snake Plant","floor":30,"turns":4},{"damage":9,"enemies":"Shelled Parasite and Fungi","floor":31,"turns":3},{"damage":0,"enemies":"Automaton","floor":33,"turns":3},{"damage":24,"enemies":"3 Darklings","floor":35,"turns":4},{"damage":0,"enemies":"Orb Walker","floor":36,"turns":3},{"damage":10,"enemies":"Jaw Worm Horde","floor":38,"turns":2},{"damage":5,"enemies":"Writhing Mass","floor":45,"turns":4},{"damage":40,"enemies":"Nemesis","floor":47,"turns":5},{"damage":9,"enemies":"Sphere and 2 Shapes","floor":48,"turns":3},{"damage":19,"enemies":"hubris:GrandSnecko","floor":50,"turns":7}],"seed_played":"-148077800525264380","potions_obtained":[{"floor":4.0,"key":"Explosive Potion"},{"floor":7.0,"key":"PowerPotion"},{"floor":11.0,"key":"AttackPotion"},{"floor":14.0,"key":"Energy Potion"},{"floor":20,"key":"DeathKnight:RimePotion"},{"floor":22,"key":"AttackPotion"},{"floor":23,"key":"LiquidBronze"},{"floor":27,"key":"SCP261:DewritoBlazePotion"},{"floor":30,"key":"DuplicationPotion"},{"floor":31,"key":"ColorlessPotion"}],"is_trial":false,"path_per_floor":["M","?","M","M","?","R","M","E","T","?","E","R","M","M","R","B",null,"M","?","M","?","M","E","R","$","T","M","E","M","M","M","R","B",null,"M","M","?","M","?","R","T","?","T","R","M","R","E","M","R","B",null],"character_chosen":"KRATOS","items_purchased":["Golden Egg","KratosMod:ShieldBash+1"],"campfire_rested":3,"item_purchase_floors":[25,25],"current_hp_per_floor":[60,60,59,66,38,59,65,65,65,65,58,74,77,68,80,83,83,75,75,65,59,57,60,60,63,63,101,108,108,107,114,114,117,117,112,120,120,110,110,110,110,110,110,110,123,123,123,117,117,126],"gold":0,"neow_bonus":"TEN_PERCENT_HP_BONUS","is_daily":false,"chose_seed":false,"campfire_upgraded":5,"win_rate":0.0,"timestamp":1610222216,"path_taken":["M","?","M","M","?","R","M","E","T","?","E","R","M","M","R","BOSS","M","?","M","?","M","E","R","$","T","M","E","M","M","M","R","BOSS","M","?","?","?","?","R","?","?","T","R","M","R","E","M","R","BOSS"],"items_purchased_type":["Relic","Card"],"build_version":"2020-12-22","purchased_purges":0,"victory":true,"max_hp_per_floor":[66,66,66,66,71,71,71,71,71,71,74,74,77,80,80,83,83,86,86,89,89,92,95,95,98,98,101,108,108,111,114,114,117,117,117,120,120,120,120,120,120,120,120,120,123,123,123,126,126,126],"card_choices":[{"not_picked":["KratosMod:Endure","KratosMod:ShieldBash"],"picked":"KratosMod:BladeWhip","floor":1.0},{"not_picked":["KratosMod:Roll","KratosMod:SmashStone"],"picked":"KratosMod:clawsofhades","floor":3.0},{"not_picked":["KratosMod:Roll","KratosMod:rattle"],"picked":"KratosMod:BladeWhip","floor":4.0},{"not_picked":["KratosMod:settle","KratosMod:Roll"],"picked":"KratosMod:Tempor","floor":7.0},{"not_picked":["KratosMod:SmashStone","KratosMod:Roll"],"picked":"KratosMod:Revenge","floor":8.0},{"not_picked":["KratosMod:conjuresoul","KratosMod:SmashStone"],"picked":"KratosMod:Endure","floor":11.0},{"not_picked":["KratosMod:BladeWhip","KratosMod:ShieldBash"],"picked":"KratosMod:clawsofhades","floor":13.0},{"not_picked":["KratosMod:conjuresoul","KratosMod:SmashStone"],"picked":"KratosMod:BladeWhip","floor":14.0},{"not_picked":["KratosMod:styx","KratosMod:ablockalypse"],"picked":"KratosMod:tartarusrage","floor":16.0},{"not_picked":["KratosMod:BladeWhip","KratosMod:settle"],"picked":"KratosMod:Tempor","floor":18},{"not_picked":["KratosMod:Tempor","KratosMod:SmashStone"],"picked":"KratosMod:Roll","floor":20},{"not_picked":["KratosMod:Roll","KratosMod:Endure"],"picked":"KratosMod:ShieldBash+1","floor":22},{"not_picked":["KratosMod:ShieldBash","KratosMod:settle"],"picked":"KratosMod:clawsofhades","floor":23},{"not_picked":["KratosMod:Roll","KratosMod:clawsofhades"],"picked":"KratosMod:Endure+1","floor":27},{"not_picked":["KratosMod:kBerserk","KratosMod:clawsofhades","KratosMod:ShieldBash"],"picked":"SKIP","floor":28},{"not_picked":["KratosMod:Tempor","KratosMod:Roll","KratosMod:rattle"],"picked":"SKIP","floor":29},{"not_picked":["KratosMod:Endure","KratosMod:settle"],"picked":"KratosMod:ShieldBash+1","floor":30},{"not_picked":["KratosMod:Endure","KratosMod:clawsofhades"],"picked":"KratosMod:Roll+1","floor":31},{"not_picked":["KratosMod:tartarusrage","KratosMod:ablockalypse"],"picked":"KratosMod:styx","floor":33},{"not_picked":["KratosMod:Endure","KratosMod:SmashStone+1","KratosMod:Tempor"],"picked":"SKIP","floor":35},{"not_picked":["KratosMod:rattle","KratosMod:Tempor"],"picked":"KratosMod:ShieldBash+1","floor":36},{"not_picked":["KratosMod:Endure+1","KratosMod:settle+1","KratosMod:ShieldBash"],"picked":"SKIP","floor":38},{"not_picked":["KratosMod:Tempor","KratosMod:SmashStone+1"],"picked":"KratosMod:clawsofhades+1","floor":45},{"not_picked":["KratosMod:clawsofhades","KratosMod:kBerserk","KratosMod:ShieldBash"],"picked":"SKIP","floor":47},{"not_picked":["KratosMod:BladeWhip","KratosMod:settle"],"picked":"KratosMod:Tempor+1","floor":48}],"player_experience":372699,"relics_obtained":[{"floor":8.0,"key":"Ancient Tea Set"},{"floor":9.0,"key":"Bromod:ArcaneDeflection"},{"floor":11.0,"key":"Replay:Ringing Soul"},{"floor":23,"key":"InkBottle"},{"floor":26,"key":"ReplayTheSpireMod:TigerMarble"},{"floor":28,"key":"Strawberry"},{"floor":41,"key":"Peace Pipe"},{"floor":43,"key":"hubris:BottledRain"},{"floor":47,"key":"Bromod:ArcaneAwakening"}],"event_choices":[{"damage_healed":0.0,"max_hp_gain":0.0,"max_hp_loss":0.0,"gold_gain":0.0,"event_name":"World of Goop","player_choice":"Left Gold","floor":2.0,"gold_loss":24.0,"damage_taken":0.0},{"damage_healed":0.0,"max_hp_gain":0.0,"max_hp_loss":0.0,"gold_gain":0.0,"event_name":"Scrap Ooze","player_choice":"Success","floor":5.0,"gold_loss":0.0,"damage_taken":33.0,"relics_obtained":["Durian"]},{"damage_healed":0.0,"max_hp_gain":0.0,"max_hp_loss":0.0,"gold_gain":0.0,"event_name":"Living Wall","player_choice":"Grow","floor":10.0,"gold_loss":0.0,"damage_taken":0.0,"cards_upgraded":["KratosMod:Revenge"]},{"damage_healed":0,"gold_gain":0,"player_choice":"Simplicity","damage_taken":0,"max_hp_gain":0,"max_hp_loss":0,"event_name":"Back to Basics","floor":19,"gold_loss":0,"cards_upgraded":["KratosMod:Strike_K","KratosMod:Strike_K","KratosMod:Strike_K","KratosMod:Strike_K"]},{"damage_healed":0,"gold_gain":0,"player_choice":"","damage_taken":6,"max_hp_gain":0,"max_hp_loss":0,"event_name":"Knowing Skull","floor":21,"potions_obtained":[],"gold_loss":0,"cards_obtained":[]},{"damage_healed":0,"gold_gain":100,"player_choice":"Pray","damage_taken":0,"max_hp_gain":0,"max_hp_loss":0,"event_name":"Golden Shrine","floor":37,"gold_loss":0},{"damage_healed":0,"gold_gain":0,"player_choice":"Paid","damage_taken":0,"relics_obtained":["Red Mask"],"max_hp_gain":0,"max_hp_loss":0,"event_name":"Tomb of Lord Red Mask","floor":39,"gold_loss":73}],"is_beta":false,"boss_relics":[{"not_picked":["Calling Bell","Fusion Hammer"],"picked":"Ectoplasm"},{"not_picked":["Bromod:ArcaneBarrier","Painkiller Herb"],"picked":"hubris:HollowSoul"}],"items_purged_floors":[],"is_endless":false,"potions_floor_spawned":[4,7,11,14,20,22,23,27,30,31,38],"ascension_level":0}}