{"host":"qrt7o4dq2qslzw13","time":1610208624,"event":{"mods":["AchievementEnabler","BaseMod","Colored Map","Colored Powertips","Minty Spire (QoL Compilation)","Quick Restart","StSLib","SuperFastMode"],"gold_per_floor":[117,117,0,0,18,59,59,59,106,141,141,165,165,165,165,293,293,318,20,43,43,59,59,158,158,210,210,225,245,258,258,258,384,384,397,397,420,420,33,33,69,69,69,69,69,95,113,113,113,113],"floor_reached":51,"playtime":1613,"items_purged":[],"score":1130,"play_id":"77568fe1-cd59-4972-b59f-bc24f7d04589","local_time":"20210109111024","is_ascension_mode":true,"campfire_choices":[{"data":"Footwork","floor":7.0,"key":"SMITH"},{"floor":11.0,"key":"REST"},{"data":"Accuracy","floor":13.0,"key":"SMITH"},{"data":"Blade Dance","floor":15.0,"key":"SMITH"},{"data":"Wraith Form v2","floor":23.0,"key":"SMITH"},{"data":"Envenom","floor":25.0,"key":"SMITH"},{"data":"Setup","floor":27.0,"key":"SMITH"},{"floor":32.0,"key":"REST"},{"data":"Panache","floor":40.0,"key":"SMITH"},{"floor":44.0,"key":"REST"},{"floor":49.0,"key":"REST"}],"circlet_count":0,"master_deck":["AscendersBane","Survivor+1","Neutralize+1","Escape Plan+1","Blade Dance+1","Footwork+1","Escape Plan+1","Cloak And Dagger+1","Acrobatics+1","Accuracy+1","Malaise+1","Envenom+1","Malaise+1","Crippling Poison+1","Caltrops+1","Cloak And Dagger+1","Setup+1","Quick Slash+1","Predator+1","Wraith Form v2+1","Panache+1","Tactician+1","Acrobatics+1","Tactician+1","Backstab+1","Reflex+1","Cloak And Dagger+1","PiercingWail+1","Bullet Time+1","Deflect+1","Blind+1","Trip+1","Jack Of All Trades+1","Master of Strategy+1","Blade Dance+1","Calculated Gamble+1"],"relics":["Ring of the Serpent","NeowsBlessing","Golden Idol","Pear","Spirit Poop","Orichalcum","PreservedInsect","Meat on the Bone","Pandora\u0027s Box","Toxic Egg 2","Dream Catcher","Ginger","Nunchaku","Bottled Tornado","Vajra","Mark of the Bloom"],"acts_visited":["Exordium","TheCity","TheBeyond"],"potions_floor_usage":[50,50],"damage_taken":[{"damage":0.0,"enemies":"Small Slimes","floor":1.0,"turns":1.0},{"damage":0.0,"enemies":"2 Louse","floor":5.0,"turns":1.0},{"damage":0.0,"enemies":"Lagavulin","floor":6.0,"turns":1.0},{"damage":11.0,"enemies":"3 Sentries","floor":10.0,"turns":13.0},{"damage":0.0,"enemies":"Cultist","floor":12.0,"turns":4.0},{"damage":44.0,"enemies":"Hexaghost","floor":16.0,"turns":12.0},{"damage":4.0,"enemies":"3 Byrds","floor":18.0,"turns":5.0},{"damage":8.0,"enemies":"Spheric Guardian","floor":20.0,"turns":4.0},{"damage":17.0,"enemies":"Chosen and Byrds","floor":22.0,"turns":7.0},{"damage":25.0,"enemies":"Shelled Parasite and Fungi","floor":28.0,"turns":7.0},{"damage":18.0,"enemies":"Snecko","floor":29.0,"turns":7.0},{"damage":7.0,"enemies":"Snake Plant","floor":30.0,"turns":6.0},{"damage":21.0,"enemies":"Champ","floor":33.0,"turns":8.0},{"damage":1.0,"enemies":"3 Darklings","floor":35.0,"turns":4.0},{"damage":3.0,"enemies":"Orb Walker","floor":37.0,"turns":4.0},{"damage":0.0,"enemies":"Giant Head","floor":41.0,"turns":6.0},{"damage":16.0,"enemies":"Jaw Worm Horde","floor":47.0,"turns":2.0},{"damage":36,"enemies":"Donu and Deca","floor":50,"turns":5}],"seed_played":"-5919845073443350396","potions_obtained":[{"floor":1.0,"key":"Strength Potion"},{"floor":12.0,"key":"Dexterity Potion"},{"floor":16.0,"key":"SkillPotion"},{"floor":18.0,"key":"Regen Potion"},{"floor":30.0,"key":"SneckoOil"},{"floor":33.0,"key":"Poison Potion"},{"floor":37.0,"key":"Explosive Potion"},{"floor":47.0,"key":"SteroidPotion"}],"is_trial":false,"path_per_floor":["M","?","$","?","M","E","R","?","T","E","R","M","R","T","R","B",null,"M","$","M","?","M","R","?","R","T","R","M","M","M","?","R","B",null,"M","?","M","?","$","R","E","?","T","R","$","T","M","?","R","B",null],"character_chosen":"THE_SILENT","items_purchased":["Blade Dance","Footwork","Panache","Tactician","Acrobatics","Ginger","Blind+1"],"campfire_rested":4,"item_purchase_floors":[3,3,19,19,19,39,39],"current_hp_per_floor":[63,49,49,49,49,59,59,59,59,48,72,72,72,72,72,40,70,66,66,70,70,53,53,53,53,53,53,40,34,39,39,63,42,71,70,70,67,67,67,67,67,57,57,80,80,80,64,64,64,28],"gold":113,"neow_bonus":"THREE_ENEMY_KILL","is_daily":false,"chose_seed":false,"campfire_upgraded":7,"win_rate":0.0,"timestamp":1610208624,"path_taken":["M","?","$","?","M","E","R","?","T","E","R","?","R","?","R","BOSS","M","$","M","?","M","R","?","R","T","R","M","M","M","?","R","BOSS","M","?","M","?","$","R","E","?","T","R","$","?","?","?","R","BOSS"],"items_purchased_type":["Card","Card","Card","Card","Card","Relic","Card"],"build_version":"2020-12-22","purchased_purges":0,"victory":true,"max_hp_per_floor":[70,70,70,70,70,80,80,80,80,80,80,80,80,80,80,80,80,80,80,80,80,80,80,80,80,80,80,80,80,80,80,80,80,80,80,80,80,80,80,80,80,80,80,80,80,80,80,80,80,80],"card_choices":[{"not_picked":["Flechettes","Leg Sweep"],"picked":"Escape Plan","floor":1.0},{"not_picked":["Concentrate","Dagger Throw"],"picked":"Escape Plan","floor":5.0},{"not_picked":["Deadly Poison","Dodge and Roll"],"picked":"Cloak And Dagger","floor":6.0},{"not_picked":["Endless Agony","Noxious Fumes"],"picked":"Acrobatics","floor":10.0},{"not_picked":["Caltrops","Outmaneuver"],"picked":"Accuracy","floor":12.0},{"not_picked":["Wraith Form v2","Grand Finale"],"picked":"Malaise","floor":16.0},{"not_picked":["Bouncing Flask","Heel Hook","Underhanded Strike"],"picked":"SKIP","floor":18.0},{"not_picked":["Cloak And Dagger","Backflip"],"picked":"Tactician","floor":20.0},{"not_picked":["Flying Knee","Bouncing Flask+1"],"picked":"Backstab","floor":22.0},{"not_picked":["PiercingWail+1","Setup+1"],"picked":"Reflex+1","floor":28.0},{"not_picked":["Dagger Spray","All Out Attack"],"picked":"Slice","floor":29.0},{"not_picked":["Expertise+1","Unload"],"picked":"Cloak And Dagger+1","floor":30.0},{"not_picked":["Heel Hook","Dagger Spray"],"picked":"PiercingWail+1","floor":32.0},{"not_picked":["Corpse Explosion+1","Storm of Steel+1"],"picked":"Bullet Time+1","floor":33.0},{"not_picked":["Acrobatics+1","Crippling Poison+1"],"picked":"Deflect+1","floor":35.0},{"not_picked":["Bouncing Flask+1","Underhanded Strike+1","Eviscerate+1"],"picked":"SKIP","floor":37.0},{"not_picked":["Blade Dance+1","Cloak And Dagger+1","Heel Hook+1"],"picked":"SKIP","floor":41.0},{"not_picked":["PanicButton+1","HandOfGreed"],"picked":"Trip+1","floor":42.0},{"not_picked":["Madness+1","Secret Weapon+1"],"picked":"Jack Of All Trades+1","floor":42.0},{"not_picked":["Dark Shackles+1","Mayhem"],"picked":"Master of Strategy+1","floor":42.0},{"not_picked":["Slice+1","All Out Attack"],"picked":"Blade Dance+1","floor":47.0},{"not_picked":["PiercingWail+1","Bane"],"picked":"Calculated Gamble+1","floor":49.0}],"player_experience":528555,"relics_obtained":[{"floor":6.0,"key":"Pear"},{"floor":9.0,"key":"Orichalcum"},{"floor":10.0,"key":"PreservedInsect"},{"floor":14.0,"key":"Meat on the Bone"},{"floor":26.0,"key":"Dream Catcher"},{"floor":41.0,"key":"Nunchaku"},{"floor":43.0,"key":"Bottled Tornado"},{"floor":46.0,"key":"Vajra"}],"event_choices":[{"damage_healed":0.0,"max_hp_gain":0.0,"max_hp_loss":0.0,"gold_gain":0.0,"event_name":"Shining Light","player_choice":"Entered Light","floor":2.0,"gold_loss":0.0,"damage_taken":14.0,"cards_upgraded":["Defend_G","Defend_G"]},{"damage_healed":0.0,"max_hp_gain":0.0,"max_hp_loss":0.0,"gold_gain":0.0,"event_name":"Golden Idol","player_choice":"Take Wound","floor":4.0,"gold_loss":0.0,"damage_taken":0.0,"relics_obtained":["Golden Idol"],"cards_obtained":["Injury"]},{"cards_removed":["Injury"],"damage_healed":0.0,"max_hp_gain":0.0,"max_hp_loss":0.0,"gold_gain":0.0,"event_name":"Bonfire Elementals","player_choice":"Offered Curse","floor":8.0,"gold_loss":0.0,"damage_taken":0.0,"relics_obtained":["Spirit Poop"]},{"damage_healed":0.0,"max_hp_gain":0.0,"max_hp_loss":0.0,"gold_gain":0.0,"event_name":"The Mausoleum","player_choice":"Opened","floor":21.0,"gold_loss":0.0,"damage_taken":0.0,"relics_obtained":["Toxic Egg 2"]},{"damage_healed":0.0,"max_hp_gain":0.0,"max_hp_loss":0.0,"gold_gain":99.0,"event_name":"Nest","player_choice":"Stole From Cult","floor":24.0,"gold_loss":0.0,"damage_taken":0.0},{"cards_removed":["Crippling Poison"],"damage_healed":0.0,"max_hp_gain":0.0,"max_hp_loss":0.0,"gold_gain":0.0,"event_name":"Back to Basics","player_choice":"Elegance","floor":31.0,"gold_loss":0.0,"damage_taken":0.0},{"damage_healed":0.0,"max_hp_gain":0.0,"max_hp_loss":0.0,"gold_gain":0.0,"event_name":"Tomb of Lord Red Mask","player_choice":"Ignored","floor":36.0,"gold_loss":0.0,"damage_taken":0.0},{"cards_removed":["Slice"],"damage_healed":0.0,"max_hp_gain":0.0,"max_hp_loss":0.0,"gold_gain":0.0,"event_name":"Falling","player_choice":"Removed Attack","floor":38.0,"gold_loss":0.0,"damage_taken":0.0},{"damage_healed":0.0,"max_hp_gain":0.0,"max_hp_loss":0.0,"gold_gain":0.0,"event_name":"SensoryStone","player_choice":"Memory 3","floor":42.0,"gold_loss":0.0,"damage_taken":10.0},{"damage_healed":0.0,"max_hp_gain":0.0,"max_hp_loss":0.0,"gold_gain":0.0,"event_name":"MindBloom","player_choice":"Upgrade","floor":48.0,"gold_loss":0.0,"damage_taken":0.0,"cards_upgraded":["Survivor","Neutralize","Escape Plan","Escape Plan","Cloak And Dagger","Acrobatics","Malaise","Malaise","Crippling Poison","Caltrops","Cloak And Dagger","Quick Slash","Predator","Tactician","Acrobatics","Tactician","Backstab"],"relics_obtained":["Mark of the Bloom"]}],"is_beta":false,"boss_relics":[{"not_picked":["Sozu","Tiny House"],"picked":"Pandora\u0027s Box"},{"not_picked":["Velvet Choker","Runic Pyramid"],"picked":"Ring of the Serpent"}],"items_purged_floors":[],"is_endless":false,"potions_floor_spawned":[1,12,16,18,30,33,37,47],"ascension_level":10}}