{"host":"vjza61176pkzgzt7","time":1610222383,"event":{"mods":["BaseMod","Better Third Choice","Minty Spire (QoL Compilation)","StSLib","The Forsaken","The Senshi"],"gold_per_floor":[20,36,36,48,59,86,86,104,127,51,51,51,80,96,96,96,96],"floor_reached":16,"playtime":1473,"items_purged":[],"score":137,"play_id":"cff8dddb-74e6-4aa8-a527-1385b5d13c78","local_time":"20210109135943","is_ascension_mode":false,"campfire_choices":[{"floor":7,"key":"REST"},{"data":"theSenshi:VenusGlamour","floor":15,"key":"SMITH"}],"circlet_count":0,"master_deck":["theSenshi:SailorKick","theSenshi:SailorKick","theSenshi:SailorKick","theSenshi:SailorKick","theSenshi:SailorBlock","theSenshi:SailorBlock","theSenshi:SailorBlock","theSenshi:SailorBlock","theSenshi:RoseThrow","theSenshi:MoonPrismPowerMakeUp","theSenshi:DramaticEntrance","theSenshi:TallSilhouette","theSenshi:RainbowMoonHeartAche","theSenshi:VenusGlamour+1","theSenshi:MoonHealingEscalation","theSenshi:LunaWiseMentor","theSenshi:CrisisMakeUp+1","theSenshi:EncouragingSpeech"],"relics":["theSenshi:TransformationBroochRelic","Boot","Bag of Preparation","Oddly Smooth Stone","GremlinMask","Strawberry"],"acts_visited":["Exordium"],"potions_floor_usage":[6,13,13,16],"damage_taken":[{"damage":0,"enemies":"Small Slimes","floor":1,"turns":3},{"damage":0,"enemies":"Cultist","floor":2,"turns":4},{"damage":1,"enemies":"Jaw Worm","floor":4,"turns":5},{"damage":8,"enemies":"Looter","floor":5,"turns":4},{"damage":45,"enemies":"Lagavulin","floor":6,"turns":7},{"damage":0,"enemies":"Lots of Slimes","floor":8,"turns":1},{"damage":27,"enemies":"Gremlin Nob","floor":13,"turns":5},{"damage":10,"enemies":"3 Louse","floor":14,"turns":4},{"damage":51,"enemies":"Hexaghost","floor":16,"turns":14}],"seed_played":"-7626546811735794119","potions_obtained":[{"floor":1,"key":"PowerPotion"},{"floor":2,"key":"Weak Potion"},{"floor":6,"key":"BlessingOfTheForge"},{"floor":13,"key":"SpeedPotion"}],"is_trial":false,"path_per_floor":["M","M","?","M","M","E","R","M","T","$","?","?","E","M","R","B"],"character_chosen":"THE_SENSHI","items_purchased":["theSenshi:CrisisMakeUp"],"campfire_rested":1,"item_purchase_floors":[10],"current_hp_per_floor":[89,89,89,88,80,35,61,61,61,61,61,61,41,31,31,0,0],"gold":96,"neow_bonus":"TWENTY_PERCENT_HP_BONUS","is_daily":false,"chose_seed":false,"campfire_upgraded":1,"win_rate":0.0,"timestamp":1610222383,"path_taken":["M","M","?","M","?","E","R","M","T","?","?","?","E","M","R","BOSS"],"items_purchased_type":["Card"],"build_version":"2020-12-22","purchased_purges":0,"victory":false,"max_hp_per_floor":[89,89,89,89,89,89,89,89,89,89,89,89,96,96,96,96,96],"card_choices":[{"not_picked":["theSenshi:KlutzyLuck","theSenshi:SailorNeptuneAssists"],"picked":"theSenshi:DramaticEntrance","floor":1},{"not_picked":["theSenshi:SailorPlanetAttack","theSenshi:SchoolBag"],"picked":"theSenshi:TallSilhouette","floor":2},{"not_picked":["theSenshi:SailorMarsAssists","theSenshi:EncouragingSpeech"],"picked":"theSenshi:RainbowMoonHeartAche","floor":4},{"not_picked":["theSenshi:SailorVenusAssists","theSenshi:Sidestep"],"picked":"theSenshi:VenusGlamour","floor":5},{"not_picked":["theSenshi:MercurysCunning","theSenshi:SchoolBag"],"picked":"theSenshi:MoonHealingEscalation","floor":6},{"not_picked":["theSenshi:MoonPower","theSenshi:TuxedoMaskAssists"],"picked":"theSenshi:LunaWiseMentor","floor":8},{"not_picked":["theSenshi:LunasBite","theSenshi:SailorJupiterAssists"],"picked":"theSenshi:EncouragingSpeech","floor":13},{"not_picked":["theSenshi:SailorStarFighterAssists","theSenshi:SailorPlanetAttack","theSenshi:LunasBite"],"picked":"SKIP","floor":14}],"player_experience":199752,"relics_obtained":[{"floor":3,"key":"Boot"},{"floor":6,"key":"Bag of Preparation"},{"floor":9,"key":"Oddly Smooth Stone"},{"floor":13,"key":"Strawberry"}],"event_choices":[{"damage_healed":0,"gold_gain":0,"player_choice":"Relic","damage_taken":0,"max_hp_gain":0,"max_hp_loss":0,"event_name":"Wheel of Change","floor":3,"gold_loss":0},{"damage_healed":0,"gold_gain":0,"player_choice":"Grow","damage_taken":0,"max_hp_gain":0,"max_hp_loss":0,"event_name":"Living Wall","floor":11,"gold_loss":0,"cards_upgraded":["theSenshi:CrisisMakeUp"]},{"damage_healed":0,"gold_gain":0,"player_choice":"Trade","damage_taken":0,"relics_obtained":["GremlinMask"],"max_hp_gain":0,"max_hp_loss":0,"event_name":"FaceTrader","floor":12,"gold_loss":0}],"is_beta":false,"boss_relics":[],"items_purged_floors":[],"is_endless":false,"potions_floor_spawned":[1,2,6,13],"killed_by":"Hexaghost","ascension_level":0}}