{"host":"vca5odlxycr7xk6d","time":1610213279,"event":{"mods":["Act Like it!","BaseMod","Better Note","BetterRewards","Colored Map","Gensokyo","GungeonMod","Hermit","Hubris","Infinite Spire","Lobotomy","LobotomyExtend","Marisa????????","Minty Spire (QoL Compilation)","Rare Cards Sparkle","Reimu??????","Replay The Spire","Shop Mod","StSLib","The Animator","The Exalted","The Hierophant"],"gold_per_floor":[115,115,115,125,75,101,113,138,138,138,158,192,41,66,66,175,175,188,88,368,380,399,399,423,456,504,542,549,549,561,587,587,698,698,719,337,352,389,143,143,187,187,239,239,275,300,300,342,342,349],"floor_reached":51,"playtime":2579,"items_purged":["DemoMod:Strike_Huntress","DemoMod:Strike_Huntress","DemoMod:Defend_Huntress","DemoMod:RustySidearm"],"score":767,"play_id":"d8d51cb2-cb9b-4791-aff3-dabeb0b12525","local_time":"20210110002759","is_ascension_mode":false,"campfire_choices":[{"data":"DemoMod:Polaris","floor":10,"key":"SMITH"},{"data":"hermit:Scavenge","floor":15,"key":"SMITH"},{"data":"hermit:Glare","floor":23,"key":"SMITH"},{"data":"DemoMod:HungryBullets","floor":29,"key":"SMITH"},{"floor":32,"key":"DIG"},{"data":"DemoMod:BSG","floor":40,"key":"SMITH"},{"data":"hermit:Scavenge","floor":42,"key":"SMITH"},{"data":"DemoMod:FightSabre","floor":44,"key":"SMITH"},{"data":"DemoMod:DoubleVision","floor":47,"key":"SMITH"},{"data":"DemoMod:Gungine","floor":49,"key":"SMITH"}],"circlet_count":0,"master_deck":["DemoMod:Defend_Huntress+1","DemoMod:Defend_Huntress","DemoMod:Roll","DemoMod:ManualReload+1","DemoMod:CrossBow","DemoMod:TeaPot","DemoMod:Polaris+1","DemoMod:BattleInHaste","hermit:Scavenge+1","DemoMod:Gungine+1","DemoMod:HungryBullets+1","hermit:Glare+1","DemoMod:FightSabre+1","DemoMod:ProbeStrike+1","DemoMod:ShadowBullets+1","hermit:LoneWolf","DemoMod:CursedBullets+1","DemoMod:BSG+1","CurseOfTheBell","hermit:Scavenge+1","DemoMod:DoubleVision+1"],"relics":["Coffee Dripper","hubris:DisguiseKit","LetterFromLob","War Paint","hubris:ToyBattleship","Sundial","DemoMod:ElasticCartridgeClip","DemoMod:HoleyGrail","LaetitiaHeart","Moonlight_r","infinitespire:ShieldingShard","Calling Bell","infinitespire:Satchel","StrikeDummy","DemoMod:HipHolster","infinitespire:Broken Mirror","BargainBundle","Happy Flower"],"acts_visited":["Exordium","TheCity","TheBeyond"],"potions_floor_usage":[6,12,25,35,50,50,50],"damage_taken":[{"damage":0,"enemies":"2 Louse","floor":1,"turns":3},{"damage":1,"enemies":"Small Slimes","floor":4,"turns":4},{"damage":16,"enemies":"3 Sentries","floor":6,"turns":12},{"damage":0,"enemies":"Jaw Worm","floor":7,"turns":3},{"damage":7,"enemies":"Lots of Slimes","floor":8,"turns":3},{"damage":4,"enemies":"Blue Slaver","floor":11,"turns":3},{"damage":0,"enemies":"Gremlin Nob","floor":12,"turns":2},{"damage":0,"enemies":"3 Louse","floor":14,"turns":2},{"damage":0,"enemies":"Fading Forest","floor":16,"turns":11},{"damage":0,"enemies":"Chosen","floor":18,"turns":1},{"damage":0,"enemies":"Shell Parasite","floor":21,"turns":1},{"damage":0,"enemies":"Snecko","floor":22,"turns":1},{"damage":0,"enemies":"Snake Plant","floor":24,"turns":2},{"damage":0,"enemies":"Cultist and Chosen","floor":25,"turns":2},{"damage":1,"enemies":"3 Cultists","floor":27,"turns":4},{"damage":0,"enemies":"Gremlin Leader","floor":28,"turns":2},{"damage":0,"enemies":"Gremlin Leader","floor":28,"turns":1},{"damage":2,"enemies":"Gremlin Leader","floor":28,"turns":2},{"damage":2,"enemies":"Gremlin Leader","floor":28,"turns":2},{"damage":0,"enemies":"Snecko","floor":30,"turns":1},{"damage":0,"enemies":"Centurion and Healer","floor":31,"turns":3},{"damage":19,"enemies":"Collector","floor":33,"turns":5},{"damage":0,"enemies":"3 Darklings","floor":35,"turns":2},{"damage":0,"enemies":"Orb Walker","floor":37,"turns":1},{"damage":0,"enemies":"Sphere and 2 Shapes","floor":38,"turns":3},{"damage":5,"enemies":"Jaw Worm Horde","floor":41,"turns":2},{"damage":0,"enemies":"Transient","floor":45,"turns":5},{"damage":15,"enemies":"4 Shapes","floor":46,"turns":2},{"damage":3,"enemies":"3 Darklings","floor":48,"turns":2},{"damage":29,"enemies":"hubris:GrandSnecko","floor":50,"turns":4}],"seed_played":"7584166369104238678","potions_obtained":[{"floor":1,"key":"EssenceOfSteel"},{"floor":6,"key":"Adrenaline Potion"},{"floor":8,"key":"Reflective Coating"},{"floor":14,"key":"Block Potion"},{"floor":21,"key":"DistilledChaos"},{"floor":25,"key":"Fruit Juice"},{"floor":31,"key":"Milkshake"},{"floor":33,"key":"SpeedPotion"},{"floor":37,"key":"SteroidPotion"},{"floor":48,"key":"DuplicationPotion"}],"is_trial":false,"path_per_floor":["M","?","?","M","?","E","M","M","T","R","M","E","$","M","R","B",null,"M","$","?","M","M","R","M","M","T","M","E","R","M","M","R_BF","B",null,"M","$","M","M","$","R","M","R","T","R","M","M","R","M","R","B",null],"character_chosen":"HUNTRESS","items_purchased":["DemoMod:HungryBullets","infinitespire:Broken Mirror","BargainBundle"],"campfire_rested":0,"item_purchase_floors":[13,36,39],"current_hp_per_floor":[70,63,63,62,62,46,46,39,39,39,35,35,35,35,35,35,70,70,70,70,70,70,70,70,75,75,74,42,42,42,42,42,23,75,75,75,75,75,75,75,70,70,70,70,70,55,55,52,52,23],"gold":356,"neow_bonus":"BOSS_RELIC","is_daily":false,"chose_seed":false,"campfire_upgraded":9,"win_rate":0.0,"timestamp":1610213279,"path_taken":["M","?","?","M","?","E","M","M","T","R","M","E","$","M","R","BOSS","M","$","?","M","M","R","M","M","T","M","E","R","M","M","R_BF","BOSS","M","$","M","M","?","R","M","R","T","R","M","M","R","M","R","BOSS"],"items_purchased_type":["Card","Relic","Relic"],"build_version":"2020-12-22","purchased_purges":4,"victory":true,"max_hp_per_floor":[70,70,70,70,70,70,70,70,70,70,70,70,70,70,70,70,70,70,70,70,70,70,70,70,75,75,75,75,75,75,75,75,75,75,75,75,75,75,75,75,75,75,75,75,75,75,75,75,75,75],"card_choices":[{"not_picked":["DemoMod:JK47","DemoMod:BattleInHaste"],"picked":"DemoMod:TeaPot","floor":1},{"not_picked":["DemoMod:DirectionalPad","DemoMod:ConditionalReflex","hermit:BodyArmor"],"picked":"DemoMod:Polaris","floor":4},{"not_picked":["DemoMod:Purify","DemoMod:FortunesFavor","hermit:SprayPray"],"picked":"DemoMod:BattleInHaste","floor":6},{"not_picked":["DemoMod:Unity","DemoMod:Polaris","DemoMod:SkilledReload"],"picked":"hermit:Scavenge","floor":7},{"not_picked":["DemoMod:Ejector","DemoMod:GunShield","DemoMod:SAA","hermit:BodyArmor"],"picked":"SKIP","floor":8},{"not_picked":["DemoMod:JK47","DemoMod:GunstockTap","hermit:Manifest"],"picked":"DemoMod:Gungine","floor":11},{"not_picked":["DemoMod:BattleInHaste","DemoMod:TeaPot","DemoMod:Unity","hermit:Ricochet"],"picked":"SKIP","floor":12},{"not_picked":["DemoMod:HuntsMan","DemoMod:SAA","DemoMod:PotionOfGunFriendShip"],"picked":"hermit:Glare","floor":14},{"not_picked":["DemoMod:Elimentaler","DemoMod:BulletBore","hermit:EternalForm"],"picked":"DemoMod:FightSabre","floor":16},{"not_picked":["DemoMod:DirectionalPad+1","DemoMod:PotionOfGunFriendShip","hermit:FullyLoaded"],"picked":"DemoMod:ProbeStrike+1","floor":18},{"not_picked":["DemoMod:Unity","DemoMod:HuntsMan","hermit:Dive"],"picked":"DemoMod:ShadowBullets","floor":21},{"not_picked":["DemoMod:PotionOfGunFriendShip","DemoMod:Ejector","DemoMod:FastSwitch","hermit:Combo"],"picked":"SKIP","floor":22},{"not_picked":["DemoMod:DoubleSwitch","DemoMod:SpreadAmmo+1","DemoMod:GunShield"],"picked":"hermit:LoneWolf","floor":24},{"not_picked":["DemoMod:GunstockTap","DemoMod:PotionOfGunFriendShip","hermit:Combo"],"picked":"DemoMod:CursedBullets","floor":25},{"not_picked":["DemoMod:AbyssalTentacle","DemoMod:ConditionalReflex","DemoMod:Ejector","hermit:Shortfuse"],"picked":"SKIP","floor":27},{"not_picked":["DemoMod:AbyssalTentacle","DemoMod:ProbeStrike","DemoMod:AWP","hermit:CursedWeapon"],"picked":"SKIP","floor":30},{"not_picked":["DemoMod:GunShield","DemoMod:TeaPot","DemoMod:Ejector+1","hermit:Showdown"],"picked":"SKIP","floor":31},{"not_picked":["DemoMod:ThirdPartyController","DemoMod:SuppressiveFire","hermit:Adapt"],"picked":"DemoMod:BSG","floor":33},{"not_picked":["DemoMod:PotionOfGunFriendShip+1","DemoMod:Ejector","DemoMod:BattleInHaste+1","hermit:Brawl"],"picked":"SKIP","floor":35},{"not_picked":["DemoMod:Unity+1","DemoMod:FeignSurrender+1","hermit:Dive"],"picked":"DemoMod:Purify","floor":37},{"not_picked":["DemoMod:DoubleSwitch+1","DemoMod:CursedBullets+1","DemoMod:ConditionalReflex"],"picked":"hermit:Scavenge","floor":38},{"not_picked":["DemoMod:TeaPot+1","DemoMod:DirectionalPad+1","DemoMod:DoubleSwitch","hermit:Dive"],"picked":"SKIP","floor":41},{"not_picked":["DemoMod:TableSutra","DemoMod:HardPowerCard","DemoMod:DoubleSwitch+1","hermit:Adapt"],"picked":"SKIP","floor":45},{"not_picked":["DemoMod:ProbeStrike","DemoMod:HuntsMan+1","hermit:Shortfuse"],"picked":"DemoMod:DoubleVision","floor":46},{"not_picked":["DemoMod:Camera+1","DemoMod:MegaHand+1","DemoMod:BoxingGlove","hermit:ShadowCloak"],"picked":"SKIP","floor":48}],"player_experience":497568,"relics_obtained":[{"floor":4,"key":"LetterFromLob"},{"floor":6,"key":"War Paint"},{"floor":9,"key":"hubris:ToyBattleship"},{"floor":12,"key":"Sundial"},{"floor":26,"key":"DemoMod:HoleyGrail"},{"floor":32,"key":"infinitespire:ShieldingShard"},{"floor":34,"key":"infinitespire:Satchel"},{"floor":34,"key":"StrikeDummy"},{"floor":34,"key":"DemoMod:HipHolster"},{"floor":43,"key":"Happy Flower"}],"event_choices":[{"cards_removed":["DemoMod:Strike_Huntress"],"damage_healed":0,"gold_gain":0,"player_choice":"Card Removal","damage_taken":7,"max_hp_gain":0,"max_hp_loss":0,"event_name":"Golden Wing","floor":2,"gold_loss":0},{"cards_removed":["hubris:Disease"],"damage_healed":0,"gold_gain":0,"player_choice":"Card Removal","damage_taken":0,"max_hp_gain":0,"max_hp_loss":0,"event_name":"The Cleric","floor":5,"gold_loss":50}],"is_beta":false,"boss_relics":[{"not_picked":["hubris:VirtuousBlindfold","Bromod:ArcaneGrace"],"picked":"DemoMod:ElasticCartridgeClip"},{"not_picked":["Replay:Wanted Poster","hubris:HollowSoul"],"picked":"Calling Bell"}],"items_purged_floors":[13,19,36,39],"is_endless":false,"potions_floor_spawned":[1,6,8,14,21,24,25,28,28,30,31,33,37,38,48],"ascension_level":0}}