{"host":"kev6uqotw4tlyx8l","time":1610183840,"event":{"mods":["Act Like it!","Aspiration","BaseMod","Colored Powertips","Dota2Spire","Downfall","Hallownest","Infinite Spire","Marisa????????","Minty Spire (QoL Compilation)","Quick Restart","Remilia??????","Replay The Spire","StSLib","The Cursed","The Jungle","The Marked","The Mystic","The Servant 0.9.4"],"gold_per_floor":[116,216,233,233,213,240,240,257,338,352,352,380,40,40,40,135,135,145,145,145,155,155,155,155,155,155,155,172,183,183],"floor_reached":29,"playtime":1130,"items_purged":[],"score":256,"play_id":"647b6d50-d0b3-42fe-b2e6-4dc57e81d9d8","local_time":"20210109161720","is_ascension_mode":false,"campfire_choices":[{"data":"Fusion","floor":7.0,"key":"SMITH"},{"data":"Rebound","floor":11.0,"key":"SMITH"},{"floor":15.0,"key":"REST"},{"data":"Echo Form","floor":23.0,"key":"SMITH"},{"data":"Streamline","floor":25.0,"key":"SMITH"},{"data":"Streamline","floor":27.0,"key":"SMITH"}],"circlet_count":0,"master_deck":["Defend_B","Defend_B","Defend_B","Defend_B","Zap","Dualcast","Beam Cell","Panic Button+1","Fusion+1","Streamline+1","Rebound+1","Streamline+1","Sweeping Beam","Echo Form+1","Stack","Redo+1","Delirium","Slimebound:Tackle+1","Slimebound:Tackle+1","Slimebound:Tackle+1","Compile Driver","Gash"],"relics":["Cracked Core","NeowsBlessing","Oddly Smooth Stone","Dota2Spire:PhaseBoots","Dota2Spire:CrimsonGuard","Gremlin Food","aspiration:HatOfInfinitePower","Cauldron","aspiration:RitualStick","Ring of Peace","Blood Vial"],"acts_visited":["Exordium","TheCity"],"potions_floor_usage":[],"damage_taken":[{"damage":0.0,"enemies":"Jaw Worm","floor":1.0,"turns":1.0},{"damage":0.0,"enemies":"Cultist","floor":3.0,"turns":1.0},{"damage":0.0,"enemies":"Gremlin Nob","floor":6.0,"turns":1.0},{"damage":10.0,"enemies":"Small Slimes","floor":8.0,"turns":2.0},{"damage":1.0,"enemies":"Blue Slaver","floor":10.0,"turns":3.0},{"damage":30.0,"enemies":"Lagavulin","floor":12.0,"turns":4.0},{"damage":25.0,"enemies":"Fading Forest","floor":16.0,"turns":11.0},{"damage":3.0,"enemies":"3 Byrds","floor":18.0,"turns":4.0},{"damage":20.0,"enemies":"Spheric Guardian","floor":21.0,"turns":4.0},{"damage":3.0,"enemies":"Snecko","floor":28.0,"turns":4.0},{"damage":7.0,"enemies":"Cultist and Chosen","floor":29.0,"turns":5.0}],"seed_played":"458091059421874633","potions_obtained":[{"floor":1.0,"key":"SkillPotion"},{"floor":3.0,"key":"Regen Potion"},{"floor":5.0,"key":"Fire Potion"},{"floor":10.0,"key":"Guardian:BlockOnCardUsePotion"},{"floor":16.0,"key":"Fruit Juice"},{"floor":18.0,"key":"Milkshake"},{"floor":19.0,"key":"LifebloodPotion"},{"floor":19.0,"key":"LifebloodPotion"},{"floor":28.0,"key":"Dexterity Potion"}],"is_trial":false,"path_per_floor":["M","?","M","?","?","E","R","M","T","M","R","E","$","?","R","B",null,"M","AVR","?","M","?","R","?","R","T","R","M","M"],"character_chosen":"DEFECT","items_purchased":["aspiration:HatOfInfinitePower","Sweeping Beam"],"campfire_rested":1,"item_purchase_floors":[13,13],"current_hp_per_floor":[75,75,75,72,72,72,72,62,62,66,66,36,36,36,58,48,80,77,77,61,41,41,41,41,41,41,41,40,35,35],"gold":183,"neow_bonus":"THREE_ENEMY_KILL","is_daily":false,"chose_seed":false,"campfire_upgraded":5,"win_rate":0.0,"timestamp":1610183840,"path_taken":["M","?","?","?","?","E","R","M","T","?","R","E","$","?","R","BOSS","M","AVR","?","M","?","R","?","R","T","R","?","M"],"items_purchased_type":["Relic","Card"],"build_version":"2020-12-22","purchased_purges":0,"victory":false,"max_hp_per_floor":[75,75,75,75,75,75,75,75,75,75,75,75,75,75,75,80,80,80,80,80,80,80,80,80,80,80,80,80,80,80],"card_choices":[{"not_picked":["Hologram","Double Energy"],"picked":"Beam Cell","floor":1.0},{"not_picked":["Turbo","Coolheaded"],"picked":"Panic Button","floor":3.0},{"not_picked":["Scrape","Undo"],"picked":"Fusion","floor":6.0},{"not_picked":["ReplayTheSpireMod:Repulse","Reboot"],"picked":"Streamline","floor":8.0},{"not_picked":["Coolheaded","Cold Snap"],"picked":"Rebound","floor":10.0},{"not_picked":["Chaos","Storm","Streamline"],"picked":"SKIP","floor":12.0},{"not_picked":["Chaos","Storm"],"picked":"Streamline","floor":12.0},{"not_picked":["Meteor Strike","Mirror Shield"],"picked":"Echo Form","floor":16.0},{"not_picked":["Time Bomb","Hologram"],"picked":"Stack","floor":18.0},{"not_picked":["Hologram","Buffer"],"picked":"Redo+1","floor":21.0},{"not_picked":["Hologram","Coolheaded"],"picked":"Compile Driver","floor":28.0},{"not_picked":["Time Bomb","Steam"],"picked":"Gash","floor":29}],"player_experience":99513,"relics_obtained":[{"floor":6.0,"key":"Dota2Spire:PhaseBoots"},{"floor":9.0,"key":"Dota2Spire:CrimsonGuard"},{"floor":12.0,"key":"Gremlin Food"},{"floor":22.0,"key":"Ring of Peace"},{"floor":26.0,"key":"Blood Vial"}],"event_choices":[{"damage_healed":0.0,"max_hp_gain":0.0,"max_hp_loss":0.0,"gold_gain":100.0,"event_name":"Golden Shrine","player_choice":"Pray","floor":2.0,"gold_loss":0.0,"damage_taken":0.0},{"damage_healed":0.0,"max_hp_gain":0.0,"max_hp_loss":0.0,"gold_gain":0.0,"event_name":"Scrap Ooze","player_choice":"Success","floor":4.0,"gold_loss":0.0,"damage_taken":3.0,"relics_obtained":["Oddly Smooth Stone"]},{"damage_healed":0.0,"max_hp_gain":0.0,"max_hp_loss":0.0,"gold_gain":0.0,"event_name":"The Woman in Blue","player_choice":"Bought 1 Potion","floor":5.0,"gold_loss":0.0,"damage_taken":0.0},{"damage_healed":0.0,"max_hp_gain":0.0,"max_hp_loss":0.0,"gold_gain":0.0,"event_name":"Dead Adventurer","player_choice":"Searched \u00271\u0027 times","floor":14.0,"gold_loss":0.0,"damage_taken":0.0}],"is_beta":false,"boss_relics":[{"not_picked":["Kintsugi","aspiration:RitualDagger","Replay:Wanted Poster"]}],"items_purged_floors":[],"is_endless":false,"potions_floor_spawned":[1,3,10,16,18,28],"killed_by":"Cultist and Chosen","ascension_level":0}}