{"host":"gg","time":1610199379,"event":{"mods":["BaseMod","Colored Map","Googly Eyes","Minty Spire (QoL Compilation)","Permanent Neow","Relic Stats","The IronCluck"],"gold_per_floor":[117,117,129,146,161,188,188,217,217,277,277,277,42,72,72,149,149,165,165,182,182,197,223,223,257,310,345,345,105,115,115,115,190,190,206,222,249,264,275,306,306,341,341,366,382,382,427,443,443,443,443,443,443,17,44,44,44],"floor_reached":56,"playtime":7397,"items_purged":["Defend_P","Consecrate"],"score":2401,"play_id":"083118ae-efa3-4c04-95d1-4a1153e78045","local_time":"20210109053619","is_ascension_mode":true,"campfire_choices":[{"floor":7.0,"key":"REST"},{"floor":11.0,"key":"REST"},{"floor":15.0,"key":"RECALL"},{"floor":24.0,"key":"REST"},{"floor":28.0,"key":"REST"},{"floor":32.0,"key":"REST"},{"floor":41.0,"key":"REST"},{"floor":46.0,"key":"REST"},{"floor":49.0,"key":"REST"},{"floor":53.0,"key":"REST"}],"circlet_count":0,"master_deck":["AscendersBane","Strike_P","Strike_P+1","Defend_P","Defend_P+1","Eruption+1","Vigilance","Establishment","CutThroughFate","BowlingBash","FlyingSleeves","Vault+1","ThirdEye+1","FearNoEvil+1","Master of Strategy+1","Scrawl+1","Vault+1","Wallop","Ghostly+1","Ghostly+1","Ghostly+1","CutThroughFate","EmptyFist+1","FlurryOfBlows","FlurryOfBlows+1","SpiritShield+1","JustLucky","Worship+1","PathToVictory+1","Indignation+1","DeceiveReality+1","InnerPeace+1","Tantrum","Wish+1","Wish+1","Adaptation+1"],"relics":["Fusion Hammer","Bottled Flame","Torii","Yang","Toxic Egg 2","SlaversCollar","War Paint","Bottled Lightning","Toy Ornithopter","Meat on the Bone","Bronze Scales","Nloth\u0027s Gift","Empty Cage","Happy Flower","MealTicket","Kunai","HornCleat","CaptainsWheel","DollysMirror","Whetstone"],"acts_visited":["Exordium","TheCity","TheBeyond","TheEnding"],"potions_floor_usage":[56],"damage_taken":[{"damage":9.0,"enemies":"Small Slimes","floor":1.0,"turns":5.0},{"damage":5.0,"enemies":"Cultist","floor":3.0,"turns":5.0},{"damage":2.0,"enemies":"Jaw Worm","floor":4.0,"turns":3.0},{"damage":9.0,"enemies":"Looter","floor":5.0,"turns":3.0},{"damage":5.0,"enemies":"3 Sentries","floor":6.0,"turns":3.0},{"damage":16.0,"enemies":"Gremlin Nob","floor":8.0,"turns":3.0},{"damage":2.0,"enemies":"3 Sentries","floor":10.0,"turns":6.0},{"damage":0.0,"enemies":"3 Sentries","floor":14.0,"turns":4.0},{"damage":3.0,"enemies":"The Guardian","floor":16.0,"turns":10.0},{"damage":0.0,"enemies":"3 Byrds","floor":18.0,"turns":5.0},{"damage":8.0,"enemies":"Shell Parasite","floor":20.0,"turns":6.0},{"damage":1.0,"enemies":"Snecko","floor":22.0,"turns":6.0},{"damage":0.0,"enemies":"Book of Stabbing","floor":23.0,"turns":5.0},{"damage":0.0,"enemies":"Slavers","floor":25.0,"turns":4.0},{"damage":0.0,"enemies":"Gremlin Leader","floor":27.0,"turns":4.0},{"damage":1.0,"enemies":"Shelled Parasite and Fungi","floor":30.0,"turns":4.0},{"damage":29.0,"enemies":"Champ","floor":33.0,"turns":14.0},{"damage":0.0,"enemies":"3 Darklings","floor":35.0,"turns":3.0},{"damage":0.0,"enemies":"3 Shapes","floor":36.0,"turns":4.0},{"damage":2.0,"enemies":"Transient","floor":38.0,"turns":8.0},{"damage":25.0,"enemies":"Maw","floor":39.0,"turns":10.0},{"damage":0.0,"enemies":"Giant Head","floor":40.0,"turns":9.0},{"damage":0.0,"enemies":"Reptomancer","floor":42.0,"turns":4.0},{"damage":4.0,"enemies":"Nemesis","floor":44.0,"turns":8.0},{"damage":14.0,"enemies":"Spire Growth","floor":45.0,"turns":5.0},{"damage":0.0,"enemies":"2 Orb Walkers","floor":47.0,"turns":5.0},{"damage":0.0,"enemies":"Sphere and 2 Shapes","floor":48.0,"turns":6.0},{"damage":24.0,"enemies":"Awakened One","floor":50.0,"turns":16.0},{"damage":0.0,"enemies":"Donu and Deca","floor":51.0,"turns":11.0},{"damage":2.0,"enemies":"Shield and Spear","floor":55.0,"turns":7.0},{"damage":39,"enemies":"The Heart","floor":56,"turns":5}],"seed_played":"-7756364857157028237","potions_obtained":[{"floor":1.0,"key":"SteroidPotion"},{"floor":10.0,"key":"AttackPotion"},{"floor":14.0,"key":"StancePotion"},{"floor":20.0,"key":"LiquidMemories"},{"floor":33.0,"key":"StancePotion"},{"floor":39.0,"key":"DuplicationPotion"},{"floor":45.0,"key":"Ambrosia"}],"is_trial":false,"path_per_floor":["M","?","M","M","M","E","R","E","T","?","R","?","$","E","R","B",null,"M","?","M","?","M","E","R","E","T","E","R","$","M","?","R","B",null,"M","M","T","M","M","E","R","E","T","E","M","R","?","M","R","B","B",null,"R","$","E","B"],"character_chosen":"WATCHER","items_purchased":["FearNoEvil","Master of Strategy+1","Bronze Scales","Wish+1","DollysMirror"],"campfire_rested":9,"item_purchase_floors":[13,13,29,54,54],"current_hp_per_floor":[52,52,47,45,36,31,51,35,35,33,53,53,53,53,53,50,64,64,34,26,19,18,18,29,29,29,29,39,39,38,38,39,27,36,36,36,36,34,26,26,37,37,37,33,31,39,39,39,39,27,27,36,39,39,37,0,0],"gold":44,"neow_bonus":"BOSS_RELIC","is_daily":false,"chose_seed":false,"campfire_upgraded":0,"win_rate":0.0,"timestamp":1610199379,"path_taken":["M","?","M","M","?","E","R","E","T","?","R","?","?","E","R","BOSS","M","?","M","?","M","E","R","E","T","E","R","?","?","?","R","BOSS","M","M","?","M","M","E","R","E","T","E","M","R","?","M","R","BOSS","BOSS","R","$","E","BOSS"],"items_purchased_type":["Card","Card","Relic","Card","Relic"],"build_version":"2020-12-18","purchased_purges":2,"victory":false,"max_hp_per_floor":[68,68,68,68,68,68,68,68,68,68,68,68,68,68,68,68,68,68,34,34,39,39,39,39,39,39,39,39,39,39,39,39,39,39,39,39,39,39,39,39,39,39,39,39,39,39,39,39,39,39,39,39,39,39,39,39,39],"relic_stats":{"Torii":47,"Happy Flower":[31],"counters":[31,191],"Yang":[555],"Whetstone":["FearNoEvil","Strike_P"],"War Paint":["Defend_P","Vault"],"Bronze Scales":[329],"MealTicket":0,"Nloth\u0027s Gift":2,"Kunai":[50],"obtain_stats":[{"Torii":8,"Happy Flower":37,"Blue Candle":14,"Yang":9,"Whetstone":55,"War Paint":23,"Empty Cage":34,"SlaversCollar":17,"Bottled Flame":6,"CaptainsWheel":47,"HornCleat":44,"DollysMirror":54,"Bronze Scales":29,"MealTicket":40,"Fusion Hammer":0,"Nloth\u0027s Gift":31,"Bottled Lightning":25,"Kunai":42,"PureWater":0,"Toxic Egg 2":10,"Toy Ornithopter":26,"Meat on the Bone":27},{"Torii":6,"Happy Flower":19,"Blue Candle":8,"Yang":6,"Whetstone":30,"War Paint":13,"Empty Cage":17,"SlaversCollar":9,"Bottled Flame":5,"CaptainsWheel":26,"HornCleat":24,"DollysMirror":29,"Bronze Scales":15,"MealTicket":22,"Fusion Hammer":0,"Nloth\u0027s Gift":16,"Bottled Lightning":14,"Kunai":23,"PureWater":0,"Toxic Egg 2":7,"Toy Ornithopter":14,"Meat on the Bone":15},{"Torii":22,"Happy Flower":97,"Blue Candle":32,"Yang":22,"Whetstone":186,"War Paint":64,"Empty Cage":90,"SlaversCollar":42,"Bottled Flame":19,"CaptainsWheel":146,"HornCleat":136,"DollysMirror":179,"Bronze Scales":72,"MealTicket":124,"Fusion Hammer":0,"Nloth\u0027s Gift":76,"Bottled Lightning":68,"Kunai":128,"PureWater":0,"Toxic Egg 2":28,"Toy Ornithopter":68,"Meat on the Bone":72}],"Toy Ornithopter":12,"Meat on the Bone":48},"card_choices":[{"not_picked":["InnerPeace","PathToVictory","Protect"],"picked":"SKIP","floor":1.0},{"not_picked":["PathToVictory","FlurryOfBlows"],"picked":"CutThroughFate","floor":3.0},{"not_picked":["Crescendo","Sanctity"],"picked":"Consecrate","floor":4.0},{"not_picked":["SashWhip","Protect"],"picked":"BowlingBash","floor":5.0},{"not_picked":["Omniscience","Halt"],"picked":"FlyingSleeves","floor":6.0},{"not_picked":["FollowUp","Weave"],"picked":"Vault","floor":8.0},{"not_picked":["Protect+1","SashWhip"],"picked":"ThirdEye+1","floor":10.0},{"not_picked":["CutThroughFate","FollowUp"],"picked":"Scrawl+1","floor":14.0},{"not_picked":["Devotion","Omniscience+1"],"picked":"Vault+1","floor":16.0},{"not_picked":["Pray+1","Wireheading"],"picked":"Wallop","floor":18.0},{"not_picked":["InnerPeace+1","EmptyFist"],"picked":"CutThroughFate","floor":20.0},{"not_picked":["Protect+1","Prostrate+1"],"picked":"EmptyFist+1","floor":22.0},{"not_picked":["Study","BowlingBash+1","Halt+1"],"picked":"SKIP","floor":23.0},{"not_picked":["Evaluate+1","Vault+1"],"picked":"FlurryOfBlows","floor":25.0},{"not_picked":["Conclude+1","EmptyFist","MentalFortress"],"picked":"SKIP","floor":27.0},{"not_picked":["EmptyBody+1","WreathOfFlame+1"],"picked":"FlurryOfBlows+1","floor":30.0},{"not_picked":["Devotion","Blasphemy+1"],"picked":"SpiritShield+1","floor":33.0},{"not_picked":["Fasting2","ReachHeaven"],"picked":"JustLucky","floor":35.0},{"not_picked":["Consecrate","Brilliance","JustLucky+1"],"picked":"SKIP","floor":36.0},{"not_picked":["Nirvana","JustLucky"],"picked":"Worship+1","floor":38.0},{"not_picked":["Collect+1","PathToVictory+1","WindmillStrike"],"picked":"SKIP","floor":39.0},{"not_picked":["MasterReality","JustLucky+1","Devotion"],"picked":"SKIP","floor":40.0},{"not_picked":["MasterReality","JustLucky+1","Devotion"],"picked":"SKIP","floor":40.0},{"not_picked":["JustLucky","Perseverance+1"],"picked":"PathToVictory+1","floor":42.0},{"not_picked":["InnerPeace+1","ForeignInfluence+1"],"picked":"Indignation+1","floor":44.0},{"not_picked":["ThirdEye+1","Wallop"],"picked":"DeceiveReality+1","floor":45.0},{"not_picked":["BowlingBash","CrushJoints"],"picked":"InnerPeace+1","floor":47.0},{"not_picked":["Protect+1","Halt+1"],"picked":"Tantrum","floor":48.0},{"not_picked":["Sanctity+1","Alpha+1"],"picked":"Adaptation+1","floor":55.0}],"player_experience":1103782,"relics_obtained":[{"floor":6.0,"key":"Bottled Flame"},{"floor":8.0,"key":"Torii"},{"floor":9.0,"key":"Yang"},{"floor":10.0,"key":"Toxic Egg 2"},{"floor":14.0,"key":"Blue Candle"},{"floor":23.0,"key":"War Paint"},{"floor":25.0,"key":"Bottled Lightning"},{"floor":26.0,"key":"Toy Ornithopter"},{"floor":27.0,"key":"Meat on the Bone"},{"floor":37.0,"key":"Happy Flower"},{"floor":40.0,"key":"MealTicket"},{"floor":42.0,"key":"Kunai"},{"floor":44.0,"key":"HornCleat"},{"floor":47.0,"key":"CaptainsWheel"},{"floor":55.0,"key":"Whetstone"}],"event_choices":[{"damage_healed":0.0,"max_hp_gain":0.0,"max_hp_loss":0.0,"gold_gain":0.0,"cards_transformed":["Defend_P"],"event_name":"Transmorgrifier","player_choice":"Transformed","floor":2.0,"gold_loss":0.0,"damage_taken":0.0,"cards_obtained":["Establishment"]},{"damage_healed":0.0,"max_hp_gain":0.0,"max_hp_loss":0.0,"gold_gain":30.0,"event_name":"Dead Adventurer","player_choice":"Searched \u00272\u0027 times","floor":10.0,"gold_loss":0.0,"damage_taken":0.0},{"damage_healed":0.0,"max_hp_gain":0.0,"max_hp_loss":0.0,"gold_gain":0.0,"event_name":"Living Wall","player_choice":"Grow","floor":12.0,"gold_loss":0.0,"damage_taken":0.0,"cards_upgraded":["Eruption"]},{"damage_healed":0.0,"max_hp_gain":0.0,"max_hp_loss":34.0,"gold_gain":0.0,"event_name":"Ghosts","player_choice":"Became a Ghost","floor":19.0,"gold_loss":0.0,"damage_taken":0.0,"cards_obtained":["Ghostly","Ghostly","Ghostly"]},{"damage_healed":0.0,"max_hp_gain":5.0,"max_hp_loss":0.0,"gold_gain":0.0,"event_name":"Forgotten Altar","player_choice":"Shed Blood","floor":21.0,"gold_loss":0.0,"damage_taken":12.0},{"damage_healed":0.0,"max_hp_gain":0.0,"max_hp_loss":0.0,"gold_gain":0.0,"event_name":"N\u0027loth","player_choice":"Traded Relic","floor":31.0,"relics_lost":["Blue Candle"],"gold_loss":0.0,"damage_taken":0.0,"relics_obtained":["Nloth\u0027s Gift"]},{"damage_healed":0.0,"max_hp_gain":0.0,"max_hp_loss":0.0,"gold_gain":0.0,"event_name":"Mysterious Sphere","player_choice":"Fight","floor":47.0,"gold_loss":0.0,"damage_taken":0.0}],"is_beta":true,"boss_relics":[{"not_picked":["Snecko Eye","Runic Dome"],"picked":"SlaversCollar"},{"not_picked":["Sozu","Velvet Choker"],"picked":"Empty Cage"}],"items_purged_floors":[29,54],"is_endless":false,"potions_floor_spawned":[1,10,14,16,20,25,27,33,39,40,45,48],"killed_by":"The Heart","ascension_level":20}}