{"host":"bnl7o5cb2omwu7ka","time":1610183501,"event":{"mods":["AchievementEnabler","Alarm Clock","BaseMod","BetterRewards","Block Reminder","Colored Map","Colored Powertips","Conspire","Curses Come First","Defective Defect","Downfall","Energized Spire","Googly Eyes","Highlight Path","Hyrulean Relics","Infinite Spire","Ironclad Rager","Jedi Mod","Jess\u0027s Bottle","Mimic Mod","Minty Spire (QoL Compilation)","Permanent Neow","Quick Restart","Rare Cards Sparkle","Relic Stats","Replay The Spire","Spicy Shops","Spikes Relics","Spire Birthday Party","StSLib","The IronCluck","Wandering Minibosses","egg","everything is the same but u backflip on backflip","slay the spire mod where everything is the same but ironclad has a cowboy hat"],"gold_per_floor":[99,112,128,128,145,145,145,161,161,161,180,209,209,234,252,357,357,357,376,387,487,499,499,538,553,144,144,172,172,218,168,185,287,287,287,301,301,301,301,301],"floor_reached":38,"playtime":9901,"items_purged":["Hallucinations","champ:Riposte"],"score":404,"play_id":"56a61ee6-80b8-4179-b0a4-52adc8896170","local_time":"20210109041141","is_ascension_mode":false,"campfire_choices":[{"data":"champ:Execute","floor":1.0,"key":"SMITH"},{"data":"champ:BerserkerStyle","floor":6.0,"key":"SMITH"},{"data":"champ:BringItOn","floor":10.0,"key":"SMITH"},{"data":"Pain","floor":18.0,"key":"PURGE"},{"data":"champ:StanceDance","floor":27,"key":"SMITH"},{"data":"champ:CalledShot","floor":27,"key":"SMITH"},{"data":"champ:Balance","floor":29,"key":"SMITH"},{"data":"champ:Control","floor":29,"key":"SMITH"},{"data":"champ:DefensiveShout","floor":35,"key":"SMITH"},{"data":"champ:GutPunch","floor":35,"key":"SMITH"}],"circlet_count":0,"master_deck":["champ:Strike+1","champ:Strike+1","champ:Strike+1","champ:Defend","champ:Defend","champ:Defend","champ:Defend","champ:Execute+1","champ:Taunt+1","champ:FlashCut","champ:BerserkerStyle+1","champ:BringItOn+1","champ:GutPunch+1","champ:GladiatorStyle","champ:DefensiveStyle","champ:DefensiveShout+1","champ:CalledShot+1","champ:CrownThrow","champ:Haymaker","champ:RecklessLeap","champ:Aggression+1","champ:Encircle","champ:Balance+1","champ:StanceDance+1","champ:Control+1","champ:ArenaPreparation","champ:FanOfKnives+1","champ:SteelEdge","champ:CrookedStrike+1"],"relics":["champ:ChampionCrown","SpikesRelics:DaevaFist","WarpedTongs","Replay:Bottled Eggs","Ring of Peace","Question Card","jedi:hotpepper","Replay:Arrowhead","conspire:Flyswatter","infinitespire:FocusingShard","Lee\u0027s Waffle","WizardHat","infinitespire:PuzzleCube","energizedSpire:DeadBattery"],"acts_visited":["Exordium","TheCity","TheBeyond"],"potions_floor_usage":[],"damage_taken":[{"damage":14.0,"enemies":"Jaw Worm","floor":2.0,"turns":4.0},{"damage":13.0,"enemies":"Small Slimes","floor":3.0,"turns":4.0},{"damage":11.0,"enemies":"Cultist","floor":5.0,"turns":4.0},{"damage":16.0,"enemies":"Large Slime","floor":8.0,"turns":6.0},{"damage":9.0,"enemies":"3 Louse","floor":11.0,"turns":3.0},{"damage":17.0,"enemies":"Gremlin Nob","floor":12.0,"turns":4.0},{"damage":42.0,"enemies":"Lagavulin","floor":14.0,"turns":5.0},{"damage":5.0,"enemies":"Blue Slaver","floor":15.0,"turns":3.0},{"damage":30.0,"enemies":"downfall:Watcher","floor":16.0,"turns":9.0},{"damage":19,"enemies":"Shell Parasite","floor":19,"turns":6},{"damage":42,"enemies":"Spheric Guardian","floor":20,"turns":4},{"damage":43,"enemies":"downfall:CharBossIronclad","floor":21,"turns":7},{"damage":7,"enemies":"Snake Plant","floor":22,"turns":3},{"damage":6,"enemies":"Cultist and Chosen","floor":24,"turns":7},{"damage":36,"enemies":"Cultist and Chosen","floor":25,"turns":5},{"damage":29,"enemies":"downfall:FleeingMerchant","floor":26,"turns":4},{"damage":46,"enemies":"conspire:SneckoGhost","floor":28,"turns":5},{"damage":77,"enemies":"Shelled Parasite and Fungi","floor":32,"turns":4},{"damage":38,"enemies":"downfall:Ironclad","floor":33,"turns":7},{"damage":70,"enemies":"3 Darklings","floor":36,"turns":3}],"seed_played":"7478659606448582020","potions_obtained":[{"floor":2.0,"key":"champ:CounterPotion"},{"floor":14.0,"key":"Flashbang"},{"floor":15.0,"key":"PowerPotion"}],"is_trial":false,"path_per_floor":["R","M","M","?","M","R","T","M","?","R","M","E","?","E","M","B",null,"R_BF","M","M","?","M","?","MIM","M","$","R","E","R","T","?","M","B",null,"R","M","?","M"],"character_chosen":"THE_CHAMP","items_purchased":["Lee\u0027s Waffle","champ:Control"],"campfire_rested":0,"item_purchase_floors":[26,26],"current_hp_per_floor":[90,84,79,79,78,78,78,74,74,74,70,58,58,33,33,18,67,67,67,43,25,27,27,28,24,71,71,52,52,52,71,48,48,71,71,53,53,0,0,0],"gold":301,"neow_bonus":"UPGRADE_CARD","is_daily":false,"chose_seed":false,"campfire_upgraded":9,"win_rate":0.0,"timestamp":1610183501,"path_taken":["R","M","M","?","M","R","T","M","?","R","?","E","?","E","M","BOSS","R_BF","M","M","?","M","?","MIM","M","$","R","E","R","?","?","M","BOSS","R","M","?","M"],"items_purchased_type":["Relic","Card"],"build_version":"2020-12-22","purchased_purges":2,"victory":false,"max_hp_per_floor":[90,90,90,90,90,90,90,90,90,90,90,90,90,90,90,90,67,67,67,67,67,67,67,67,67,71,71,71,71,71,71,71,71,71,71,71,71,71,71,71],"relic_stats":{"Lee\u0027s Waffle":45,"counters":[21,102],"Question Card":15,"obtain_stats":[{"WizardHat":28,"Lee\u0027s Waffle":26,"champ:ChampionCrown":0,"infinitespire:FocusingShard":24,"Question Card":14,"energizedSpire:DeadBattery":34,"Replay:Arrowhead":21,"WarpedTongs":9,"jedi:hotpepper":17,"Ring of Peace":13,"SpikesRelics:DaevaFist":7,"Replay:Bottled Eggs":12,"infinitespire:PuzzleCube":30,"conspire:Flyswatter":21},{"WizardHat":17,"Lee\u0027s Waffle":16,"champ:ChampionCrown":0,"infinitespire:FocusingShard":14,"Question Card":7,"energizedSpire:DeadBattery":19,"Replay:Arrowhead":12,"WarpedTongs":4,"jedi:hotpepper":9,"Ring of Peace":6,"SpikesRelics:DaevaFist":3,"Replay:Bottled Eggs":6,"infinitespire:PuzzleCube":17,"conspire:Flyswatter":12},{"WizardHat":83,"Lee\u0027s Waffle":78,"champ:ChampionCrown":0,"infinitespire:FocusingShard":69,"Question Card":30,"energizedSpire:DeadBattery":94,"Replay:Arrowhead":59,"WarpedTongs":18,"jedi:hotpepper":42,"Ring of Peace":25,"SpikesRelics:DaevaFist":12,"Replay:Bottled Eggs":25,"infinitespire:PuzzleCube":83,"conspire:Flyswatter":59}],"WarpedTongs":[78]},"card_choices":[{"not_picked":["champ:RecklessLeap","champ:Control"],"picked":"champ:FlashCut","floor":2.0},{"not_picked":["champ:Shatter","champ:RisingSlash"],"picked":"champ:BerserkerStyle","floor":3.0},{"not_picked":["champ:FaceSlap","champ:BerserkersShout"],"picked":"champ:BringItOn","floor":5.0},{"not_picked":["champ:FocusedGladiator","champ:Backstep"],"picked":"champ:GutPunch","floor":8.0},{"not_picked":["champ:BladeFlurry","champ:Improvising"],"picked":"champ:GladiatorStyle","floor":11.0},{"not_picked":["champ:BerserkersShout","champ:SwordThrow"],"picked":"champ:DefensiveStyle","floor":12.0},{"not_picked":["champ:RapidStrikes","champ:ShieldWall"],"picked":"champ:DefensiveShout","floor":14.0},{"not_picked":["champ:TornadoPunch","champ:FlashCut","champ:CrookedStrike"],"picked":"champ:CalledShot","floor":15.0},{"not_picked":["champ:SwordThrow","champ:Improvising","champ:IgnorePain"],"picked":"champ:CrownThrow","floor":16.0},{"not_picked":["champ:GladiatorsShout","champ:CrookedStrike+1","champ:DefensiveShout"],"picked":"champ:Haymaker","floor":19},{"not_picked":["champ:AdrenalArmor+1","champ:StanceDance","champ:FightOn"],"picked":"champ:RecklessLeap","floor":20},{"not_picked":["champ:CalledShot","champ:HeartStrike+1","champ:AdrenalArmor"],"picked":"champ:Aggression+1","floor":21},{"not_picked":["champ:TornadoPunch","champ:BringItOn","champ:Haymaker"],"picked":"champ:Riposte","floor":22},{"not_picked":["champ:StanceDance","champ:MurderStrike","champ:FlashCut"],"picked":"champ:Encircle","floor":24},{"not_picked":["champ:AdrenalArmor","champ:DefensiveShout","champ:ArenaPreparation+1"],"picked":"champ:Balance","floor":25},{"not_picked":["champ:Circumvent","champ:Duel+1","champ:ShieldWall+1"],"picked":"champ:StanceDance","floor":26},{"not_picked":["champ:BerserkerStyle","champ:FlashCut","champ:AdrenalArmor"],"picked":"champ:ArenaPreparation","floor":28},{"not_picked":["champ:Devastate","champ:FlashCut","champ:BerserkersShout"],"picked":"champ:FanOfKnives+1","floor":32},{"not_picked":["champ:CrownThrow","champ:DancingMaster","champ:ShieldThrow"],"picked":"champ:SteelEdge","floor":33},{"not_picked":["champ:HeartStrike+1","champ:GladiatorsShout+1","champ:PerfectedStrike+1"],"picked":"champ:CrookedStrike+1","floor":36}],"player_experience":202013,"relics_obtained":[{"floor":7.0,"key":"SpikesRelics:DaevaFist"},{"floor":12.0,"key":"Replay:Bottled Eggs"},{"floor":13.0,"key":"Ring of Peace"},{"floor":14.0,"key":"Question Card"},{"floor":21,"key":"Replay:Arrowhead"},{"floor":21,"key":"conspire:Flyswatter"},{"floor":24,"key":"infinitespire:FocusingShard"},{"floor":28,"key":"WizardHat"},{"floor":30,"key":"infinitespire:PuzzleCube"}],"event_choices":[{"damage_healed":0.0,"max_hp_gain":0.0,"max_hp_loss":0.0,"gold_gain":0.0,"event_name":"conspire:LoneGhost","player_choice":"Disagree","floor":4.0,"gold_loss":0.0,"damage_taken":0.0},{"damage_healed":0.0,"max_hp_gain":0.0,"max_hp_loss":0.0,"gold_gain":0.0,"event_name":"Accursed Blacksmith","player_choice":"Rummage","floor":9.0,"gold_loss":0.0,"damage_taken":0.0,"relics_obtained":["WarpedTongs"],"cards_obtained":["Pain"]},{"cards_removed":["champ:Strike"],"damage_healed":0,"gold_gain":0,"player_choice":"Offered Basic","damage_taken":0,"max_hp_gain":0,"max_hp_loss":0,"event_name":"Bonfire Elementals","floor":37,"gold_loss":0}],"is_beta":false,"boss_relics":[{"not_picked":["Empty Cage","Kintsugi"],"picked":"jedi:hotpepper"},{"not_picked":["energizedSpire:NeverEndingSparkler","Ring of Chaos"],"picked":"energizedSpire:DeadBattery"}],"items_purged_floors":[26,26],"is_endless":false,"potions_floor_spawned":[2,14,15,16,20,25,28,33],"killed_by":"3 Shapes","ascension_level":0}}