{"host":"g01l53quoe6lrer0","time":1610199534,"event":{"mods":["2.2 Compatiblity","AchievementEnabler","BaseMod","Colored Map","Highlight Path","Keyboard Shortcuts","Minty Spire (QoL Compilation)","Permanent Neow","StSLib","SuperFastMode","everything is the same but u backflip on backflip"],"gold_per_floor":[109,119,99,118,132,159,159,172,195,208,225,256,266,297,297,297,297],"floor_reached":16,"playtime":540,"items_purged":[],"score":287,"play_id":"66af9a2a-08ac-4cd1-9de2-946180cee63d","local_time":"20210109223854","is_ascension_mode":true,"campfire_choices":[{"data":"Fiend Fire","floor":7.0,"key":"SMITH"},{"data":"Berserk","floor":15,"key":"SMITH"}],"circlet_count":0,"master_deck":["AscendersBane","Strike_R","Strike_R","Strike_R","Strike_R","Strike_R+1","Defend_R","Defend_R","Defend_R","Defend_R","Bash+1","Berserk+1","Twin Strike","Ghostly Armor","Shrug It Off","Fiend Fire+1","Shockwave","Wild Strike","Armaments","Second Wind","Seeing Red"],"relics":["Burning Blood","Bag of Marbles","Whetstone","Potion Belt","Strawberry"],"acts_visited":["Exordium"],"potions_floor_usage":[14,14],"damage_taken":[{"damage":13.0,"enemies":"Jaw Worm","floor":1.0,"turns":7.0},{"damage":1.0,"enemies":"Cultist","floor":2.0,"turns":3.0},{"damage":5.0,"enemies":"Small Slimes","floor":4.0,"turns":4.0},{"damage":8.0,"enemies":"Blue Slaver","floor":5.0,"turns":5.0},{"damage":8.0,"enemies":"Gremlin Nob","floor":6.0,"turns":3.0},{"damage":0.0,"enemies":"2 Fungi Beasts","floor":8.0,"turns":2.0},{"damage":24.0,"enemies":"Gremlin Gang","floor":10.0,"turns":6.0},{"damage":17.0,"enemies":"Blue Slaver","floor":11.0,"turns":3.0},{"damage":22.0,"enemies":"Lagavulin","floor":12.0,"turns":5.0},{"damage":0.0,"enemies":"Looter","floor":13.0,"turns":1.0},{"damage":0,"enemies":"Gremlin Nob","floor":14,"turns":2},{"damage":41,"enemies":"Hexaghost","floor":16,"turns":9}],"seed_played":"7244761131921796794","potions_obtained":[{"floor":2.0,"key":"PowerPotion"},{"floor":3.0,"key":"BlessingOfTheForge"},{"floor":4.0,"key":"Regen Potion"},{"floor":6.0,"key":"GamblersBrew"},{"floor":11.0,"key":"Explosive Potion"},{"floor":13.0,"key":"FearPotion"}],"is_trial":false,"path_per_floor":["M","M","?","M","M","E","R","M","T","M","M","E","M","E","R","B"],"character_chosen":"IRONCLAD","items_purchased":[],"campfire_rested":0,"item_purchase_floors":[],"current_hp_per_floor":[61,66,66,67,65,72,72,75,75,57,46,30,36,49,49,8,8],"gold":297,"neow_bonus":"ONE_RANDOM_RARE_CARD","is_daily":false,"chose_seed":false,"campfire_upgraded":2,"win_rate":0.0,"timestamp":1610199534,"path_taken":["M","M","?","?","M","E","R","M","T","M","M","E","M","E","R","BOSS"],"items_purchased_type":[],"build_version":"2020-12-22","purchased_purges":0,"victory":false,"max_hp_per_floor":[75,75,75,75,75,75,75,75,75,75,75,75,75,82,82,82,82],"card_choices":[{"not_picked":["True Grit","Shrug It Off"],"picked":"Twin Strike","floor":1.0},{"not_picked":["Combust","Clash"],"picked":"Ghostly Armor","floor":2.0},{"not_picked":["Anger","Intimidate"],"picked":"Shrug It Off","floor":4.0},{"not_picked":["Clash","Anger"],"picked":"Fiend Fire","floor":5.0},{"not_picked":["Battle Trance","Reckless Charge"],"picked":"Shockwave","floor":6.0},{"not_picked":["Clothesline","Heavy Blade","Armaments"],"picked":"SKIP","floor":8.0},{"not_picked":["Flex","Body Slam"],"picked":"Wild Strike","floor":10.0},{"not_picked":["Heavy Blade","Iron Wave"],"picked":"Armaments","floor":11.0},{"not_picked":["Body Slam","Dropkick"],"picked":"Second Wind","floor":12.0},{"not_picked":["Pommel Strike","Anger","Rupture"],"picked":"SKIP","floor":13.0},{"not_picked":["Ghostly Armor","Rage"],"picked":"Seeing Red","floor":14}],"player_experience":103068,"relics_obtained":[{"floor":6.0,"key":"Bag of Marbles"},{"floor":9.0,"key":"Whetstone"},{"floor":12.0,"key":"Potion Belt"},{"floor":14,"key":"Strawberry"}],"event_choices":[{"damage_healed":0.0,"max_hp_gain":0.0,"max_hp_loss":0.0,"gold_gain":0.0,"event_name":"The Woman in Blue","player_choice":"Bought 1 Potion","floor":3.0,"gold_loss":0.0,"damage_taken":0.0}],"is_beta":false,"boss_relics":[],"items_purged_floors":[],"is_endless":false,"potions_floor_spawned":[2,4,6,11,13],"killed_by":"Hexaghost","ascension_level":18}}