{"host":"94qggqh0xz0sp6ai","time":1610168544,"event":{"mods":["Abigail Mod","Act Like it!","BaseMod","CapriCore","Downfall","Friendly Minions","Gensokyo","Hermit","Jorbs\u0027s Wanderer Trilogy","Koishi","Marisa（霧雨　魔理沙）","Minty Spire (QoL Compilation)","Permanent Neow","Reimu（博??梦）","StSLib","The Alterego","The Construct","The Cursed","The Hierophant","The Immortal","The Marked","The Servant 0.9.4","TheBandit","Waifu the Spire"],"gold_per_floor":[113,113,40,50,63,63,98,98,124,136,136,136,136,152,152,152,152],"floor_reached":16,"playtime":415,"items_purged":[],"score":130,"play_id":"8e415b44-aa92-491a-83d1-5fcd78c20836","local_time":"20210108230224","is_ascension_mode":true,"campfire_choices":[{"data":"hermit:TakeCover","floor":6,"key":"SMITH"},{"data":"hermit:PistolWhip","floor":8,"key":"SMITH"},{"data":"hermit:Vantage","floor":12,"key":"SMITH"},{"data":"hermit:Snapshot","floor":15,"key":"SMITH"}],"circlet_count":0,"master_deck":["hermit:Strike_Hermit","hermit:Strike_Hermit","hermit:Strike_Hermit","hermit:Defend_Hermit","hermit:Defend_Hermit","hermit:Defend_Hermit","hermit:Defend_Hermit","hermit:Snapshot+1","hermit:Covet","hermit:Vantage+1","hermit:PistolWhip+1","hermit:TakeCover+1","hermit:Headshot+1","hermit:Deadeye+1","Injury","hermit:Spite"],"relics":["hermit:Momento","MealTicket","Lantern","Whetstone","Golden Idol","Ancient Tea Set"],"acts_visited":["Exordium"],"potions_floor_usage":[16,16],"damage_taken":[{"damage":2,"enemies":"Jaw Worm","floor":1,"turns":3},{"damage":7,"enemies":"Small Slimes","floor":4,"turns":3},{"damage":1,"enemies":"Cultist","floor":5,"turns":4},{"damage":13,"enemies":"Lagavulin","floor":7,"turns":7},{"damage":8,"enemies":"Lots of Slimes","floor":10,"turns":5},{"damage":0,"enemies":"2 Fungi Beasts","floor":14,"turns":3},{"damage":37,"enemies":"Hexaghost","floor":16,"turns":11}],"seed_played":"-5874181983725224836","potions_obtained":[{"floor":7,"key":"Weak Potion"},{"floor":14,"key":"ZuzhouPotion:ReiMu"}],"is_trial":false,"path_per_floor":["M","?","$","M","M","R","E","R","T","M","?","R","?","M","R","B"],"character_chosen":"HERMIT","items_purchased":["hermit:PistolWhip"],"campfire_rested":0,"item_purchase_floors":[3],"current_hp_per_floor":[66,59,74,67,66,66,53,53,53,45,45,45,33,33,33,0,0],"gold":152,"neow_bonus":"RANDOM_COMMON_RELIC","is_daily":false,"chose_seed":false,"campfire_upgraded":4,"win_rate":0.0,"timestamp":1610168544,"path_taken":["M","?","$","M","M","R","E","R","T","M","?","R","?","M","R","BOSS"],"items_purchased_type":["Card"],"build_version":"2020-12-22","purchased_purges":0,"victory":false,"max_hp_per_floor":[75,75,75,75,75,75,75,75,75,75,75,75,75,75,75,75,75],"card_choices":[{"not_picked":["hermit:Ricochet","hermit:Midnight"],"picked":"hermit:Vantage","floor":1},{"not_picked":["hermit:Roulette","hermit:LowProfile"],"picked":"hermit:TakeCover","floor":4},{"not_picked":["hermit:Desperado","hermit:HoleUp"],"picked":"hermit:Headshot","floor":5},{"not_picked":["hermit:Roulette","hermit:Grudge"],"picked":"hermit:Deadeye","floor":7},{"not_picked":["hermit:Headshot","hermit:Snipe","hermit:CalledShot"],"picked":"SKIP","floor":10},{"not_picked":["hermit:HighCaliber","hermit:Showdown"],"picked":"hermit:Spite","floor":14}],"player_experience":1362591,"relics_obtained":[{"floor":7,"key":"Lantern"},{"floor":9,"key":"Whetstone"}],"event_choices":[{"cards_removed":["hermit:Strike_Hermit"],"damage_healed":0,"gold_gain":0,"player_choice":"Card Removal","damage_taken":7,"max_hp_gain":0,"max_hp_loss":0,"event_name":"Golden Wing","floor":2,"gold_loss":0},{"damage_healed":0,"gold_gain":0,"player_choice":"Take Wound","damage_taken":0,"relics_obtained":["Golden Idol"],"max_hp_gain":0,"max_hp_loss":0,"event_name":"Golden Idol","floor":11,"gold_loss":0,"cards_obtained":["Injury"]},{"damage_healed":0,"gold_gain":0,"player_choice":"Success","damage_taken":12,"relics_obtained":["Ancient Tea Set"],"max_hp_gain":0,"max_hp_loss":0,"event_name":"Scrap Ooze","floor":13,"gold_loss":0}],"is_beta":false,"boss_relics":[],"items_purged_floors":[],"is_endless":false,"potions_floor_spawned":[7,14],"killed_by":"Hexaghost","ascension_level":6}}