{"host":"a4s27ghlnr83kbqz","time":1610157380,"event":{"mods":["AchievementEnabler","BaseMod","Colored Map","Minty Spire (QoL Compilation)","Permanent Neow","SuperFastMode"],"gold_per_floor":[10,20,39,51,68,68,81,100,100,132,57,57,57,57],"floor_reached":13,"playtime":248,"items_purged":["Strike_R"],"score":178,"play_id":"18ce4ef9-222d-4824-94be-1bf3b9ed1177","local_time":"20210109095620","is_ascension_mode":true,"campfire_choices":[{"data":"Carnage","floor":6,"key":"SMITH"}],"circlet_count":0,"master_deck":["AscendersBane","Strike_R","Strike_R","Strike_R","Defend_R","Defend_R","Defend_R","Bash","Flex","Carnage+1","Evolve","Wild Strike","Battle Trance","Immolate","Armaments","Fire Breathing"],"relics":["Burning Blood","Molten Egg 2","Anchor"],"acts_visited":["Exordium"],"potions_floor_usage":[13],"damage_taken":[{"damage":12.0,"enemies":"Cultist","floor":1.0,"turns":4.0},{"damage":16.0,"enemies":"Jaw Worm","floor":2.0,"turns":4.0},{"damage":0.0,"enemies":"2 Louse","floor":3.0,"turns":2.0},{"damage":23.0,"enemies":"Exordium Wildlife","floor":4.0,"turns":4.0},{"damage":16.0,"enemies":"Blue Slaver","floor":5.0,"turns":3.0},{"damage":9,"enemies":"Large Slime","floor":7,"turns":5},{"damage":6,"enemies":"Exordium Wildlife","floor":8,"turns":2},{"damage":37,"enemies":"Lagavulin","floor":10,"turns":5},{"damage":32,"enemies":"Gremlin Nob","floor":13,"turns":3}],"seed_played":"-56983179480454383","potions_obtained":[{"floor":2.0,"key":"EntropicBrew"},{"floor":5.0,"key":"Fire Potion"}],"is_trial":false,"path_per_floor":["M","M","M","M","M","R","M","M","T","E","$","?","E"],"character_chosen":"IRONCLAD","items_purchased":[],"campfire_rested":0,"item_purchase_floors":[],"current_hp_per_floor":[62,52,58,41,31,31,28,28,28,28,28,28,0,0],"gold":57,"neow_bonus":"REMOVE_TWO","is_daily":false,"chose_seed":false,"campfire_upgraded":1,"win_rate":0.0,"timestamp":1610157380,"path_taken":["M","M","M","M","M","R","M","M","T","E","$","?","E"],"items_purchased_type":[],"build_version":"2020-12-22","purchased_purges":1,"victory":false,"max_hp_per_floor":[75,75,75,75,75,75,75,75,75,75,75,75,75,75],"card_choices":[{"not_picked":["True Grit","Havoc"],"picked":"Flex","floor":1.0},{"not_picked":["Clothesline","True Grit"],"picked":"Carnage","floor":2.0},{"not_picked":["Thunderclap","Pommel Strike"],"picked":"Evolve","floor":3.0},{"not_picked":["Clothesline","Clash"],"picked":"Wild Strike","floor":4.0},{"not_picked":["Ghostly Armor","Wild Strike"],"picked":"Battle Trance","floor":5.0},{"not_picked":["Shrug It Off","Perfected Strike"],"picked":"Immolate","floor":7},{"not_picked":["Searing Blow","Pommel Strike"],"picked":"Armaments","floor":8},{"not_picked":["Wild Strike+1","Warcry"],"picked":"Fire Breathing","floor":10}],"player_experience":1092048,"relics_obtained":[{"floor":9,"key":"Molten Egg 2"},{"floor":10,"key":"Anchor"}],"event_choices":[{"damage_healed":0,"gold_gain":0,"player_choice":"Fled","damage_taken":0,"max_hp_gain":0,"max_hp_loss":0,"event_name":"Scrap Ooze","floor":12,"gold_loss":0}],"is_beta":false,"boss_relics":[],"items_purged_floors":[11],"is_endless":false,"potions_floor_spawned":[2,5],"killed_by":"Gremlin Nob","ascension_level":20}}