{"host":"s41rn2jhghpwfrvz","time":1610222612,"event":{"mods":["BaseMod","Minty Spire (QoL Compilation)","Quick Restart","Relic Stats","SuperFastMode"],"gold_per_floor":[114,114,59,70,80,5,38,57,57,86,86,86,86],"floor_reached":12,"playtime":374,"items_purged":["Steam"],"score":226,"play_id":"58fdf88c-91a0-4387-887c-4775947d3aeb","local_time":"20210109220332","daily_mods":["SealedDeck","Vintage","Diverse"],"is_ascension_mode":true,"campfire_choices":[],"circlet_count":0,"master_deck":["AscendersBane","Cloak And Dagger","Evaluate","Pummel","Coolheaded","Hologram","White Noise","Rage","Blur","Body Slam","Backflip","Backflip"],"relics":["Burning Blood","Ancient Tea Set","Mercury Hourglass","Pen Nib","Self Forming Clay","White Beast Statue","Smiling Mask","The Courier","Juzu Bracelet"],"acts_visited":["Exordium"],"potions_floor_usage":[7,12],"damage_taken":[{"damage":0,"enemies":"Cultist","floor":1,"turns":5},{"damage":0,"enemies":"2 Louse","floor":4,"turns":3},{"damage":7,"enemies":"Jaw Worm","floor":5,"turns":3},{"damage":65,"enemies":"Gremlin Nob","floor":7,"turns":5},{"damage":5,"enemies":"3 Louse","floor":8,"turns":4},{"damage":0,"enemies":"Lagavulin","floor":10,"turns":6},{"damage":39,"enemies":"Gremlin Nob","floor":12,"turns":3}],"seed_played":"-2874711627349412517","potions_obtained":[{"floor":4,"key":"Swift Potion"},{"floor":7,"key":"FearPotion"},{"floor":8,"key":"ElixirPotion"},{"floor":10,"key":"LiquidMemories"}],"is_trial":true,"path_per_floor":["M","T","$","M","M","$","E","M","T","E","?","E"],"character_chosen":"IRONCLAD","items_purchased":["Backflip"],"campfire_rested":0,"item_purchase_floors":[3],"current_hp_per_floor":[74,74,74,75,74,74,15,16,16,22,27,0,0],"gold":86,"neow_bonus":"","is_daily":false,"chose_seed":false,"campfire_upgraded":0,"win_rate":0.0,"timestamp":1610222612,"path_taken":["M","?","$","M","M","$","E","?","T","E","?","E"],"items_purchased_type":["Card"],"build_version":"2020-12-22","purchased_purges":1,"victory":false,"max_hp_per_floor":[75,75,75,75,75,75,75,75,75,75,80,80,80],"relic_stats":{"counters":[7,28],"Self Forming Clay":[9],"Pen Nib":[2],"Juzu Bracelet":0,"Smiling Mask":0,"obtain_stats":[{"Self Forming Clay":5,"Pen Nib":4,"The Courier":9,"Juzu Bracelet":10,"Ancient Tea Set":1,"Smiling Mask":8,"Burning Blood":0,"White Beast Statue":7,"Mercury Hourglass":2},{"Self Forming Clay":3,"Pen Nib":2,"The Courier":5,"Juzu Bracelet":6,"Ancient Tea Set":1,"Smiling Mask":5,"Burning Blood":0,"White Beast Statue":4,"Mercury Hourglass":1},{"Self Forming Clay":11,"Pen Nib":8,"The Courier":19,"Juzu Bracelet":25,"Ancient Tea Set":5,"Smiling Mask":19,"Burning Blood":0,"White Beast Statue":16,"Mercury Hourglass":5}],"Burning Blood":31,"Mercury Hourglass":[81]},"card_choices":[{"not_picked":["Infernal Blade","Steam","BootSequence"],"picked":"SKIP","floor":7},{"not_picked":["DeusExMachina","Flame Barrier"],"picked":"Backflip","floor":10}],"player_experience":1693908,"relics_obtained":[{"floor":1,"key":"Ancient Tea Set"},{"floor":2,"key":"Mercury Hourglass"},{"floor":4,"key":"Pen Nib"},{"floor":5,"key":"Self Forming Clay"},{"floor":7,"key":"White Beast Statue"},{"floor":8,"key":"Smiling Mask"},{"floor":9,"key":"The Courier"},{"floor":10,"key":"Juzu Bracelet"}],"event_choices":[{"damage_healed":0,"gold_gain":0,"player_choice":"Donut","damage_taken":0,"max_hp_gain":5,"max_hp_loss":0,"event_name":"Big Fish","floor":11,"gold_loss":0}],"is_beta":false,"boss_relics":[],"items_purged_floors":[6],"is_endless":false,"potions_floor_spawned":[4,7,8,10],"killed_by":"Gremlin Nob","ascension_level":20}}