{"host":"df48i9djcn92c5sx","time":1610199873,"event":{"mods":["BaseMod","Downfall","Marisa£®ÏF”Í°°ƒß¿Ì…≥£©","Minty Spire (QoL Compilation)","READ ME - Guardian Mod","READ ME - Snecko Mod","Reimu£®≤©¿ˆ¡È√Œ£©","Remilia£®¿Ÿ√◊¿Ú—«£©","Replay The Spire","Shop Mod","StSLib","The Jungle","The Servant 0.9.4"],"gold_per_floor":[99,99,99,249,249,249,296,296,312,64,64,95,95,151,171,269,269,269,281,281,281],"floor_reached":20,"playtime":633,"items_purged":["Slimebound:Icky"],"score":216,"play_id":"f5acfdb7-bad4-483c-9f89-42de5d210420","local_time":"20210109214433","is_ascension_mode":true,"campfire_choices":[{"data":"KidneyShot","floor":1,"key":"SMITH"},{"data":"FanOfKnives","floor":8,"key":"SMITH"},{"data":"Ricochet","floor":11,"key":"SMITH"},{"data":"Deny","floor":13,"key":"SMITH"},{"data":"Snipe","floor":18,"key":"SMITH"}],"circlet_count":0,"master_deck":["Strike_S","Strike_S","Strike_S","Strike_S","Defend_S","Defend_S","Defend_S","Defend_S","KidneyShot+1","Exchange","SurpressingFire","FanOfKnives+1","Ricochet+1","Snipe+1","TrueSight","Deny+1","BottledTime","Rearm","Sunlight+1"],"relics":["Uniform","downfall:HeartsMalice","Lantern","Art of War","Golden Egg","Replay:Fungal Core"],"acts_visited":["Exordium","Exordium"],"potions_floor_usage":[12,12,16,16,16],"damage_taken":[{"damage":0,"enemies":"2 Louse","floor":2,"turns":1},{"damage":0,"enemies":"Cultist","floor":3,"turns":1},{"damage":0,"enemies":"Jaw Worm","floor":6,"turns":1},{"damage":22,"enemies":"Exordium Thugs","floor":9,"turns":6},{"damage":0,"enemies":"downfall:FleeingMerchant","floor":10,"turns":4},{"damage":3,"enemies":"3 Sentries","floor":12,"turns":3},{"damage":0,"enemies":"2 Fungi Beasts","floor":15,"turns":1},{"damage":31,"enemies":"downfall:Ironclad","floor":16,"turns":10},{"damage":27,"enemies":"theJungle:MUSHROOMGANG","floor":19,"turns":3},{"damage":8,"enemies":"theJungle:GiantWrat","floor":20,"turns":3}],"seed_played":"-7204661158229298960","potions_obtained":[{"floor":5,"key":"Languid Potion"},{"floor":5,"key":"Flashbang"},{"floor":5,"key":"hexamod:EctoCoolerPotion"},{"floor":9,"key":"Adrenaline Potion"},{"floor":12,"key":"DistilledChaos"},{"floor":14,"key":"SteroidPotion"}],"is_trial":false,"path_per_floor":["R","M","M","?","?","M","T","R","M","$","R","E","R","?","M","B",null,"R","M","M"],"character_chosen":"THE_SERVANT","items_purchased":["TrueSight"],"campfire_rested":0,"item_purchase_floors":[10],"current_hp_per_floor":[59,59,59,59,59,59,59,59,37,37,37,34,34,34,34,3,50,50,23,15,15],"gold":281,"neow_bonus":"THREE_ENEMY_KILL","is_daily":false,"chose_seed":false,"campfire_upgraded":5,"win_rate":0.0,"timestamp":1610199873,"path_taken":["R","M","M","?","?","M","T","R","?","$","R","E","R","?","M","BOSS","R","M","M"],"items_purchased_type":["Card"],"build_version":"2020-12-22","purchased_purges":1,"victory":false,"max_hp_per_floor":[65,65,65,65,65,65,65,65,65,65,65,65,65,65,65,65,65,65,65,65,65],"card_choices":[{"not_picked":["DoubleEdge","TimeWarp"],"picked":"SurpressingFire","floor":2},{"not_picked":["Starlight","ShatteredReality","Defy"],"picked":"SKIP","floor":3},{"not_picked":["Advance","Potential"],"picked":"FanOfKnives","floor":6},{"not_picked":["FastForward","StarChef"],"picked":"Ricochet","floor":9},{"not_picked":["Potential","FastForward"],"picked":"Snipe","floor":10},{"not_picked":["Defy","FastForward"],"picked":"Deny","floor":12},{"not_picked":["DoubleEdge","Potential"],"picked":"BottledTime","floor":14},{"not_picked":["Ricochet","Alleviate"],"picked":"Rearm","floor":15},{"not_picked":["SilverMatrix","MurderousAura"],"picked":"Sunlight","floor":16},{"not_picked":["Starlight","Potential+1","DoubleEdge+1"],"picked":"SKIP","floor":19}],"player_experience":1413452,"relics_obtained":[{"floor":7,"key":"Lantern"},{"floor":12,"key":"Art of War"},{"floor":14,"key":"Golden Egg"}],"event_choices":[{"damage_healed":0,"gold_gain":0,"player_choice":"Got Potions","damage_taken":0,"max_hp_gain":0,"max_hp_loss":0,"event_name":"Lab","floor":5,"gold_loss":0}],"is_beta":false,"boss_relics":[{"not_picked":["Empty Cage","ReplayTheSpireMod:DimensionalGlitch"],"picked":"Replay:Fungal Core"}],"items_purged_floors":[10],"is_endless":false,"potions_floor_spawned":[9,12,15],"killed_by":"theJungle:GiantWrat","ascension_level":6}}