{"host":"uxq2rly8rxtwffuf","time":1610206350,"event":{"mods":["BaseMod","Koishi","Minty Spire (QoL Compilation)","StSLib","The Judge","The Servant 0.9.4"],"gold_per_floor":[111,111,111,124,139,139,139,155,178,128,128,162,19,39,39,142,142,154,0,0,13,13,13,33,33,33],"floor_reached":25,"playtime":981,"items_purged":["Strike_G"],"score":387,"play_id":"cff441c3-a24d-4a6b-8858-3944e2f35802","local_time":"20210109183230","is_ascension_mode":true,"campfire_choices":[{"data":"Endless Agony","floor":6,"key":"SMITH"},{"data":"Leg Sweep","floor":11,"key":"SMITH"},{"data":"Glass Knife","floor":15,"key":"SMITH"},{"data":"Envenom","floor":23,"key":"SMITH"}],"circlet_count":0,"master_deck":["AscendersBane","Defend_G","Defend_G","Defend_G","Defend_G","Defend_G","Survivor","Neutralize+1","Dash+1","Endless Agony+1","Leg Sweep+1","Dagger Spray","Glass Knife+1","Endless Agony","Envenom+1","Noxious Fumes","Infinite Blades","Bite","Bite","Bite","Bite","Bite","Cloak And Dagger"],"relics":["Ring of the Snake","Juzu Bracelet","TwistedFunnel","Cursed Key"],"acts_visited":["Exordium","TheCity"],"potions_floor_usage":[16,24],"damage_taken":[{"damage":0,"enemies":"Small Slimes","floor":1,"turns":5},{"damage":0,"enemies":"Jaw Worm","floor":4,"turns":3},{"damage":0,"enemies":"Cultist","floor":5,"turns":3},{"damage":0,"enemies":"2 Fungi Beasts","floor":8,"turns":4},{"damage":0,"enemies":"3 Sentries","floor":12,"turns":11},{"damage":0,"enemies":"Large Slime","floor":14,"turns":7},{"damage":71,"enemies":"Hexaghost","floor":16,"turns":16},{"damage":5,"enemies":"Shell Parasite","floor":18,"turns":4},{"damage":1,"enemies":"2 Thieves","floor":21,"turns":4},{"damage":29,"enemies":"Snake Plant","floor":24,"turns":5},{"damage":44,"enemies":"Slavers","floor":25,"turns":2}],"seed_played":"1235742157562098454","potions_obtained":[{"floor":1,"key":"Energy Potion"},{"floor":5,"key":"SkillPotion"}],"is_trial":false,"path_per_floor":["M","?","?","M","M","R","?","M","T","?","R","E","$","M","R","B",null,"M","$","?","M","?","R","M","E"],"character_chosen":"THE_SILENT","items_purchased":["TwistedFunnel","Infinite Blades"],"campfire_rested":0,"item_purchase_floors":[13,19],"current_hp_per_floor":[70,70,70,70,70,70,70,70,70,70,70,72,72,74,74,5,59,56,56,56,57,57,57,40,0,0],"gold":33,"neow_bonus":"TEN_PERCENT_HP_BONUS","is_daily":false,"chose_seed":false,"campfire_upgraded":4,"win_rate":0.0,"timestamp":1610206350,"path_taken":["M","?","?","M","?","R","?","M","T","?","R","E","$","M","R","BOSS","M","$","?","M","?","R","M","E"],"items_purchased_type":["Relic","Card"],"build_version":"2020-12-22","purchased_purges":1,"victory":false,"max_hp_per_floor":[77,77,77,77,77,77,77,77,77,77,77,77,77,77,77,77,77,77,77,77,77,77,77,77,77,77],"card_choices":[{"not_picked":["Well Laid Plans","Setup"],"picked":"Dash","floor":1},{"not_picked":["Prepared","Poisoned Stab"],"picked":"Endless Agony","floor":4},{"not_picked":["Poisoned Stab","Concentrate"],"picked":"Leg Sweep","floor":5},{"not_picked":["Backflip","Bane"],"picked":"Dagger Spray","floor":8},{"not_picked":["Bane","Tactician"],"picked":"Glass Knife","floor":12},{"not_picked":["Underhanded Strike","Caltrops"],"picked":"Endless Agony","floor":14},{"not_picked":["Phantasmal Killer","Night Terror"],"picked":"Envenom","floor":16},{"not_picked":["Dodge and Roll+1","Backflip+1"],"picked":"Noxious Fumes","floor":18},{"not_picked":["Deflect","Accuracy","Acrobatics"],"picked":"SKIP","floor":21},{"not_picked":["Backflip","Expertise"],"picked":"Cloak And Dagger","floor":24}],"player_experience":1394177,"relics_obtained":[{"floor":9,"key":"Blood Vial"},{"floor":12,"key":"Juzu Bracelet"}],"event_choices":[{"damage_healed":0,"gold_gain":0,"player_choice":"Ignored","damage_taken":0,"max_hp_gain":0,"max_hp_loss":0,"event_name":"Liars Game","floor":2,"gold_loss":0},{"damage_healed":0,"gold_gain":0,"player_choice":"Upgraded","damage_taken":0,"max_hp_gain":0,"max_hp_loss":0,"event_name":"Upgrade Shrine","floor":3,"gold_loss":0,"cards_upgraded":["Dash"]},{"damage_healed":0,"gold_gain":0,"player_choice":"Grow","damage_taken":0,"max_hp_gain":0,"max_hp_loss":0,"event_name":"Living Wall","floor":7,"gold_loss":0,"cards_upgraded":["Neutralize"]},{"cards_removed":["Strike_G"],"damage_healed":0,"gold_gain":0,"player_choice":"Card Removal","damage_taken":0,"max_hp_gain":0,"max_hp_loss":0,"event_name":"The Cleric","floor":10,"gold_loss":50},{"cards_removed":["Strike_G"],"damage_healed":0,"gold_gain":0,"player_choice":"Offered Basic","damage_taken":0,"max_hp_gain":0,"max_hp_loss":0,"event_name":"Bonfire Elementals","floor":20,"gold_loss":0},{"damage_healed":0,"gold_gain":0,"player_choice":"Became a vampire (Vial)","damage_taken":0,"max_hp_gain":0,"max_hp_loss":0,"event_name":"Vampires","floor":22,"relics_lost":["Blood Vial"],"gold_loss":0,"cards_obtained":["Bite","Bite","Bite","Bite","Bite"]}],"is_beta":false,"boss_relics":[{"not_picked":["Fusion Hammer","Philosopher\u0027s Stone"],"picked":"Cursed Key"}],"items_purged_floors":[19],"is_endless":false,"potions_floor_spawned":[1,5,14],"killed_by":"Slavers","ascension_level":12}}