{"host":"6jrnojxwearbrjzo","time":1610206175,"event":{"mods":["BaseMod","Colored Map","Minty Spire (QoL Compilation)","Replay The Spire","Shop Mod","Spicy Shops","StSLib","The Cursed","The Servant 0.9.4","vexMod"],"gold_per_floor":[111,1,11,22,37,65,80,80,80,80,80,113,129,144,144,245,245,265,37,64,82,98,133,133,159,159,175,201,111,111,124,124,220,220,230,31,43,56,104,135,135,155,179,196,196,418,418,443,443,443,443,443,64,92,92],"floor_reached":56,"playtime":2898,"items_purged":["Blade Dance","ReplayTheSpireMod:Necrosis"],"score":2001,"play_id":"da2f6406-83cc-42bb-ac2c-6de72b83abfd","local_time":"20210109232935","is_ascension_mode":true,"campfire_choices":[{"data":"Blade Dance","floor":8,"key":"SMITH"},{"floor":24,"key":"REST"},{"data":"1","floor":30,"key":"LIFT"},{"data":"2","floor":32,"key":"LIFT"},{"data":"3","floor":41,"key":"LIFT"},{"floor":49,"key":"RECALL"},{"data":"Wraith Form v2","floor":52,"key":"SMITH"}],"circlet_count":0,"master_deck":["Survivor","Neutralize+1","Adrenaline","Well Laid Plans","Terror","Blade Dance+1","Reflex","Toxin Wave+1","Wraith Form v2+1","Expertise","Acrobatics","ReplayTheSpireMod:Scrap Shanks","All Out Attack","Die Die Die","Backstab","Burst","Phantasmal Killer","Heel Hook","ReplayTheSpireMod:Scrap Shanks","Tactician","Venomology","Prepared+1","Catalyst","Choke+1","Madness","Madness","Enlightenment"],"relics":["Ring of the Snake","Strawberry","Iron Hammer","ReplayTheSpireMod:Ninjato","Vajra","Pandora\u0027s Box","Red Mask","vexMod:Dragonfruit","Happy Flower","Girya","Replay:Drink Me","InkBottle","Unceasing Top","Ginger","ReplayTheSpireMod:Lightbulb","Snake Skull","Pear","Boot","Paper Crane"],"acts_visited":["Exordium","TheCity","TheBeyond","TheEnding"],"potions_floor_usage":[4,12,12,16,23,33,38,38,40,40,40,44,48,50,50,50,50,55,55,55],"damage_taken":[{"damage":0,"enemies":"Cultist","floor":1,"turns":4},{"damage":0,"enemies":"Small Slimes","floor":3,"turns":3},{"damage":0,"enemies":"Jaw Worm","floor":4,"turns":2},{"damage":10,"enemies":"Exordium Wildlife","floor":5,"turns":3},{"damage":25,"enemies":"Lagavulin","floor":6,"turns":4},{"damage":10,"enemies":"Gremlin Gang","floor":7,"turns":5},{"damage":0,"enemies":"Replay:BlueRogue","floor":12,"turns":2},{"damage":3,"enemies":"Looter","floor":13,"turns":2},{"damage":13,"enemies":"3 Louse","floor":14,"turns":3},{"damage":23,"enemies":"Hexaghost","floor":16,"turns":5},{"damage":11,"enemies":"2 Thieves","floor":18,"turns":2},{"damage":7,"enemies":"Masked Bandits","floor":20,"turns":2},{"damage":12,"enemies":"3 Byrds","floor":21,"turns":3},{"damage":22,"enemies":"Cultist and Chosen","floor":22,"turns":4},{"damage":19,"enemies":"Slavers","floor":23,"turns":3},{"damage":0,"enemies":"Replay:Snechameleon","floor":25,"turns":1},{"damage":0,"enemies":"Snake Plant","floor":27,"turns":1},{"damage":6,"enemies":"Gremlin Leader","floor":28,"turns":2},{"damage":0,"enemies":"Shelled Parasite and Fungi","floor":31,"turns":1},{"damage":0,"enemies":"Pondfish","floor":33,"turns":3},{"damage":0,"enemies":"Orb Walker","floor":35,"turns":1},{"damage":0,"enemies":"3 Darklings","floor":37,"turns":1},{"damage":0,"enemies":"Transient","floor":38,"turns":2},{"damage":1,"enemies":"2 Orb Walkers","floor":39,"turns":2},{"damage":0,"enemies":"Reptomancer","floor":40,"turns":1},{"damage":0,"enemies":"Spire Growth","floor":42,"turns":1},{"damage":15,"enemies":"4 Shapes","floor":44,"turns":3},{"damage":0,"enemies":"Giant Head","floor":48,"turns":1},{"damage":4,"enemies":"Time Eater","floor":50,"turns":5},{"damage":3,"enemies":"Shield and Spear","floor":54,"turns":3},{"damage":92,"enemies":"The Heart","floor":55,"turns":6}],"seed_played":"379457434474714235","potions_obtained":[{"floor":3,"key":"Block Potion"},{"floor":5,"key":"LiquidBronze"},{"floor":7,"key":"LifebloodPotion"},{"floor":13,"key":"Energy Potion"},{"floor":22,"key":"LifebloodPotion"},{"floor":25,"key":"Weak Potion"},{"floor":31,"key":"Reflective Coating"},{"floor":40,"key":"EssenceOfSteel"},{"floor":42,"key":"FearPotion"},{"floor":48,"key":"DuplicationPotion"}],"is_trial":false,"path_per_floor":["M","$","M","M","M","E","M","R","T","?","?","E","M","M","R_BF","B",null,"M","$","?","M","M","E","R","E","T","M","E","?","R","M","R","B",null,"M","$","M","M","?","E","R","M","T","M","?","?","?","E","R_BF","B",null,"R","$","E","B",null],"character_chosen":"THE_SILENT","items_purchased":["Well Laid Plans","ReplayTheSpireMod:Scrap Shanks","InkBottle","Pear","Boot"],"campfire_rested":1,"item_purchase_floors":[2,19,36,53,53],"current_hp_per_floor":[70,70,70,70,60,42,32,32,32,32,32,32,29,16,39,16,77,66,66,59,47,25,11,35,35,35,35,29,29,29,29,29,29,62,62,62,62,62,61,61,61,61,61,46,38,38,38,38,38,34,62,62,72,69,11],"gold":92,"neow_bonus":"THREE_RARE_CARDS","is_daily":false,"chose_seed":false,"campfire_upgraded":2,"win_rate":0.0,"timestamp":1610206175,"path_taken":["M","?","M","M","M","E","M","R","T","?","?","E","?","M","R_BF","BOSS","M","$","?","M","M","E","R","E","T","M","E","?","R","M","R","BOSS","M","$","M","?","?","E","R","M","T","M","?","?","?","E","R_BF","BOSS","R","$","E","BOSS"],"items_purchased_type":["Card","Card","Relic","Relic","Relic"],"build_version":"2020-12-22","purchased_purges":2,"victory":true,"max_hp_per_floor":[70,70,70,70,70,77,77,77,77,77,77,77,77,77,77,77,77,77,77,77,77,77,82,82,82,82,82,82,82,82,82,82,82,62,62,62,62,62,62,62,62,62,62,62,62,62,62,62,62,62,62,62,72,72,72],"card_choices":[{"not_picked":["Glass Knife","Malaise"],"picked":"Adrenaline","floor":0},{"not_picked":["Bane","Poisoned Stab"],"picked":"Blade Dance","floor":1},{"not_picked":["Eviscerate","Draining Mist"],"picked":"Choke","floor":3},{"not_picked":["Bane","Hidden Blade"],"picked":"Terror","floor":4},{"not_picked":["Caltrops","Expertise"],"picked":"Blade Dance","floor":5},{"not_picked":["Quick Slash","Prepared","Leg Sweep"],"picked":"SKIP","floor":6},{"not_picked":["Corpse Explosion","Cloak And Dagger"],"picked":"Reflex","floor":7},{"not_picked":["Slice","Sucker Punch","Dodge and Roll"],"picked":"SKIP","floor":12},{"not_picked":["Deflect","Outmaneuver","Flying Knee"],"picked":"SKIP","floor":13},{"not_picked":["Dagger Spray","Doppelganger"],"picked":"Toxin Wave","floor":14},{"not_picked":["Malaise","ReplayTheSpireMod:From All Sides"],"picked":"Wraith Form v2","floor":16},{"not_picked":["Infinite Blades","Terror"],"picked":"Hidden Blade","floor":18},{"not_picked":["Blade Dance+1","Dagger Spray+1","Cloak And Dagger"],"picked":"SKIP","floor":21},{"not_picked":["Blur","ReplayTheSpireMod:Exploit Weakness+1","Flying Knee"],"picked":"SKIP","floor":22},{"not_picked":["Atom Bomb","Dagger Spray+1"],"picked":"Tactician","floor":23},{"not_picked":["Blade Dance","Flying Knee","Sucker Punch"],"picked":"SKIP","floor":25},{"not_picked":["Deflect","Endless Agony+1","Dagger Throw"],"picked":"SKIP","floor":27},{"not_picked":["Deadly Poison","Expertise","Cloak And Dagger"],"picked":"SKIP","floor":28},{"not_picked":["Endless Agony+1","Night Terror","Eviscerate+1"],"picked":"SKIP","floor":31},{"not_picked":["Corpse Explosion","Adrenaline"],"picked":"Venomology","floor":33},{"not_picked":["Masterful Stab","All Out Attack+1"],"picked":"Prepared+1","floor":35},{"not_picked":["ReplayTheSpireMod:Scrap Shanks+1","Dagger Spray"],"picked":"Catalyst","floor":37},{"not_picked":["Cloak And Dagger+1","PiercingWail","Quick Slash+1"],"picked":"SKIP","floor":38},{"not_picked":["Backflip+1","All Out Attack+1","Heel Hook"],"picked":"SKIP","floor":40},{"not_picked":["Slice","Outmaneuver"],"picked":"Choke+1","floor":42},{"not_picked":["Leg Sweep","Backflip","Sucker Punch+1"],"picked":"SKIP","floor":44},{"not_picked":["Discovery","Bandage Up"],"picked":"Enlightenment","floor":47},{"not_picked":["Toxin Wave","Poisoned Stab","Blade Dance"],"picked":"SKIP","floor":48},{"not_picked":["Heel Hook+1","Deflect","PiercingWail"],"picked":"SKIP","floor":54}],"player_experience":32757,"relics_obtained":[{"floor":6,"key":"Strawberry"},{"floor":9,"key":"Iron Hammer"},{"floor":12,"key":"Vajra"},{"floor":20,"key":"Red Mask"},{"floor":23,"key":"vexMod:Dragonfruit"},{"floor":25,"key":"Happy Flower"},{"floor":28,"key":"Girya"},{"floor":39,"key":"Unceasing Top"},{"floor":40,"key":"Ginger"},{"floor":43,"key":"ReplayTheSpireMod:Lightbulb"},{"floor":48,"key":"Snake Skull"},{"floor":54,"key":"Paper Crane"}],"event_choices":[{"damage_healed":0,"gold_gain":0,"player_choice":"Box","damage_taken":0,"relics_obtained":["ReplayTheSpireMod:Ninjato"],"max_hp_gain":0,"max_hp_loss":0,"event_name":"Big Fish","floor":10,"gold_loss":0,"cards_obtained":["Regret"]},{"damage_healed":0,"gold_gain":0,"player_choice":"Fought Bandits","damage_taken":0,"max_hp_gain":0,"max_hp_loss":0,"event_name":"Masked Bandits","floor":20,"gold_loss":0},{"cards_removed":["Regret"],"damage_healed":0,"gold_gain":0,"player_choice":"Upgrade and Remove","damage_taken":0,"max_hp_gain":0,"max_hp_loss":0,"event_name":"Designer","floor":29,"gold_loss":90,"cards_upgraded":["Neutralize"]},{"damage_healed":0,"gold_gain":0,"player_choice":"Fight","damage_taken":0,"max_hp_gain":0,"max_hp_loss":0,"event_name":"Mysterious Sphere","floor":39,"gold_loss":0},{"damage_healed":0,"gold_gain":0,"player_choice":"Embrace Madness","damage_taken":8,"max_hp_gain":0,"max_hp_loss":0,"event_name":"Winding Halls","floor":45,"gold_loss":0,"cards_obtained":["Madness","Madness"]},{"damage_healed":0,"gold_gain":222,"player_choice":"Wore Mask","damage_taken":0,"max_hp_gain":0,"max_hp_loss":0,"event_name":"Tomb of Lord Red Mask","floor":46,"gold_loss":0},{"damage_healed":0,"gold_gain":0,"player_choice":"Memory 1","damage_taken":0,"max_hp_gain":0,"max_hp_loss":0,"event_name":"SensoryStone","floor":47,"gold_loss":0}],"is_beta":false,"boss_relics":[{"not_picked":["Cursed Key","HoveringKite"],"picked":"Pandora\u0027s Box"},{"not_picked":["vexMod:BigBerry","vexMod:CursedCompass"],"picked":"Replay:Drink Me"}],"items_purged_floors":[36,53],"is_endless":false,"potions_floor_spawned":[3,5,7,13,22,25,31,40,42,44,48],"ascension_level":3}}