{"host":"jqln3q8z91cyrmpl","time":1610211616,"event":{"mods":["AchievementEnabler","BaseMod","Colored Map","DeckTracker","Keyboard Shortcuts","Minty Spire (QoL Compilation)","SuperFastMode"],"gold_per_floor":[113,131,145,70,90,123,123,123,123,142,161,189,89,124,124,224,224,244,244,262,280,280,305,33,33,33,33,33,33,48,62,62,164,164,182,230,230,230],"floor_reached":37,"playtime":1525,"items_purged":["Strike_G","Defend_G","Deadly Poison"],"score":539,"play_id":"3cdf265a-9891-4e38-a566-5c53a425d032","local_time":"20210110020016","is_ascension_mode":true,"campfire_choices":[{"floor":7.0,"key":"REST"},{"data":"Eviscerate","floor":15.0,"key":"SMITH"},{"floor":25.0,"key":"REST"},{"floor":27.0,"key":"REST"},{"floor":29.0,"key":"REST"},{"data":"Accuracy","floor":32.0,"key":"SMITH"}],"circlet_count":0,"master_deck":["Survivor","Neutralize","Eviscerate+1","Dagger Throw","Dagger Spray","Reflex","Caltrops","Dagger Throw","Prepared","Reflex","Glass Knife","Infinite Blades","Setup","Infinite Blades","Doppelganger","Blade Dance+1","Blur","Cloak And Dagger+1","Backflip","Blade Dance","Cloak And Dagger+1","Accuracy+1","After Image","Infinite Blades"],"relics":["Ring of the Snake","Potion Belt","StoneCalendar","Bottled Flame","Odd Mushroom","Mercury Hourglass","Pandora\u0027s Box","MutagenicStrength","Ornamental Fan","Sling","Boot","Dream Catcher","Empty Cage","Tingsha"],"acts_visited":["Exordium","TheCity","TheBeyond"],"potions_floor_usage":[37],"damage_taken":[{"damage":0.0,"enemies":"Cultist","floor":1.0,"turns":5.0},{"damage":2.0,"enemies":"Small Slimes","floor":2.0,"turns":4.0},{"damage":0.0,"enemies":"Jaw Worm","floor":3.0,"turns":3.0},{"damage":9.0,"enemies":"2 Fungi Beasts","floor":5.0,"turns":3.0},{"damage":5.0,"enemies":"Gremlin Nob","floor":6.0,"turns":3.0},{"damage":3.0,"enemies":"Exordium Thugs","floor":10.0,"turns":4.0},{"damage":0.0,"enemies":"3 Louse","floor":11.0,"turns":4.0},{"damage":5.0,"enemies":"The Mushroom Lair","floor":12.0,"turns":3.0},{"damage":17.0,"enemies":"3 Sentries","floor":14.0,"turns":7.0},{"damage":31.0,"enemies":"The Guardian","floor":16.0,"turns":10.0},{"damage":11.0,"enemies":"Spheric Guardian","floor":18.0,"turns":3.0},{"damage":4.0,"enemies":"Chosen","floor":20.0,"turns":4.0},{"damage":17.0,"enemies":"3 Cultists","floor":21.0,"turns":4.0},{"damage":41.0,"enemies":"Book of Stabbing","floor":23.0,"turns":4.0},{"damage":9.0,"enemies":"Snecko","floor":30.0,"turns":4.0},{"damage":10.0,"enemies":"Snake Plant","floor":31.0,"turns":4.0},{"damage":2.0,"enemies":"Automaton","floor":33.0,"turns":7.0},{"damage":5,"enemies":"Orb Walker","floor":35,"turns":4},{"damage":56,"enemies":"2 Orb Walkers","floor":36,"turns":6},{"damage":6,"enemies":"3 Shapes","floor":37,"turns":3}],"seed_played":"8603172155596865337","potions_obtained":[{"floor":1.0,"key":"GamblersBrew"},{"floor":3.0,"key":"Strength Potion"},{"floor":5.0,"key":"PowerPotion"},{"floor":10.0,"key":"Strength Potion"},{"floor":16.0,"key":"Poison Potion"},{"floor":18.0,"key":"FearPotion"},{"floor":20.0,"key":"CunningPotion"},{"floor":23.0,"key":"DuplicationPotion"},{"floor":36,"key":"SpeedPotion"}],"is_trial":false,"path_per_floor":["M","M","M","$","M","E","R","?","T","M","M","?","$","E","R","B",null,"M","?","M","M","?","E","$","R","T","R","?","R","M","M","R","B",null,"M","?","M"],"character_chosen":"THE_SILENT","items_purchased":["Sling"],"campfire_rested":4,"item_purchase_floors":[24],"current_hp_per_floor":[63,61,61,61,52,47,68,61,61,58,58,53,53,36,36,5,54,43,70,66,49,49,8,8,29,29,50,50,70,61,51,51,49,65,60,4,0,0],"gold":230,"neow_bonus":"RANDOM_COMMON_RELIC","is_daily":false,"chose_seed":false,"campfire_upgraded":2,"win_rate":0.0,"timestamp":1610211616,"path_taken":["M","M","M","$","M","E","R","?","T","M","M","?","$","E","R","BOSS","M","?","M","?","?","E","$","R","T","R","?","R","M","M","R","BOSS","M","?","M"],"items_purchased_type":["Relic"],"build_version":"2020-12-22","purchased_purges":3,"victory":false,"max_hp_per_floor":[70,70,70,70,70,70,70,70,70,70,70,70,70,70,70,70,70,70,70,70,70,70,70,70,70,70,70,70,70,70,70,70,70,70,70,70,70,70],"card_choices":[{"not_picked":["Setup","Predator","Bane"],"picked":"SKIP","floor":1.0},{"not_picked":["Infinite Blades","Cloak And Dagger"],"picked":"Eviscerate","floor":2.0},{"not_picked":["Dagger Spray","Noxious Fumes"],"picked":"Dagger Throw","floor":3.0},{"not_picked":["Outmaneuver","Accuracy"],"picked":"Dagger Spray","floor":5.0},{"not_picked":["Masterful Stab","Prepared"],"picked":"Reflex","floor":6.0},{"not_picked":["Sucker Punch","Outmaneuver"],"picked":"Caltrops","floor":10.0},{"not_picked":["Deflect","Phantasmal Killer"],"picked":"Dagger Throw","floor":11.0},{"not_picked":["Poisoned Stab","Flying Knee"],"picked":"Prepared","floor":12.0},{"not_picked":["Leg Sweep","Deflect"],"picked":"Reflex","floor":14.0},{"not_picked":["A Thousand Cuts","Bullet Time"],"picked":"Glass Knife","floor":16.0},{"not_picked":["Deadly Poison","Blade Dance+1","Predator"],"picked":"SKIP","floor":18.0},{"not_picked":["Deadly Poison","Blade Dance+1","Predator"],"picked":"SKIP","floor":18.0},{"not_picked":["Deadly Poison","Predator"],"picked":"Blade Dance+1","floor":18.0},{"not_picked":["Deflect+1","Flying Knee"],"picked":"Blur","floor":20.0},{"not_picked":["Deadly Poison+1","Backstab"],"picked":"Cloak And Dagger+1","floor":21.0},{"not_picked":["Leg Sweep","Caltrops"],"picked":"Backflip","floor":23.0},{"not_picked":["Flying Knee","Dagger Spray"],"picked":"Blade Dance","floor":29.0},{"not_picked":["Backflip","Footwork"],"picked":"Cloak And Dagger+1","floor":30.0},{"not_picked":["Masterful Stab+1","Deadly Poison"],"picked":"Accuracy","floor":31.0},{"not_picked":["Wraith Form v2","Malaise"],"picked":"After Image","floor":33.0},{"not_picked":["Quick Slash+1","Deflect"],"picked":"Infinite Blades","floor":35}],"player_experience":369798,"relics_obtained":[{"floor":6.0,"key":"StoneCalendar"},{"floor":9.0,"key":"Bottled Flame"},{"floor":12.0,"key":"Odd Mushroom"},{"floor":14.0,"key":"Mercury Hourglass"},{"floor":23.0,"key":"Ornamental Fan"},{"floor":26.0,"key":"Boot"},{"floor":36,"key":"Tingsha"}],"event_choices":[{"cards_removed":["Strike_G"],"damage_healed":0.0,"max_hp_gain":0.0,"max_hp_loss":0.0,"gold_gain":0.0,"event_name":"Golden Wing","player_choice":"Card Removal","floor":8.0,"gold_loss":0.0,"damage_taken":7.0},{"damage_healed":0.0,"max_hp_gain":0.0,"max_hp_loss":0.0,"gold_gain":0.0,"event_name":"Mushrooms","player_choice":"Fought Mushrooms","floor":12.0,"gold_loss":0.0,"damage_taken":0.0},{"cards_removed":["Endless Agony"],"damage_healed":27.0,"max_hp_gain":0.0,"max_hp_loss":0.0,"gold_gain":0.0,"event_name":"Bonfire Elementals","player_choice":"Offered Uncommon","floor":19.0,"gold_loss":0.0,"damage_taken":0.0},{"damage_healed":0.0,"max_hp_gain":0.0,"max_hp_loss":0.0,"gold_gain":0.0,"event_name":"Drug Dealer","player_choice":"Inject Mutagens","floor":22.0,"gold_loss":0.0,"damage_taken":0.0,"relics_obtained":["MutagenicStrength"]},{"damage_healed":0.0,"max_hp_gain":0.0,"max_hp_loss":0.0,"gold_gain":0.0,"event_name":"The Mausoleum","player_choice":"Opened","floor":28.0,"gold_loss":0.0,"damage_taken":0.0,"relics_obtained":["Dream Catcher"],"cards_obtained":["Writhe"]},{"damage_healed":0,"gold_gain":0,"player_choice":"Fight","damage_taken":0,"max_hp_gain":0,"max_hp_loss":0,"event_name":"Mysterious Sphere","floor":36,"gold_loss":0}],"is_beta":false,"boss_relics":[{"not_picked":["Cursed Key","SacredBark"],"picked":"Pandora\u0027s Box"},{"not_picked":["Coffee Dripper","Sozu"],"picked":"Empty Cage"}],"items_purged_floors":[4,13,24],"is_endless":false,"potions_floor_spawned":[1,3,5,10,16,18,20,23,36],"killed_by":"3 Shapes","ascension_level":7}}