{"host":"oiw60b5ins9fyx34","time":1610202638,"event":{"mods":["BaseMod","Colored Map","Colored Powertips","Minty Spire (QoL Compilation)","Permanent Neow","Quick Restart","Relic Stats","StSLib"],"gold_per_floor":[112,128,128,128,128,128,168,168,168,168,212,139,163,49,49,175,175,198,198,217,78,94,94,108,108,135,147,159,187,199,229,241,373,385,416,442,454,466,502,514,526,526],"floor_reached":41,"playtime":1612,"items_purged":["Defend_B","Strike_B"],"score":424,"play_id":"b1ed9066-725a-48a5-b566-5dfa483b558d","local_time":"20210109233038","is_ascension_mode":false,"campfire_choices":[{"data":"Ball Lightning","floor":6,"key":"SMITH"},{"floor":8,"key":"REST"},{"data":"Loop","floor":15,"key":"SMITH"},{"data":"Defragment","floor":23,"key":"SMITH"},{"data":"Defragment","floor":25,"key":"SMITH"},{"data":"Force Field","floor":27,"key":"SMITH"},{"data":"Redo","floor":30,"key":"SMITH"},{"data":"Force Field","floor":32,"key":"SMITH"},{"floor":40,"key":"REST"}],"circlet_count":0,"master_deck":["Strike_B","Strike_B+1","Strike_B","Defend_B","Defend_B+1","Defend_B+1","Zap","Dualcast","Hyperbeam+1","Ball Lightning+1","Go for the Eyes","Auto Shields","Loop+1","Machine Learning","Skim","Electrodynamics+1","Redo+1","Defragment+1","Defragment+1","Force Field+1","Force Field+1","Regret","Redo+1","Fission","Ball Lightning+1"],"relics":["Cracked Core","Golden Idol","Thread and Needle","War Paint","Cursed Key","MawBank","Runic Pyramid"],"acts_visited":["Exordium","TheCity","TheBeyond"],"potions_floor_usage":[],"damage_taken":[{"damage":0,"enemies":"Small Slimes","floor":1,"turns":1},{"damage":10,"enemies":"2 Louse","floor":2,"turns":3},{"damage":25,"enemies":"Gremlin Nob","floor":7,"turns":4},{"damage":0,"enemies":"3 Sentries","floor":11,"turns":3},{"damage":0,"enemies":"Jaw Worm","floor":13,"turns":2},{"damage":2,"enemies":"Hexaghost","floor":16,"turns":9},{"damage":0,"enemies":"Spheric Guardian","floor":18,"turns":3},{"damage":0,"enemies":"3 Byrds","floor":20,"turns":3},{"damage":9,"enemies":"Snake Plant","floor":22,"turns":3},{"damage":0,"enemies":"Snecko","floor":24,"turns":3},{"damage":6,"enemies":"Sentry and Sphere","floor":29,"turns":4},{"damage":5,"enemies":"Cultist and Chosen","floor":31,"turns":4},{"damage":35,"enemies":"Collector","floor":33,"turns":7},{"damage":4,"enemies":"Orb Walker","floor":35,"turns":4},{"damage":42,"enemies":"3 Darklings","floor":36,"turns":4},{"damage":26,"enemies":"Spire Growth","floor":39,"turns":5},{"damage":0,"enemies":"Reptomancer","floor":41,"turns":2}],"seed_played":"-5470720461559744635","potions_obtained":[{"floor":11,"key":"Swift Potion"},{"floor":13,"key":"Swift Potion"},{"floor":16,"key":"FocusPotion"}],"is_trial":false,"path_per_floor":["M","M","?","?","?","R","E","R","T","?","E","$","M","$","R","B",null,"M","?","M","$","M","R","M","R","T","R","T","M","R","M","R","B",null,"M","M","?","?","M","R","E"],"character_chosen":"DEFECT","items_purchased":["Loop","Skim","Defragment"],"campfire_rested":2,"item_purchase_floors":[12,14,21],"current_hp_per_floor":[75,65,65,50,32,32,7,29,29,34,34,34,34,34,34,32,80,80,80,80,80,71,71,71,71,71,71,71,65,65,60,60,25,80,76,34,34,34,8,32,32,32],"gold":526,"neow_bonus":"ONE_RANDOM_RARE_CARD","is_daily":false,"chose_seed":false,"campfire_upgraded":7,"win_rate":0.0,"timestamp":1610202638,"path_taken":["M","M","?","?","?","R","E","R","T","?","E","$","?","$","R","BOSS","M","?","?","$","M","R","M","R","T","R","?","M","R","M","R","BOSS","M","M","?","?","M","R","E"],"items_purchased_type":["Card","Card","Card"],"build_version":"2020-12-22","purchased_purges":2,"victory":false,"max_hp_per_floor":[75,75,75,75,75,75,75,75,75,80,80,80,80,80,80,80,80,80,80,80,80,80,80,80,80,80,80,80,80,80,80,80,80,80,80,80,80,80,80,80,80,80],"relic_stats":{"counters":[17,63],"Golden Idol":105,"War Paint":["Defend_B","Defend_B"],"Cursed Key":1,"MawBank":180,"obtain_stats":[{"Golden Idol":5,"Thread and Needle":7,"War Paint":11,"Cracked Core":0,"Cursed Key":17,"MawBank":26,"Runic Pyramid":34},{"Golden Idol":2,"Thread and Needle":3,"War Paint":4,"Cracked Core":0,"Cursed Key":6,"MawBank":10,"Runic Pyramid":13},{"Golden Idol":4,"Thread and Needle":8,"War Paint":11,"Cracked Core":0,"Cursed Key":22,"MawBank":34,"Runic Pyramid":49}]},"card_choices":[{"not_picked":["Hologram","Steam","Beam Cell"],"picked":"SKIP","floor":1},{"not_picked":["Consume","Rebound"],"picked":"Ball Lightning","floor":2},{"not_picked":["Chaos","Hologram"],"picked":"Go for the Eyes","floor":7},{"not_picked":["Ball Lightning","Tempest"],"picked":"Auto Shields","floor":11},{"not_picked":["Blizzard","Recycle"],"picked":"Machine Learning","floor":13},{"not_picked":["Echo Form","Seek"],"picked":"Electrodynamics","floor":16},{"not_picked":["Aggregate","Reprogram+1"],"picked":"Redo","floor":18},{"not_picked":["Heatsinks","Fusion"],"picked":"Defragment","floor":20},{"not_picked":["Redo","BootSequence"],"picked":"Force Field","floor":22},{"not_picked":["Chaos+1","Streamline"],"picked":"Force Field","floor":24},{"not_picked":["Rebound","Sweeping Beam","Coolheaded"],"picked":"SKIP","floor":29},{"not_picked":["Scrape+1","Go for the Eyes"],"picked":"Redo+1","floor":31},{"not_picked":["Reboot","Multi-Cast"],"picked":"Fission","floor":33},{"not_picked":["Cold Snap+1","Heatsinks"],"picked":"Ball Lightning+1","floor":35},{"not_picked":["Steam","Streamline+1","Redo"],"picked":"SKIP","floor":36},{"not_picked":["Genetic Algorithm","Conserve Battery","Compile Driver"],"picked":"SKIP","floor":39}],"player_experience":590106,"relics_obtained":[{"floor":7,"key":"Thread and Needle"},{"floor":11,"key":"War Paint"},{"floor":26,"key":"MawBank"}],"event_choices":[{"damage_healed":0,"gold_gain":0,"player_choice":"Ignored","damage_taken":0,"max_hp_gain":0,"max_hp_loss":0,"event_name":"Liars Game","floor":3,"gold_loss":0},{"damage_healed":0,"gold_gain":0,"player_choice":"Entered Light","damage_taken":15,"max_hp_gain":0,"max_hp_loss":0,"event_name":"Shining Light","floor":4,"gold_loss":0,"cards_upgraded":["Hyperbeam","Strike_B"]},{"damage_healed":0,"gold_gain":0,"player_choice":"Take Damage","damage_taken":18,"relics_obtained":["Golden Idol"],"max_hp_gain":0,"max_hp_loss":0,"event_name":"Golden Idol","floor":5,"gold_loss":0},{"damage_healed":0,"gold_gain":0,"player_choice":"Donut","damage_taken":0,"max_hp_gain":5,"max_hp_loss":0,"event_name":"Big Fish","floor":10,"gold_loss":0},{"damage_healed":0,"gold_gain":0,"player_choice":"Forge","damage_taken":0,"max_hp_gain":0,"max_hp_loss":0,"event_name":"Accursed Blacksmith","floor":19,"gold_loss":0,"cards_upgraded":["Electrodynamics"]},{"damage_healed":0,"gold_gain":0,"player_choice":"Ignored","damage_taken":0,"max_hp_gain":0,"max_hp_loss":0,"event_name":"Mysterious Sphere","floor":37,"gold_loss":0},{"damage_healed":0,"gold_gain":0,"player_choice":"Memory 1","damage_taken":0,"max_hp_gain":0,"max_hp_loss":0,"event_name":"SensoryStone","floor":38,"gold_loss":0}],"is_beta":false,"boss_relics":[{"not_picked":["Philosopher\u0027s Stone","Velvet Choker"],"picked":"Cursed Key"},{"not_picked":["Calling Bell","Tiny House"],"picked":"Runic Pyramid"}],"items_purged_floors":[14,21],"is_endless":false,"potions_floor_spawned":[11,13,16,18,29,31,35,36],"killed_by":"Reptomancer","ascension_level":0}}