{"host":"ta9mufxydm4vkknf","time":1610215537,"event":{"mods":["AchievementEnabler","BaseMod","Minty Spire (QoL Compilation)","Quick Restart"],"gold_per_floor":[117,117,117,136,148,174,20,20,20,55,55,86,159,186,186,186,186],"floor_reached":16,"playtime":571,"items_purged":["Strike_R"],"score":158,"play_id":"ab3e441c-af58-4b02-aca5-645608336a68","local_time":"20210109190537","is_ascension_mode":true,"campfire_choices":[{"floor":8,"key":"REST"},{"floor":15,"key":"REST"}],"circlet_count":0,"master_deck":["Strike_R","Strike_R","Strike_R","Strike_R","Defend_R","Defend_R","Defend_R","Bash","Flame Barrier","Battle Trance","True Grit","Uppercut","Entrench","Bludgeon","Wild Strike","Reckless Charge"],"relics":["Fusion Hammer","Magic Flower","Paper Frog","Shovel","Ancient Tea Set","StoneCalendar","InkBottle","Bag of Marbles"],"acts_visited":["Exordium"],"potions_floor_usage":[10,14,16],"damage_taken":[{"damage":14,"enemies":"Jaw Worm","floor":1,"turns":4},{"damage":3,"enemies":"Small Slimes","floor":4,"turns":3},{"damage":0,"enemies":"2 Louse","floor":5,"turns":2},{"damage":30,"enemies":"3 Sentries","floor":6,"turns":11},{"damage":11,"enemies":"Gremlin Nob","floor":10,"turns":4},{"damage":26,"enemies":"3 Sentries","floor":12,"turns":9},{"damage":15,"enemies":"Lagavulin","floor":14,"turns":3},{"damage":29,"enemies":"The Guardian","floor":16,"turns":6}],"seed_played":"-8679788873014780353","potions_obtained":[{"floor":5,"key":"AttackPotion"},{"floor":6,"key":"AttackPotion"},{"floor":12,"key":"BlessingOfTheForge"}],"is_trial":false,"path_per_floor":["M","?","?","M","M","E","$","R","T","E","?","E","T","E","R","B"],"character_chosen":"IRONCLAD","items_purchased":["Entrench"],"campfire_rested":2,"item_purchase_floors":[7],"current_hp_per_floor":[66,59,64,61,61,31,31,56,56,45,45,19,19,4,29,0,0],"gold":186,"neow_bonus":"BOSS_RELIC","is_daily":false,"chose_seed":false,"campfire_upgraded":0,"win_rate":0.0,"timestamp":1610215537,"path_taken":["M","?","?","M","M","E","$","R","T","E","?","E","?","E","R","BOSS"],"items_purchased_type":["Card"],"build_version":"2020-12-22","purchased_purges":1,"victory":false,"max_hp_per_floor":[80,80,85,85,85,85,85,85,85,85,85,85,85,85,85,85,85],"card_choices":[{"not_picked":["Headbutt","Fire Breathing"],"picked":"Flame Barrier","floor":1},{"not_picked":["Twin Strike","Rampage"],"picked":"Battle Trance","floor":4},{"not_picked":["Twin Strike","Reckless Charge"],"picked":"True Grit","floor":5},{"not_picked":["True Grit","Pommel Strike"],"picked":"Uppercut","floor":6},{"not_picked":["Battle Trance","Sword Boomerang"],"picked":"Bludgeon","floor":10},{"not_picked":["Twin Strike","True Grit"],"picked":"Wild Strike","floor":12},{"not_picked":["True Grit","Perfected Strike"],"picked":"Reckless Charge","floor":14}],"player_experience":258029,"relics_obtained":[{"floor":6,"key":"Magic Flower"},{"floor":9,"key":"Paper Frog"},{"floor":10,"key":"Shovel"},{"floor":12,"key":"StoneCalendar"},{"floor":13,"key":"InkBottle"},{"floor":14,"key":"Bag of Marbles"}],"event_choices":[{"cards_removed":["Defend_R"],"damage_healed":0,"gold_gain":0,"player_choice":"Card Removal","damage_taken":7,"max_hp_gain":0,"max_hp_loss":0,"event_name":"Golden Wing","floor":2,"gold_loss":0},{"damage_healed":0,"gold_gain":0,"player_choice":"Donut","damage_taken":0,"max_hp_gain":5,"max_hp_loss":0,"event_name":"Big Fish","floor":3,"gold_loss":0},{"damage_healed":0,"gold_gain":0,"player_choice":"Searched \u00272\u0027 times","damage_taken":0,"relics_obtained":["Ancient Tea Set"],"max_hp_gain":0,"max_hp_loss":0,"event_name":"Dead Adventurer","floor":11,"gold_loss":0}],"is_beta":false,"boss_relics":[],"items_purged_floors":[7],"is_endless":false,"potions_floor_spawned":[5,6,12],"killed_by":"The Guardian","ascension_level":5}}