{"host":"vzygucmp2u9s1xuv","time":1610232568,"event":{"mods":["BaseMod","Colored Map","DeckTracker","Keyboard Shortcuts","Minty Spire (QoL Compilation)","Quick Restart","StSLib","SuperFastMode"],"gold_per_floor":[119,134,145,164,114,131,56,69,69,69,79,79,92,118,130,142,142],"floor_reached":16,"playtime":1002,"items_purged":[],"score":186,"play_id":"e5c06409-c5b5-4aa9-9693-a5bd44b093d8","local_time":"20210110074928","is_ascension_mode":true,"campfire_choices":[{"data":"Blade Dance","floor":10,"key":"SMITH"},{"data":"Blade Dance","floor":12,"key":"SMITH"},{"floor":15,"key":"REST"}],"circlet_count":0,"master_deck":["AscendersBane","Strike_G","Strike_G","Strike_G","Strike_G","Defend_G","Defend_G","Defend_G","Defend_G","Defend_G","Survivor","Neutralize","PiercingWail","Backstab","Dagger Spray","Blade Dance+1","Backflip","Blade Dance+1","Crippling Poison","Choke"],"relics":["Ring of the Snake","Pear","MawBank"],"acts_visited":["Exordium"],"potions_floor_usage":[14,14,14],"damage_taken":[{"damage":2,"enemies":"Cultist","floor":1,"turns":4},{"damage":0,"enemies":"Small Slimes","floor":2,"turns":7},{"damage":0,"enemies":"2 Louse","floor":3,"turns":2},{"damage":0,"enemies":"2 Fungi Beasts","floor":4,"turns":3},{"damage":4,"enemies":"Blue Slaver","floor":6,"turns":4},{"damage":6,"enemies":"Looter","floor":8,"turns":3},{"damage":11,"enemies":"Exordium Wildlife","floor":11,"turns":3},{"damage":1,"enemies":"2 Fungi Beasts","floor":13,"turns":3},{"damage":10,"enemies":"3 Sentries","floor":14,"turns":5},{"damage":0,"enemies":"The Guardian","floor":16,"turns":2}],"seed_played":"4700531286481578203","potions_obtained":[{"floor":2,"key":"GamblersBrew"},{"floor":6,"key":"Strength Potion"},{"floor":8,"key":"DistilledChaos"},{"floor":13,"key":"EntropicBrew"},{"floor":14,"key":"Strength Potion"}],"is_trial":false,"path_per_floor":["M","M","M","M","$","M","?","M","T","R","M","R","M","E","R","B"],"character_chosen":"THE_SILENT","items_purchased":["Backflip"],"campfire_rested":1,"item_purchase_floors":[5],"current_hp_per_floor":[63,63,63,63,63,59,59,53,63,63,52,52,51,41,65,65,65],"gold":142,"neow_bonus":"TEN_PERCENT_HP_BONUS","is_daily":false,"chose_seed":false,"campfire_upgraded":2,"win_rate":0.0,"timestamp":1610232568,"path_taken":["M","M","M","M","$","M","?","M","T","R","M","R","M","E","R","BOSS"],"items_purchased_type":["Card"],"build_version":"2020-12-22","purchased_purges":0,"victory":false,"max_hp_per_floor":[72,72,72,72,72,72,72,72,82,82,82,82,82,82,82,82,82],"card_choices":[{"not_picked":["Quick Slash","Bane"],"picked":"PiercingWail","floor":1},{"not_picked":["Quick Slash","Slice"],"picked":"Backstab","floor":2},{"not_picked":["Predator","Flying Knee"],"picked":"Dagger Spray","floor":3},{"not_picked":["Phantasmal Killer","Deflect"],"picked":"Blade Dance","floor":4},{"not_picked":["Caltrops","All Out Attack","Poisoned Stab"],"picked":"SKIP","floor":6},{"not_picked":["Setup","Backflip"],"picked":"Blade Dance","floor":8},{"not_picked":["PiercingWail","Predator"],"picked":"Crippling Poison","floor":11},{"not_picked":["Quick Slash","Eviscerate","Masterful Stab"],"picked":"SKIP","floor":13},{"not_picked":["Leg Sweep","Deadly Poison"],"picked":"Choke","floor":14}],"player_experience":648664,"relics_obtained":[{"floor":9,"key":"Pear"},{"floor":14,"key":"MawBank"}],"event_choices":[{"cards_removed":["Strike_G"],"damage_healed":0,"gold_gain":0,"player_choice":"Card Removal","damage_taken":0,"max_hp_gain":0,"max_hp_loss":0,"event_name":"The Cleric","floor":7,"gold_loss":75}],"is_beta":false,"boss_relics":[],"items_purged_floors":[],"is_endless":false,"potions_floor_spawned":[2,6,8,13,14],"killed_by":"The Guardian","ascension_level":15}}