{"host":"gl7gfqdgzaxu5sie","time":1610207968,"event":{"mods":["AchievementEnabler","BaseMod","Colored Map","DeckTracker","Minty Spire (QoL Compilation)"],"gold_per_floor":[109,109,127,140,140,183,208,208,208,208,227,262,285,305,305,433,433,452,452,367,393,405,417,468,504,539,576,602,614,639,701,713,855,867,899,911,766,786,786,786,830,848,927,962,962,962],"floor_reached":45,"playtime":1862,"items_purged":[],"score":808,"play_id":"54c36628-ca50-41c0-b68a-9c9034dd287b","local_time":"20210110005928","is_ascension_mode":true,"campfire_choices":[{"data":"Bash","floor":8,"key":"SMITH"},{"data":"Perfected Strike","floor":10,"key":"SMITH"},{"data":"Perfected Strike","floor":15,"key":"SMITH"},{"data":"Pommel Strike","floor":23,"key":"SMITH"},{"data":"Demon Form","floor":29,"key":"SMITH"},{"floor":32,"key":"RECALL"},{"data":"Shrug It Off","floor":40,"key":"SMITH"}],"circlet_count":0,"master_deck":["AscendersBane","Strike_R","Strike_R+1","Strike_R","Strike_R+1","Strike_R","Defend_R","Defend_R","Bash+1","Twin Strike","Perfected Strike+1","Bloodletting","Wild Strike","Perfected Strike+1","Reaper","Ghostly Armor","Impervious","Sever Soul","Demon Form+1","Shrug It Off+1","Pommel Strike+1","Exhume","Perfected Strike+1","Good Instincts","True Grit+1","Disarm+1"],"relics":["Burning Blood","Golden Idol","Anchor","Paper Frog","Ice Cream","Snecko Eye","MawBank","Meat on the Bone","Ancient Tea Set","Bag of Preparation","Black Star","ClockworkSouvenir","Self Forming Clay","Vajra","Dream Catcher","Whetstone"],"acts_visited":["Exordium","TheCity","TheBeyond"],"potions_floor_usage":[4,6,7,16,33,42,42],"damage_taken":[{"damage":6,"enemies":"2 Louse","floor":1,"turns":3},{"damage":6,"enemies":"Cultist","floor":3,"turns":3},{"damage":7,"enemies":"Small Slimes","floor":4,"turns":3},{"damage":29,"enemies":"Gremlin Nob","floor":6,"turns":5},{"damage":10,"enemies":"2 Fungi Beasts","floor":7,"turns":3},{"damage":3,"enemies":"Looter","floor":11,"turns":1},{"damage":33,"enemies":"3 Sentries","floor":12,"turns":7},{"damage":29,"enemies":"Lots of Slimes","floor":13,"turns":4},{"damage":0,"enemies":"Blue Slaver","floor":14,"turns":2},{"damage":25,"enemies":"Hexaghost","floor":16,"turns":6},{"damage":0,"enemies":"Chosen","floor":18,"turns":3},{"damage":6,"enemies":"3 Byrds","floor":21,"turns":5},{"damage":29,"enemies":"Slavers","floor":24,"turns":3},{"damage":1,"enemies":"3 Cultists","floor":27,"turns":3},{"damage":0,"enemies":"Snecko","floor":28,"turns":2},{"damage":0,"enemies":"Centurion and Healer","floor":30,"turns":4},{"damage":93,"enemies":"Collector","floor":33,"turns":8},{"damage":12,"enemies":"Orb Walker","floor":35,"turns":3},{"damage":7,"enemies":"3 Darklings","floor":38,"turns":4},{"damage":63,"enemies":"Giant Head","floor":41,"turns":7},{"damage":14,"enemies":"Transient","floor":42,"turns":5},{"damage":61,"enemies":"Nemesis","floor":44,"turns":7},{"damage":22,"enemies":"Jaw Worm Horde","floor":45,"turns":2}],"seed_played":"-1671241595380023871","potions_obtained":[{"floor":3,"key":"Weak Potion"},{"floor":4,"key":"Fruit Juice"},{"floor":7,"key":"Fruit Juice"},{"floor":11,"key":"FearPotion"},{"floor":13,"key":"ColorlessPotion"},{"floor":18,"key":"ColorlessPotion"},{"floor":27,"key":"LiquidBronze"},{"floor":30,"key":"Dexterity Potion"},{"floor":41,"key":"DuplicationPotion"},{"floor":42,"key":"Explosive Potion"}],"is_trial":false,"path_per_floor":["M","?","M","M","?","E","M","R","T","R","M","E","M","M","R","B",null,"M","?","?","M","?","R","E","T","T","M","M","R","M","?","R","B",null,"M","?","$","M","?","R","E","M","T","E","M"],"character_chosen":"IRONCLAD","items_purchased":["ClockworkSouvenir"],"campfire_rested":0,"item_purchase_floors":[37],"current_hp_per_floor":[80,58,58,62,93,70,71,71,71,71,74,47,31,37,37,18,78,84,84,84,92,92,92,69,69,69,80,93,93,98,98,98,38,83,87,87,87,98,98,98,53,57,57,19,0,0],"gold":962,"neow_bonus":"TEN_PERCENT_HP_BONUS","is_daily":false,"chose_seed":false,"campfire_upgraded":6,"win_rate":0.0,"timestamp":1610207968,"path_taken":["M","?","M","M","?","E","M","R","T","R","?","E","M","M","R","BOSS","M","?","?","M","?","R","E","?","T","M","M","R","?","?","R","BOSS","M","?","$","M","?","R","E","?","T","E","M"],"items_purchased_type":["Relic"],"build_version":"2020-12-22","purchased_purges":0,"victory":false,"max_hp_per_floor":[88,88,88,93,93,93,98,98,98,98,98,98,98,98,98,98,98,98,98,98,98,98,98,98,98,98,98,98,98,98,98,98,98,98,98,98,98,98,98,98,98,98,98,98,98,98],"card_choices":[{"not_picked":["Anger","Heavy Blade"],"picked":"Twin Strike","floor":1},{"not_picked":["Iron Wave","Body Slam"],"picked":"Perfected Strike","floor":3},{"not_picked":["Clothesline","Sword Boomerang"],"picked":"Bloodletting","floor":4},{"not_picked":["Seeing Red","Brutality"],"picked":"Wild Strike","floor":6},{"not_picked":["Warcry","Anger","Intimidate"],"picked":"SKIP","floor":7},{"not_picked":["Searing Blow","True Grit"],"picked":"Perfected Strike","floor":11},{"not_picked":["Immolate","Body Slam"],"picked":"Reaper","floor":12},{"not_picked":["Cleave","Rupture","Sentinel"],"picked":"SKIP","floor":13},{"not_picked":["Disarm","Armaments"],"picked":"Ghostly Armor","floor":14},{"not_picked":["Bludgeon","Demon Form"],"picked":"Impervious","floor":16},{"not_picked":["Bloodletting","Uppercut","Cleave+1"],"picked":"SKIP","floor":18},{"not_picked":["Sentinel","Headbutt"],"picked":"Pommel Strike","floor":21},{"not_picked":["Anger","Juggernaut","Metallicize"],"picked":"SKIP","floor":24},{"not_picked":["Warcry","Iron Wave"],"picked":"Shrug It Off","floor":27},{"not_picked":["Thunderclap","Feed"],"picked":"Pommel Strike+1","floor":28},{"not_picked":["Heavy Blade","Clash","Clothesline+1"],"picked":"SKIP","floor":30},{"not_picked":["Corruption","Juggernaut"],"picked":"Exhume","floor":33},{"not_picked":["Iron Wave","Rage+1","Warcry"],"picked":"SKIP","floor":35},{"not_picked":["Warcry","Armaments+1"],"picked":"Perfected Strike+1","floor":38},{"not_picked":["Rampage+1","Thunderclap","Flex"],"picked":"SKIP","floor":41},{"not_picked":["Rampage+1","Thunderclap","Flex"],"picked":"SKIP","floor":41},{"not_picked":["Clash+1","Flex+1"],"picked":"True Grit+1","floor":42},{"not_picked":["Dark Embrace+1","Anger+1"],"picked":"Disarm+1","floor":44}],"player_experience":588400,"relics_obtained":[{"floor":6,"key":"Anchor"},{"floor":9,"key":"Paper Frog"},{"floor":12,"key":"Ice Cream"},{"floor":24,"key":"Meat on the Bone"},{"floor":25,"key":"Ancient Tea Set"},{"floor":26,"key":"Bag of Preparation"},{"floor":41,"key":"Self Forming Clay"},{"floor":41,"key":"Vajra"},{"floor":44,"key":"Dream Catcher"},{"floor":44,"key":"Whetstone"}],"event_choices":[{"damage_healed":0,"gold_gain":0,"player_choice":"Take Damage","damage_taken":22,"relics_obtained":["Golden Idol"],"max_hp_gain":0,"max_hp_loss":0,"event_name":"Golden Idol","floor":2,"gold_loss":0},{"damage_healed":31,"gold_gain":0,"player_choice":"Full Heal","damage_taken":0,"max_hp_gain":0,"max_hp_loss":0,"event_name":"Wheel of Change","floor":5,"gold_loss":0},{"damage_healed":0,"gold_gain":0,"player_choice":"Ignored","damage_taken":0,"max_hp_gain":0,"max_hp_loss":0,"event_name":"Vampires","floor":19,"gold_loss":0},{"damage_healed":0,"gold_gain":0,"player_choice":"Obtained Relic","damage_taken":0,"relics_obtained":["MawBank"],"max_hp_gain":0,"max_hp_loss":0,"event_name":"Addict","floor":20,"gold_loss":85},{"damage_healed":0,"gold_gain":0,"cards_transformed":["Defend_R","Defend_R"],"player_choice":"Became Test Subject","damage_taken":0,"max_hp_gain":0,"max_hp_loss":0,"event_name":"Drug Dealer","floor":22,"gold_loss":0,"cards_obtained":["Sever Soul","Demon Form"]},{"damage_healed":0,"gold_gain":100,"player_choice":"Bet on Murderer","damage_taken":0,"max_hp_gain":0,"max_hp_loss":0,"event_name":"The Joust","floor":31,"gold_loss":50},{"cards_removed":["Pommel Strike"],"damage_healed":0,"gold_gain":0,"player_choice":"Removed Attack","damage_taken":0,"max_hp_gain":0,"max_hp_loss":0,"event_name":"Falling","floor":36,"gold_loss":0},{"damage_healed":0,"gold_gain":0,"player_choice":"1 cards matched","damage_taken":0,"max_hp_gain":0,"max_hp_loss":0,"event_name":"Match and Keep!","floor":39,"gold_loss":0,"cards_obtained":["Good Instincts"]}],"is_beta":false,"boss_relics":[{"not_picked":["Fusion Hammer","Mark of Pain"],"picked":"Snecko Eye"},{"not_picked":["SlaversCollar","Sozu"],"picked":"Black Star"}],"items_purged_floors":[],"is_endless":false,"potions_floor_spawned":[3,4,7,11,13,18,27,30,41,42],"killed_by":"Jaw Worm Horde","ascension_level":10}}