{"host":"bf9sa99gaumonoeu","time":1610154296,"event":{"mods":["AchievementEnabler","Act Like it!","BaseMod","Better Sensory Stone","Colored Map","Colored Powertips","Downfall","Friendly Minions","Gensokyo","GifTheSpireLib","Googly Eyes","Hallownest","Hermit","Jorbs\u0027s Wanderer Trilogy","KinomotoSakuraMod(????)","Koishi","Lobotomy","Marisa????????","Minty Spire (QoL Compilation)","Rare Cards Sparkle","Reimu??????","Relic Stats","Remilia??????","StSLib","The Administrix","The Animator","The Blue Laboratory","The Bug Knight","The Construct","The Cursed","The Disciple","The Hierophant","The Mystic","The Necromancer","The Poker Player","The Runesmith","The Senshi","The Servant 0.9.4","TheLocksmith"],"gold_per_floor":[119,119,139,154,172,172,199,218,243,263,281,281,296,306,306,306,306],"floor_reached":16,"playtime":1018,"items_purged":[],"score":211,"play_id":"0c1ac737-b860-4e05-b347-f86526db5279","local_time":"20210108230456","is_ascension_mode":true,"campfire_choices":[{"data":"Predator","floor":6,"key":"SMITH"},{"floor":12,"key":"REST"},{"floor":15,"key":"REST"}],"circlet_count":0,"master_deck":["AscendersBane","Strike_G","Strike_G","Strike_G","Strike_G","Strike_G","Defend_G","Defend_G","Defend_G","Defend_G","Survivor","Neutralize","Outmaneuver","Riddle With Holes","Poisoned Stab","Predator+1","Cloak And Dagger","Bouncing Flask","Bane","Blur","Footwork"],"relics":["Ring of the Snake","Darkstone Periapt","Bronze Scales"],"acts_visited":["Exordium"],"potions_floor_usage":[11,11,16],"damage_taken":[{"damage":0,"enemies":"Cultist","floor":1,"turns":4},{"damage":4,"enemies":"2 Louse","floor":3,"turns":3},{"damage":1,"enemies":"Small Slimes","floor":4,"turns":4},{"damage":10,"enemies":"Blue Slaver","floor":5,"turns":6},{"damage":32,"enemies":"Gremlin Nob","floor":7,"turns":4},{"damage":2,"enemies":"Gremlin Gang","floor":8,"turns":5},{"damage":0,"enemies":"Looter","floor":10,"turns":2},{"damage":3,"enemies":"Blue Slaver","floor":11,"turns":3},{"damage":4,"enemies":"Gremlin Gang","floor":13,"turns":5},{"damage":0,"enemies":"Exordium Wildlife","floor":14,"turns":2},{"damage":48,"enemies":"The Guardian","floor":16,"turns":9}],"seed_played":"-8034719026052650424","potions_obtained":[{"floor":1,"key":"SpeedPotion"},{"floor":4,"key":"Explosive Potion"},{"floor":11,"key":"Strength Potion"}],"is_trial":false,"path_per_floor":["M","?","M","M","M","R","E","M","T","M","M","R","M","M","R","B"],"character_chosen":"THE_SILENT","items_purchased":[],"campfire_rested":2,"item_purchase_floors":[],"current_hp_per_floor":[56,56,52,51,41,41,9,7,7,7,4,27,23,23,46,0,0],"gold":306,"neow_bonus":"TWENTY_PERCENT_HP_BONUS","is_daily":false,"chose_seed":false,"campfire_upgraded":1,"win_rate":0.0,"timestamp":1610154296,"path_taken":["M","?","M","M","M","R","E","M","T","M","?","R","?","M","R","BOSS"],"items_purchased_type":[],"build_version":"2020-12-22","purchased_purges":0,"victory":false,"max_hp_per_floor":[78,78,78,78,78,78,78,78,78,78,78,78,78,78,78,78,78],"relic_stats":{"Darkstone Periapt":0,"counters":[11,47],"Bronze Scales":[54],"obtain_stats":[{"Darkstone Periapt":7,"Bronze Scales":9,"Ring of the Snake":0},{"Darkstone Periapt":5,"Bronze Scales":6,"Ring of the Snake":0},{"Darkstone Periapt":21,"Bronze Scales":26,"Ring of the Snake":0}],"Ring of the Snake":[22]},"card_choices":[{"not_picked":["Slice","Flechettes"],"picked":"Outmaneuver","floor":1},{"not_picked":["Quick Slash","Deflect"],"picked":"Riddle With Holes","floor":3},{"not_picked":["Outmaneuver","Expertise"],"picked":"Poisoned Stab","floor":4},{"not_picked":["Deflect","Corpse Explosion"],"picked":"Predator","floor":5},{"not_picked":["Underhanded Strike","Quick Slash"],"picked":"Cloak And Dagger","floor":7},{"not_picked":["Underhanded Strike","Sucker Punch"],"picked":"Bouncing Flask","floor":8},{"not_picked":["Slice","Deadly Poison"],"picked":"Bane","floor":10},{"not_picked":["Underhanded Strike","Finisher"],"picked":"Blur","floor":11},{"not_picked":["Outmaneuver","Dash"],"picked":"Footwork","floor":13},{"not_picked":["Outmaneuver","Blade Dance","Slice"],"picked":"SKIP","floor":14}],"player_experience":879736,"relics_obtained":[{"floor":7,"key":"Darkstone Periapt"},{"floor":9,"key":"Bronze Scales"}],"event_choices":[{"cards_removed":["Defend_G"],"damage_healed":0,"gold_gain":0,"player_choice":"Offered Basic","damage_taken":0,"max_hp_gain":0,"max_hp_loss":0,"event_name":"Bonfire Elementals","floor":2,"gold_loss":0}],"is_beta":false,"boss_relics":[],"items_purged_floors":[],"is_endless":false,"potions_floor_spawned":[1,4,11],"killed_by":"The Guardian","ascension_level":19}}