{"host":"gg","time":1610183262,"event":{"mods":["BaseMod","Colored Map","Googly Eyes","Minty Spire (QoL Compilation)","Permanent Neow","Relic Stats","The IronCluck"],"gold_per_floor":[119,133,208,219,13,46,46,60,60,78,112,60,95,112,112,185,185,201,213,233,70,80,113,171,171,171,171,202,402,417,449,449,528,528,546,546,565,565,235,261,276,310,391,391,416,428,428,462,462,462,462,462,462,78,107,107],"floor_reached":57,"playtime":6421,"items_purged":["Decay"],"score":3119,"play_id":"3e588ac2-0c96-4110-8f36-3ab031d0d070","local_time":"20210109010742","is_ascension_mode":true,"campfire_choices":[{"data":"Eruption","floor":15.0,"key":"SMITH"},{"data":"Scrawl","floor":25,"key":"SMITH"},{"data":"TalkToTheHand","floor":27,"key":"SMITH"},{"data":"TalkToTheHand","floor":32,"key":"SMITH"},{"floor":44,"key":"RECALL"},{"floor":49,"key":"REST"},{"data":"Vault","floor":53,"key":"SMITH"}],"circlet_count":0,"master_deck":["AscendersBane","Strike_P+1","Strike_P","Strike_P+1","Strike_P","Defend_P","Defend_P+1","Defend_P+1","Defend_P+1","Eruption+1","Vigilance","Consecrate","Wallop+1","FearNoEvil+1","EmptyFist","FollowUp","Tantrum","CutThroughFate","CarveReality","TalkToTheHand+1","Scrawl+1","InnerPeace","Consecrate+1","TalkToTheHand+1","CutThroughFate+1","FlurryOfBlows+1","Vault+1","SpiritShield+1","ThirdEye+1","Dramatic Entrance+1","Dark Shackles+1","Finesse","LessonLearned+1","Tantrum+1","SashWhip+1","Dark Shackles+1","Secret Weapon+1","WaveOfTheHand"],"relics":["Philosopher\u0027s Stone","ClockworkSouvenir","Matryoshka","PreservedInsect","Mercury Hourglass","StrikeDummy","Kunai","Bronze Scales","Runic Pyramid","Toolbox","Mango","Singing Bowl","TeardropLocket","Molten Egg 2","Busted Crown","CaptainsWheel","Gremlin Horn","White Beast Statue","Pocketwatch","Nunchaku","War Paint","Ornamental Fan"],"acts_visited":["Exordium","TheCity","TheBeyond","TheEnding"],"potions_floor_usage":[19,23,24,31,56,56],"damage_taken":[{"damage":21.0,"enemies":"Small Slimes","floor":1.0,"turns":3.0},{"damage":6.0,"enemies":"Jaw Worm","floor":2.0,"turns":3.0},{"damage":0.0,"enemies":"Cultist","floor":4.0,"turns":2.0},{"damage":10.0,"enemies":"3 Sentries","floor":6.0,"turns":7.0},{"damage":2.0,"enemies":"Lots of Slimes","floor":8.0,"turns":3.0},{"damage":0.0,"enemies":"Blue Slaver","floor":10.0,"turns":1.0},{"damage":0.0,"enemies":"Lagavulin","floor":11.0,"turns":3.0},{"damage":0.0,"enemies":"3 Sentries","floor":13.0,"turns":3.0},{"damage":0.0,"enemies":"Gremlin Gang","floor":14.0,"turns":1.0},{"damage":10.0,"enemies":"Hexaghost","floor":16.0,"turns":6.0},{"damage":0,"enemies":"Spheric Guardian","floor":18,"turns":2},{"damage":0,"enemies":"2 Thieves","floor":19,"turns":3},{"damage":2,"enemies":"3 Cultists","floor":20,"turns":3},{"damage":0,"enemies":"Snecko","floor":22,"turns":2},{"damage":25,"enemies":"Book of Stabbing","floor":23,"turns":3},{"damage":0,"enemies":"Sentry and Sphere","floor":24,"turns":2},{"damage":0,"enemies":"Gremlin Leader","floor":28,"turns":3},{"damage":3,"enemies":"Centurion and Healer","floor":30,"turns":2},{"damage":5,"enemies":"Slavers","floor":31,"turns":2},{"damage":1,"enemies":"Champ","floor":33,"turns":8},{"damage":0,"enemies":"3 Darklings","floor":35,"turns":3},{"damage":1,"enemies":"Orb Walker","floor":37,"turns":2},{"damage":0,"enemies":"Giant Head","floor":40,"turns":4},{"damage":0,"enemies":"Spire Growth","floor":41,"turns":4},{"damage":12,"enemies":"Nemesis","floor":42,"turns":3},{"damage":0,"enemies":"Mind Bloom Boss Battle","floor":45,"turns":4},{"damage":0,"enemies":"Maw","floor":46,"turns":4},{"damage":0,"enemies":"Giant Head","floor":48,"turns":3},{"damage":18,"enemies":"Awakened One","floor":50,"turns":9},{"damage":7,"enemies":"Time Eater","floor":51,"turns":10},{"damage":0,"enemies":"Shield and Spear","floor":55,"turns":4},{"damage":5,"enemies":"The Heart","floor":56,"turns":11}],"seed_played":"8602713324134127691","potions_obtained":[{"floor":1.0,"key":"Strength Potion"},{"floor":8.0,"key":"BottledMiracle"},{"floor":13.0,"key":"Ancient Potion"},{"floor":14.0,"key":"EssenceOfSteel"},{"floor":18,"key":"AttackPotion"},{"floor":20,"key":"Regen Potion"},{"floor":23,"key":"LiquidMemories"},{"floor":30,"key":"AttackPotion"},{"floor":33,"key":"PowerPotion"},{"floor":35,"key":"DuplicationPotion"}],"is_trial":false,"path_per_floor":["M","M","?","M","$","E","T","M","T","M","E","$","E","M","R","B",null,"M","M","M","$","M","E","M","R","T","R","E","?","M","E","R","B",null,"M","?","M","?","$","E","M","E","T","R","?","M","?","E","R","B","B",null,"R","$","E","B",null],"character_chosen":"WATCHER","items_purchased":["ClockworkSouvenir","FearNoEvil","CutThroughFate","Toolbox","Finesse","LessonLearned+1","Secret Weapon","War Paint"],"campfire_rested":1,"item_purchase_floors":[5,5,12,21,39,39,54,54],"current_hp_per_floor":[40,34,23,23,23,13,13,11,11,11,11,11,11,11,11,1,51,51,51,49,49,49,47,47,47,47,47,47,47,46,41,41,40,73,73,65,66,66,66,68,68,58,58,58,60,60,60,62,90,72,65,88,88,88,88,83],"gold":107,"neow_bonus":"BOSS_RELIC","is_daily":false,"chose_seed":false,"campfire_upgraded":5,"win_rate":0.0,"timestamp":1610183262,"path_taken":["M","M","?","M","$","E","?","M","T","M","E","$","E","M","R","BOSS","BOSS","M","M","M","?","?","E","M","R","T","R","E","?","?","E","R","BOSS","M","?","M","?","$","E","?","E","T","R","?","M","?","E","R","BOSS","BOSS","R","$","E","BOSS"],"items_purchased_type":["Relic","Card","Card","Relic","Card","Card","Card","Relic"],"build_version":"2020-12-18","purchased_purges":1,"victory":true,"max_hp_per_floor":[68,68,68,68,68,68,68,68,68,68,68,68,68,68,68,68,68,68,68,68,68,68,82,82,82,82,82,82,82,84,84,84,84,84,84,86,88,88,88,90,90,92,92,92,94,94,94,96,96,96,96,96,96,96,96,96],"relic_stats":{"Singing Bowl":14,"Gremlin Horn":[4,4],"counters":[32,122],"PreservedInsect":581,"War Paint":["ThirdEye","Defend_P"],"Mercury Hourglass":[388],"Nunchaku":[14],"Busted Crown":24,"Ornamental Fan":[40],"Bronze Scales":[351],"Kunai":[105],"obtain_stats":[{"Singing Bowl":26,"Gremlin Horn":42,"Mango":23,"PreservedInsect":7,"TeardropLocket":28,"War Paint":54,"White Beast Statue":43,"ClockworkSouvenir":5,"Mercury Hourglass":7,"CaptainsWheel":40,"Nunchaku":48,"Matryoshka":6,"Busted Crown":34,"Ornamental Fan":55,"Bronze Scales":13,"Toolbox":21,"Philosopher\u0027s Stone":0,"Molten Egg 2":31,"Kunai":11,"PureWater":0,"StrikeDummy":9,"Runic Pyramid":17,"Pocketwatch":45},{"Singing Bowl":16,"Gremlin Horn":25,"Mango":15,"PreservedInsect":4,"TeardropLocket":17,"War Paint":30,"White Beast Statue":25,"ClockworkSouvenir":3,"Mercury Hourglass":4,"CaptainsWheel":23,"Nunchaku":28,"Matryoshka":4,"Busted Crown":20,"Ornamental Fan":31,"Bronze Scales":8,"Toolbox":13,"Philosopher\u0027s Stone":0,"Molten Egg 2":19,"Kunai":7,"PureWater":0,"StrikeDummy":5,"Runic Pyramid":10,"Pocketwatch":26},{"Singing Bowl":46,"Gremlin Horn":77,"Mango":44,"PreservedInsect":15,"TeardropLocket":49,"War Paint":107,"White Beast Statue":77,"ClockworkSouvenir":8,"Mercury Hourglass":15,"CaptainsWheel":70,"Nunchaku":88,"Matryoshka":15,"Busted Crown":61,"Ornamental Fan":111,"Bronze Scales":24,"Toolbox":39,"Philosopher\u0027s Stone":0,"Molten Egg 2":53,"Kunai":21,"PureWater":0,"StrikeDummy":17,"Runic Pyramid":31,"Pocketwatch":81}],"Pocketwatch":[3]},"card_choices":[{"not_picked":["CarveReality","EmptyFist"],"picked":"Consecrate","floor":1.0},{"not_picked":["Prostrate","EmptyFist"],"picked":"Wallop","floor":2.0},{"not_picked":["FollowUp","Halt","ThirdEye"],"picked":"SKIP","floor":4.0},{"not_picked":["Establishment","Crescendo","EmptyMind"],"picked":"SKIP","floor":6.0},{"not_picked":["ClearTheMind","BowlingBash"],"picked":"EmptyFist","floor":8.0},{"not_picked":["Halt","ClearTheMind"],"picked":"FollowUp","floor":10.0},{"not_picked":["CutThroughFate","FlurryOfBlows"],"picked":"Tantrum","floor":11.0},{"not_picked":["DeceiveReality","Nirvana"],"picked":"CarveReality","floor":13.0},{"not_picked":["BowlingBash","EmptyMind"],"picked":"TalkToTheHand","floor":14.0},{"not_picked":["Vault","Ragnarok"],"picked":"Scrawl","floor":16},{"not_picked":["Meditate","ForeignInfluence","Consecrate"],"picked":"SKIP","floor":18},{"not_picked":["ClearTheMind","Consecrate+1"],"picked":"InnerPeace","floor":19},{"not_picked":["Nirvana+1","EmptyFist"],"picked":"Consecrate+1","floor":20},{"not_picked":["Prostrate","JustLucky"],"picked":"TalkToTheHand","floor":22},{"not_picked":["ReachHeaven+1","Nirvana"],"picked":"CutThroughFate+1","floor":23},{"not_picked":["SandsOfTime","LikeWater","CutThroughFate"],"picked":"SKIP","floor":24},{"not_picked":["SandsOfTime","LikeWater","CutThroughFate"],"picked":"SKIP","floor":24},{"not_picked":["Evaluate","TalkToTheHand"],"picked":"FlurryOfBlows+1","floor":28},{"not_picked":["Prostrate","Vengeance+1","Wallop"],"picked":"Singing Bowl","floor":30},{"not_picked":["ConjureBlade","WindmillStrike+1"],"picked":"Vault","floor":31},{"not_picked":["MasterReality","Wish"],"picked":"SpiritShield","floor":33},{"not_picked":[],"picked":"ThirdEye","floor":35},{"not_picked":[],"picked":"Dramatic Entrance+1","floor":36},{"not_picked":[],"picked":"Dark Shackles","floor":36},{"not_picked":["Good Instincts"],"picked":"Singing Bowl","floor":36},{"not_picked":["Crescendo"],"picked":"Singing Bowl","floor":37},{"not_picked":["EmptyFist+1"],"picked":"Singing Bowl","floor":40},{"not_picked":[],"picked":"Tantrum+1","floor":41},{"not_picked":["JustLucky+1"],"picked":"Singing Bowl","floor":42},{"not_picked":["Protect"],"picked":"Singing Bowl","floor":45},{"not_picked":[],"picked":"SashWhip+1","floor":46},{"not_picked":["Pray+1"],"picked":"Singing Bowl","floor":48},{"not_picked":[],"picked":"WaveOfTheHand","floor":55}],"player_experience":1089310,"relics_obtained":[{"floor":6.0,"key":"Matryoshka"},{"floor":7.0,"key":"PreservedInsect"},{"floor":7.0,"key":"Mercury Hourglass"},{"floor":9.0,"key":"StrikeDummy"},{"floor":11.0,"key":"Kunai"},{"floor":13.0,"key":"Bronze Scales"},{"floor":23,"key":"Mango"},{"floor":26,"key":"Singing Bowl"},{"floor":28,"key":"TeardropLocket"},{"floor":31,"key":"Molten Egg 2"},{"floor":40,"key":"CaptainsWheel"},{"floor":42,"key":"Gremlin Horn"},{"floor":43,"key":"White Beast Statue"},{"floor":45,"key":"Pocketwatch"},{"floor":48,"key":"Nunchaku"},{"floor":55,"key":"Ornamental Fan"}],"event_choices":[{"damage_healed":0.0,"max_hp_gain":0.0,"max_hp_loss":0.0,"gold_gain":75.0,"event_name":"World of Goop","player_choice":"Gather Gold","floor":3.0,"gold_loss":0.0,"damage_taken":11.0},{"damage_healed":0,"gold_gain":250,"player_choice":"Bet on Owner","damage_taken":0,"max_hp_gain":0,"max_hp_loss":0,"event_name":"The Joust","floor":29,"gold_loss":50},{"damage_healed":0,"gold_gain":0,"player_choice":"Memory 3","damage_taken":10,"max_hp_gain":0,"max_hp_loss":0,"event_name":"SensoryStone","floor":36,"gold_loss":0},{"damage_healed":0,"gold_gain":0,"player_choice":"Cursed","damage_taken":0,"max_hp_gain":0,"max_hp_loss":0,"event_name":"Wheel of Change","floor":38,"gold_loss":0,"cards_obtained":["Decay"]},{"damage_healed":0,"gold_gain":0,"player_choice":"Fight","damage_taken":0,"max_hp_gain":0,"max_hp_loss":0,"event_name":"MindBloom","floor":45,"gold_loss":0},{"damage_healed":0,"gold_gain":0,"player_choice":"Copied","damage_taken":0,"max_hp_gain":0,"max_hp_loss":0,"event_name":"Duplicator","floor":47,"gold_loss":0,"cards_obtained":["Dark Shackles"]}],"is_beta":true,"boss_relics":[{"not_picked":["Tiny House","Snecko Eye"],"picked":"Runic Pyramid"},{"not_picked":["Runic Dome","Velvet Choker"],"picked":"Busted Crown"}],"items_purged_floors":[39],"is_endless":false,"potions_floor_spawned":[1,8,13,14,18,20,23,30,33,35,41,45,46,48,55],"ascension_level":20}}