{"host":"m6h67kf6cz80m3yv","time":1610210926,"event":{"mods":["Bartender","BaseMod","Better Third Choice","BetterRewards","CatGirl Mod","Colored Powertips","Downfall","Duelist Mod","Hermit","Marisa????????","Minty Spire (QoL Compilation)","Prisma Mod","Quick Restart","Shade Mod","Shop Mod","StSLib","SuperFastMode","The Dragon Tamer","The Marked","The Servant 0.9.4"],"gold_per_floor":[109,284,300,300,314,344,359,375,449,449,42,42,42,55,55,160,160,175,191,191,208,208,208,239,239,313,238,338,437,470,484,484,583,583,597,647,435,446,446,446,474,474,497,542,502,515,541,555,555,555],"floor_reached":51,"playtime":7921,"items_purged":[],"score":1066,"play_id":"c3f8f59a-c1f7-4b16-8900-2cf73080d991","local_time":"20210109144846","is_ascension_mode":true,"campfire_choices":[{"floor":12.0,"key":"REST"},{"data":"Moondial","floor":15.0,"key":"SMITH"},{"floor":23,"key":"REST"},{"floor":25,"key":"REST"},{"floor":32,"key":"REST"},{"floor":40,"key":"REST"},{"data":"SilverBlades","floor":42,"key":"SMITH"},{"floor":49,"key":"REST"}],"circlet_count":0,"master_deck":["KidneyShot","Exchange","TimeWarp","ShatteredReality","Moondial+1","BottledTime","Snipe","Contraction+1","Misdirection","ShiftingGears","MurderousAura","BestPractice+1","BestPractice+1","ShatteredReality","Desolation","DualDimension","Luminosity","InstantArmor+1","Potential","FloweringNight","Misdirection","ForgedInTime+1","KillingDoll","MurderousAura","ShatteredReality","Sabotage","Hightail+1","BottledTime+1","SilverBlades+1","Orbit+1","SilverBlades+1","Writhe","Initiator","PendulumOfEternity"],"relics":["Uniform","Darkstone Periapt","HornCleat","White_Cape","HandDrill","SlaversCollar","Prayer Wheel","Bottled Flame","Oddly Smooth Stone","Power_Wrist","Thread and Needle","Singing Bowl","Meat on the Bone","Pandora\u0027s Box","Gambling Chip","War Paint","Protect_Vest","Lantern","CatCart","Frozen Egg 2"],"acts_visited":["Exordium","TheCity","TheBeyond"],"potions_floor_usage":[28,28,28,50,50],"damage_taken":[{"damage":10.0,"enemies":"2 Louse","floor":1.0,"turns":3.0},{"damage":4.0,"enemies":"Small Slimes","floor":3.0,"turns":5.0},{"damage":0.0,"enemies":"Cultist","floor":5.0,"turns":3.0},{"damage":24.0,"enemies":"Gremlin Nob","floor":6.0,"turns":4.0},{"damage":3.0,"enemies":"Blue Slaver","floor":7.0,"turns":4.0},{"damage":1.0,"enemies":"2 Fungi Beasts","floor":8.0,"turns":2.0},{"damage":0.0,"enemies":"Red Slaver","floor":14.0,"turns":3.0},{"damage":8.0,"enemies":"The Guardian","floor":16.0,"turns":13.0},{"damage":0.0,"enemies":"3 Byrds","floor":18.0,"turns":5.0},{"damage":20.0,"enemies":"Chosen","floor":19.0,"turns":7.0},{"damage":10.0,"enemies":"Centurion and Healer","floor":21.0,"turns":7.0},{"damage":35,"enemies":"Slavers","floor":24,"turns":5},{"damage":8,"enemies":"Colosseum Slavers","floor":28,"turns":3},{"damage":0,"enemies":"Colosseum Nobs","floor":28,"turns":4},{"damage":0,"enemies":"Gremlin Leader","floor":30,"turns":4},{"damage":0,"enemies":"Snake Plant","floor":31,"turns":4},{"damage":31,"enemies":"Automaton","floor":33,"turns":10},{"damage":0,"enemies":"Orb Walker","floor":35,"turns":3},{"damage":0,"enemies":"Mind Bloom Boss Battle","floor":36,"turns":6},{"damage":44,"enemies":"3 Darklings","floor":38,"turns":5},{"damage":0,"enemies":"Giant Head","floor":41,"turns":7},{"damage":0,"enemies":"Orin","floor":44,"turns":6},{"damage":15,"enemies":"Writhing Mass","floor":46,"turns":5},{"damage":2,"enemies":"Nemesis","floor":47,"turns":7},{"damage":0,"enemies":"Spire Growth","floor":48,"turns":4},{"damage":0,"enemies":"Awakened One","floor":50,"turns":12}],"seed_played":"-8296294683388777563","potions_obtained":[{"floor":5.0,"key":"LiquidBronze"},{"floor":8.0,"key":"LiquidBronze"},{"floor":19.0,"key":"FearPotion"},{"floor":24,"key":"Explosive Potion"},{"floor":28,"key":"LiquidBronze"},{"floor":44,"key":"FearPotion"},{"floor":46,"key":"GamblersBrew"}],"is_trial":false,"path_per_floor":["M","?","M","?","M","E","M","M","T","?","$","R","?","M","R","B",null,"M","M","?","M","T","R","E","R","T","?","?","?","E","M","R","B",null,"M","?","$","M","?","R","E","R","T","?","?","M","E","M","R","B",null],"character_chosen":"THE_SERVANT","items_purchased":["White_Cape","HandDrill","War Paint","SilverBlades"],"campfire_rested":6,"item_purchase_floors":[11,11,37,37],"current_hp_per_floor":[61,61,57,57,57,33,30,29,29,29,29,50,50,50,50,42,64,64,44,44,34,34,55,20,41,41,41,33,33,33,45,66,47,65,67,67,67,35,59,79,79,79,79,81,81,70,68,72,89,89],"gold":555,"neow_bonus":"TEN_PERCENT_HP_BONUS","is_daily":false,"chose_seed":false,"campfire_upgraded":2,"win_rate":0.0,"timestamp":1610210926,"path_taken":["M","?","M","?","?","E","M","M","T","?","$","R","?","?","R","BOSS","M","M","?","M","?","R","E","R","T","?","?","?","E","M","R","BOSS","M","?","$","M","?","R","E","R","T","?","?","M","E","M","R","BOSS"],"items_purchased_type":["Relic","Relic","Relic","Card"],"build_version":"2020-12-22","purchased_purges":0,"victory":true,"max_hp_per_floor":[71,71,71,71,71,71,71,71,71,71,71,71,71,71,71,71,71,71,71,71,71,71,71,71,71,71,71,71,71,71,71,71,71,71,73,73,73,73,79,79,79,79,79,81,81,85,85,89,89,89],"card_choices":[{"not_picked":["Defy","Rewind"],"picked":"TimeWarp","floor":1.0},{"not_picked":["Read","Potential"],"picked":"ShatteredReality","floor":3.0},{"not_picked":["Replace","DoubleEdge"],"picked":"Moondial","floor":5.0},{"not_picked":["Hightail","SpecialFormula"],"picked":"BottledTime","floor":6.0},{"not_picked":["Ricochet","Potential"],"picked":"Snipe","floor":7.0},{"not_picked":["Replace","Starlight"],"picked":"Contraction","floor":8.0},{"not_picked":["Rearm","Orbit"],"picked":"ShiftingGears","floor":14.0},{"not_picked":["Solidify","FloweringNight"],"picked":"MurderousAura","floor":16.0},{"not_picked":["BottledTime","Replace"],"picked":"BestPractice+1","floor":18.0},{"not_picked":["FastForward","DoubleEdge"],"picked":"BestPractice","floor":19.0},{"not_picked":["Gouge","Revamp"],"picked":"ShatteredReality","floor":21.0},{"not_picked":["Unruled","Read","FastForward"],"picked":"SKIP","floor":21.0},{"not_picked":["Defy","Advance+1"],"picked":"Desolation","floor":24},{"not_picked":["TimeWarp+1","DancingSilver"],"picked":"DualDimension","floor":28},{"not_picked":["Deny","Contraction+1"],"picked":"Luminosity","floor":30},{"not_picked":["Unruled","Rearm"],"picked":"InstantArmor","floor":31},{"not_picked":["Sabotage","Ricochet+1"],"picked":"Potential","floor":31},{"not_picked":["KillingDoll","SilverMatrix"],"picked":"FloweringNight","floor":33},{"not_picked":["Collapse+1","Revamp"],"picked":"Hightail+1","floor":35},{"not_picked":["Read","Barrier+1","Revamp"],"picked":"Singing Bowl","floor":35},{"not_picked":["Deadline+1","FastForward+1"],"picked":"BottledTime+1","floor":36},{"not_picked":["DoubleEdge+1","Alleviate+1"],"picked":"Orbit+1","floor":38},{"not_picked":["Barrier","Deadline"],"picked":"SilverBlades+1","floor":38},{"not_picked":["TrueSight","Starlight+1"],"picked":"Initiator","floor":41},{"not_picked":["TimeWarp+1","Potential","Comet+1"],"picked":"Singing Bowl","floor":44},{"not_picked":["Rearm","Moonlight","TimeWarp+1"],"picked":"Singing Bowl","floor":46},{"not_picked":["Manipulate","Spin+1","Contraction"],"picked":"Singing Bowl","floor":46},{"not_picked":["Defy+1","SpecialFormula+1"],"picked":"PendulumOfEternity","floor":47},{"not_picked":["WasteNot+1","Desolation+1","Replace"],"picked":"Singing Bowl","floor":48},{"not_picked":["FastForward+1","Deadline+1","Starlight"],"picked":"Singing Bowl","floor":48}],"player_experience":337453,"relics_obtained":[{"floor":6.0,"key":"Darkstone Periapt"},{"floor":9.0,"key":"HornCleat"},{"floor":22.0,"key":"Bottled Flame"},{"floor":24,"key":"Oddly Smooth Stone"},{"floor":26,"key":"Power_Wrist"},{"floor":28,"key":"Thread and Needle"},{"floor":28,"key":"Singing Bowl"},{"floor":30,"key":"Meat on the Bone"},{"floor":36,"key":"Gambling Chip"},{"floor":41,"key":"Protect_Vest"},{"floor":43,"key":"Lantern"},{"floor":44,"key":"CatCart"},{"floor":47,"key":"Frozen Egg 2"}],"event_choices":[{"damage_healed":0.0,"max_hp_gain":0.0,"max_hp_loss":0.0,"gold_gain":175.0,"event_name":"betterThird:BetterSerpent","player_choice":"AGREE","floor":2.0,"gold_loss":0.0,"damage_taken":109.0},{"cards_removed":["Strike_S"],"damage_healed":0.0,"max_hp_gain":0.0,"max_hp_loss":0.0,"gold_gain":0.0,"event_name":"Bonfire Elementals","player_choice":"Offered Basic","floor":4.0,"gold_loss":0.0,"damage_taken":0.0},{"damage_healed":0.0,"max_hp_gain":0.0,"max_hp_loss":0.0,"gold_gain":0.0,"event_name":"Living Wall","player_choice":"Grow","floor":10.0,"gold_loss":0.0,"damage_taken":0.0,"cards_upgraded":["Contraction"]},{"damage_healed":0.0,"max_hp_gain":0.0,"max_hp_loss":0.0,"gold_gain":0.0,"cards_transformed":["Defend_S"],"event_name":"Transmorgrifier","player_choice":"Transformed","floor":13.0,"gold_loss":0.0,"damage_taken":0.0,"cards_obtained":["Misdirection"]},{"damage_healed":0.0,"max_hp_gain":0.0,"max_hp_loss":0.0,"gold_gain":0.0,"event_name":"The Mausoleum","player_choice":"Opened","floor":20.0,"gold_loss":0.0,"damage_taken":0.0,"relics_obtained":["Prayer Wheel"]},{"cards_removed":["Doubt"],"damage_healed":0,"gold_gain":0,"player_choice":"Gave Gold","damage_taken":0,"max_hp_gain":0,"max_hp_loss":0,"event_name":"Beggar","floor":27,"gold_loss":75},{"damage_healed":0,"gold_gain":0,"player_choice":"Fight","damage_taken":0,"max_hp_gain":0,"max_hp_loss":0,"event_name":"Colosseum","floor":28,"gold_loss":0},{"damage_healed":0,"gold_gain":0,"player_choice":"Fought Nobs","damage_taken":0,"max_hp_gain":0,"max_hp_loss":0,"event_name":"Colosseum","floor":28,"gold_loss":0},{"damage_healed":0,"gold_gain":99,"player_choice":"Steal","damage_taken":0,"max_hp_gain":0,"max_hp_loss":0,"event_name":"betterThird:BetterNest","floor":29,"gold_loss":0},{"damage_healed":0,"gold_gain":0,"player_choice":"Fight","damage_taken":0,"max_hp_gain":0,"max_hp_loss":0,"event_name":"MindBloom","floor":36,"gold_loss":0},{"damage_healed":18,"gold_gain":0,"player_choice":"Writhe","damage_taken":0,"max_hp_gain":0,"max_hp_loss":0,"event_name":"Winding Halls","floor":39,"gold_loss":0,"cards_obtained":["Writhe"]},{"damage_healed":0,"gold_gain":0,"player_choice":"Fight","damage_taken":0,"max_hp_gain":0,"max_hp_loss":0,"event_name":"OrinTheCat","floor":44,"gold_loss":0},{"damage_healed":0,"gold_gain":0,"player_choice":"Upgrade","damage_taken":0,"max_hp_gain":0,"max_hp_loss":0,"event_name":"Designer","floor":45,"gold_loss":40,"cards_upgraded":["BestPractice"]}],"is_beta":false,"boss_relics":[{"not_picked":["Tiny House","Ectoplasm"],"picked":"SlaversCollar"},{"not_picked":["Snecko Eye","Runic Pyramid"],"picked":"Pandora\u0027s Box"}],"items_purged_floors":[],"is_endless":false,"potions_floor_spawned":[5,8,19,21,24,28,44,46],"ascension_level":5}}