{"host":"ldbx2jhnvtia1ouf","time":1610212013,"event":{"mods":["BaseMod","Better Note","Better Sensory Stone","Better Skull","Better Third Choice","Block Reminder","Colored Map","Colored Powertips","Curses Come First","Highlight Path","Minty Spire (QoL Compilation)","Permanent Neow","Spicy Shops","StSLib","Transform Curses","Unceasing Turn Reminder"],"gold_per_floor":[118,132,142,162,162,162,181,199,280,260,275,275,300,311,311,408,408,426,426,28,42,42,42,42],"floor_reached":23,"playtime":1080,"items_purged":[],"score":245,"play_id":"19c91adf-a07e-49d7-9c13-3b55556709ab","local_time":"20210110030653","is_ascension_mode":false,"campfire_choices":[{"data":"Bandage Up","floor":6,"key":"SMITH"},{"data":"Armaments","floor":12,"key":"SMITH"},{"data":"1","floor":15,"key":"LIFT"}],"circlet_count":0,"master_deck":["Defend_R","Defend_R","Defend_R","Defend_R","Bash","Bandage Up+1","Immolate","Armaments+1","Inflame","Blood for Blood","Berserk","Heavy Blade+1","Demon Form+1","HandOfGreed","Limit Break","Bite","Bite","Bite","Bite","Bite"],"relics":["Burning Blood","Oddly Smooth Stone","Girya","Runic Cube"],"acts_visited":["Exordium","TheCity"],"potions_floor_usage":[8,13,16,16],"damage_taken":[{"damage":1,"enemies":"Cultist","floor":1,"turns":3},{"damage":10,"enemies":"Jaw Worm","floor":2,"turns":4},{"damage":0,"enemies":"2 Louse","floor":3,"turns":2},{"damage":15,"enemies":"Exordium Thugs","floor":4,"turns":3},{"damage":0,"enemies":"Gremlin Gang","floor":7,"turns":1},{"damage":10,"enemies":"Exordium Wildlife","floor":8,"turns":2},{"damage":0,"enemies":"2 Fungi Beasts","floor":11,"turns":2},{"damage":21,"enemies":"Lagavulin","floor":13,"turns":7},{"damage":1,"enemies":"Large Slime","floor":14,"turns":5},{"damage":29,"enemies":"Slime Boss","floor":16,"turns":8},{"damage":23,"enemies":"Spheric Guardian","floor":18,"turns":5},{"damage":19,"enemies":"Shell Parasite","floor":21,"turns":6},{"damage":89,"enemies":"Gremlin Leader","floor":23,"turns":6}],"seed_played":"4312634572539389522","potions_obtained":[{"floor":4,"key":"Block Potion"},{"floor":7,"key":"SteroidPotion"},{"floor":8,"key":"Fruit Juice"},{"floor":11,"key":"EssenceOfSteel"},{"floor":16,"key":"Fruit Juice"}],"is_trial":false,"path_per_floor":["M","M","M","M","?","R","M","M","T","?","M","R","E","M","R","B",null,"M","?","$","M","?","E"],"character_chosen":"IRONCLAD","items_purchased":["HandOfGreed","Limit Break"],"campfire_rested":0,"item_purchase_floors":[20,20],"current_hp_per_floor":[80,76,80,75,75,75,80,81,81,81,85,85,76,85,85,67,90,79,79,79,72,62,0,0],"gold":42,"neow_bonus":"RANDOM_COLORLESS","is_daily":false,"chose_seed":false,"campfire_upgraded":2,"win_rate":0.0,"timestamp":1610212013,"path_taken":["M","M","?","M","?","R","?","M","T","?","M","R","E","M","R","BOSS","M","?","$","?","?","E"],"items_purchased_type":["Card","Card"],"build_version":"2020-12-22","purchased_purges":0,"victory":false,"max_hp_per_floor":[80,80,80,80,80,80,80,85,85,85,85,85,85,85,85,90,90,90,90,90,90,62,62,62],"card_choices":[{"not_picked":["Impatience","Panacea"],"picked":"Bandage Up","floor":0},{"not_picked":["Perfected Strike","Cleave","Shockwave"],"picked":"SKIP","floor":1},{"not_picked":["Thunderclap","True Grit"],"picked":"Immolate","floor":2},{"not_picked":["Uppercut","Twin Strike","Body Slam"],"picked":"SKIP","floor":3},{"not_picked":["Perfected Strike","Cleave","Anger"],"picked":"SKIP","floor":4},{"not_picked":["Perfected Strike","Uppercut","True Grit"],"picked":"SKIP","floor":7},{"not_picked":["Searing Blow","Clothesline"],"picked":"Armaments","floor":8},{"not_picked":["Twin Strike","Flex"],"picked":"Inflame","floor":11},{"not_picked":["Corruption","Body Slam","Anger"],"picked":"SKIP","floor":13},{"not_picked":["Sword Boomerang","Thunderclap"],"picked":"Blood for Blood","floor":14},{"not_picked":["Reaper","Fiend Fire"],"picked":"Berserk","floor":16},{"not_picked":["Rage","Pummel"],"picked":"Heavy Blade+1","floor":18},{"not_picked":["Perfected Strike","Anger+1","Searing Blow"],"picked":"SKIP","floor":21}],"player_experience":82774,"relics_obtained":[{"floor":13,"key":"Girya"}],"event_choices":[{"damage_healed":0,"gold_gain":0,"player_choice":"Gave Potion","damage_taken":0,"relics_obtained":["Oddly Smooth Stone"],"max_hp_gain":0,"max_hp_loss":0,"event_name":"WeMeetAgain","floor":5,"gold_loss":0},{"damage_healed":0,"gold_gain":0,"player_choice":"Bought 1 Potion","damage_taken":0,"max_hp_gain":0,"max_hp_loss":0,"event_name":"The Woman in Blue","floor":10,"gold_loss":0},{"cards_removed":["Berserk"],"damage_healed":0,"gold_gain":0,"player_choice":"Take \u0026 Give","damage_taken":0,"max_hp_gain":0,"max_hp_loss":0,"event_name":"betterNote:BetterNote","floor":19,"gold_loss":0,"cards_obtained":["Demon Form"]},{"damage_healed":0,"gold_gain":0,"player_choice":"Became a vampire","damage_taken":0,"max_hp_gain":0,"max_hp_loss":28,"event_name":"Vampires","floor":22,"gold_loss":0,"cards_obtained":["Bite","Bite","Bite","Bite","Bite"]}],"is_beta":false,"boss_relics":[{"not_picked":["Busted Crown","Philosopher\u0027s Stone"],"picked":"Runic Cube"}],"items_purged_floors":[],"is_endless":false,"potions_floor_spawned":[4,7,8,11,16],"killed_by":"Gremlin Leader","ascension_level":0}}