{"host":"ijmqth23a408ytzh","time":1610154927,"event":{"mods":["BaseMod","Curses Come First","Downfall","Minty Spire (QoL Compilation)","StSLib"],"gold_per_floor":[99,113,113,113,123,135,135,152,152,166,166,341,341,352,371,472,472,472,491,506,606,606,619,665,665,665],"floor_reached":25,"playtime":3010,"items_purged":[],"score":220,"play_id":"796ff8d4-2234-4b60-a85c-65d658bb1f99","local_time":"20210108171527","is_ascension_mode":false,"campfire_choices":[{"data":"sneckomod:SnekBite","floor":1,"key":"SMITH"},{"data":"sneckomod:UnknownUncommonPower","floor":11,"key":"SMITH"},{"data":"sneckomod:UnknownRareSkill","floor":18,"key":"SMITH"}],"circlet_count":0,"master_deck":["sneckomod:Strike","sneckomod:Defend","sneckomod:Defend","sneckomod:Defend","sneckomod:TailWhip","sneckomod:SnekBite+1","sneckomod:Unknown","sneckomod:Unknown","sneckomod:Nope","sneckomod:Unknown0Cost","sneckomod:UnknownEthereal","sneckomod:UnknownVulnerable","sneckomod:UnknownUncommonPower+1","sneckomod:IronFang","sneckomod:UnknownBlock","sneckomod:UnknownRareSkill+1","sneckomod:UnknownWeak","sneckomod:TrashToTreasure","sneckomod:SnekBeam"],"relics":["sneckomod:SneckoSoul","Centennial Puzzle","Black Star","Thread and Needle","Frozen Egg 2","sneckomod:LoadedDie"],"acts_visited":["Exordium","TheCity"],"potions_floor_usage":[8,14,16,16,21],"damage_taken":[{"damage":6,"enemies":"Cultist","floor":2,"turns":4},{"damage":0,"enemies":"2 Louse","floor":5,"turns":2},{"damage":0,"enemies":"Small Slimes","floor":6,"turns":2},{"damage":11,"enemies":"Gremlin Gang","floor":8,"turns":4},{"damage":9,"enemies":"Blue Slaver","floor":10,"turns":3},{"damage":11,"enemies":"Large Slime","floor":14,"turns":4},{"damage":9,"enemies":"Gremlin Gang","floor":15,"turns":4},{"damage":41,"enemies":"downfall:Ironclad","floor":16,"turns":9},{"damage":43,"enemies":"Spheric Guardian","floor":19,"turns":8},{"damage":3,"enemies":"Shelled Parasite and Fungi","floor":20,"turns":8},{"damage":45,"enemies":"Colosseum Nobs","floor":21,"turns":8},{"damage":4,"enemies":"Snecko","floor":23,"turns":5},{"damage":67,"enemies":"Chosen and Byrds","floor":25,"turns":12}],"seed_played":"-5735730839561300823","potions_obtained":[{"floor":2,"key":"SkillPotion"},{"floor":10,"key":"SpeedPotion"},{"floor":13,"key":"LiquidMemories"},{"floor":13,"key":"DistilledChaos"},{"floor":13,"key":"Energy Potion"},{"floor":15,"key":"Dexterity Potion"},{"floor":16,"key":"Fire Potion"},{"floor":19,"key":"FairyPotion"}],"is_trial":false,"path_per_floor":["R","M","?","?","M","M","T","M","?","M","R","?","?","M","M","B",null,"R","M","M","?","?","M","T","M"],"character_chosen":"THE_SNECKO","items_purchased":[],"campfire_rested":0,"item_purchase_floors":[],"current_hp_per_floor":[99,93,93,93,94,95,95,85,85,77,77,77,77,66,58,18,105,105,67,71,26,26,22,22,0,0],"gold":665,"neow_bonus":"TEN_PERCENT_HP_BONUS","is_daily":false,"chose_seed":false,"campfire_upgraded":3,"win_rate":0.0,"timestamp":1610154927,"path_taken":["R","M","?","?","?","M","T","M","?","?","R","?","?","M","M","BOSS","R","M","?","?","?","M","T","M"],"items_purchased_type":[],"build_version":"2020-12-22","purchased_purges":0,"victory":false,"max_hp_per_floor":[99,99,99,99,100,101,101,102,102,103,103,103,103,103,104,105,105,105,106,106,106,106,106,106,106,106],"card_choices":[{"not_picked":["sneckomod:UnknownVulnerable","sneckomod:UnknownStrike"],"picked":"sneckomod:Nope","floor":2},{"not_picked":["sneckomod:SnekBeam","sneckomod:UnknownX"],"picked":"sneckomod:Unknown0Cost","floor":5},{"not_picked":["sneckomod:RainOfDice","sneckomod:QuickBite"],"picked":"sneckomod:UnknownEthereal","floor":6},{"not_picked":["sneckomod:WideSting","sneckomod:DangerNoodle"],"picked":"sneckomod:UnknownVulnerable","floor":8},{"not_picked":["sneckomod:DefensiveFlair","sneckomod:UnknownBlock"],"picked":"sneckomod:UnknownUncommonPower","floor":10},{"not_picked":["sneckomod:Unknown2Cost","sneckomod:Unknown1Cost"],"picked":"sneckomod:IronFang","floor":14},{"not_picked":["sneckomod:UnknownClassHEXA_GHOST_PURPLE","sneckomod:Unknown1Cost"],"picked":"sneckomod:UnknownBlock","floor":15},{"not_picked":["sneckomod:UnlimitedRolls","sneckomod:SoulExchange"],"picked":"sneckomod:UnknownRareSkill","floor":16},{"not_picked":["sneckomod:SlitherStrike","sneckomod:UnknownStrike"],"picked":"sneckomod:UnknownWeak","floor":19},{"not_picked":["sneckomod:MasterEye","sneckomod:RainOfDice+1"],"picked":"sneckomod:TrashToTreasure","floor":20},{"not_picked":["sneckomod:UnknownExhaust","sneckomod:Nope"],"picked":"sneckomod:SnekBeam","floor":23}],"player_experience":750579,"relics_obtained":[{"floor":7,"key":"Centennial Puzzle"},{"floor":21,"key":"Thread and Needle"},{"floor":21,"key":"Frozen Egg 2"},{"floor":24,"key":"sneckomod:LoadedDie"}],"event_choices":[{"damage_healed":0,"gold_gain":0,"player_choice":"Ignored","damage_taken":0,"max_hp_gain":0,"max_hp_loss":0,"event_name":"NoteForYourself","floor":4,"gold_loss":0},{"cards_removed":["sneckomod:Strike"],"damage_healed":0,"gold_gain":0,"player_choice":"Offered Basic","damage_taken":0,"max_hp_gain":0,"max_hp_loss":0,"event_name":"Bonfire Elementals","floor":9,"gold_loss":0},{"damage_healed":0,"gold_gain":0,"player_choice":"Got Potions","damage_taken":0,"max_hp_gain":0,"max_hp_loss":0,"event_name":"Lab","floor":13,"gold_loss":0},{"cards_removed":["Doubt"],"damage_healed":0,"gold_gain":0,"player_choice":"Purged","damage_taken":0,"max_hp_gain":0,"max_hp_loss":0,"event_name":"Purifier","floor":22,"gold_loss":0}],"is_beta":false,"boss_relics":[{"not_picked":["Coffee Dripper","Runic Pyramid"],"picked":"Black Star"}],"items_purged_floors":[],"is_endless":false,"potions_floor_spawned":[2,10,15,19],"killed_by":"Chosen and Byrds","ascension_level":0}}