{"host":"cllrhzw6u2711n9p","time":1610173452,"event":{"mods":["Aspiration","BaseMod","Better Altar","Better Skull","Better Third Choice","BetterRewards","Highlight Path","Hubris","Infinite Spire","Minty Spire (QoL Compilation)","Replay The Spire","Spicy Shops","StSLib","SuperFastMode","vexMod"],"gold_per_floor":[113,131,131,150,165,165,191,266,292,292,307,335,352,365,365,461,461,471,322,322,340,352,386,78,78,78,93,93,111,111,126,126,230,230,240,240,254,273,273,301,314,314,314,373,98,98,114,130,130,130,130],"floor_reached":50,"playtime":3790,"items_purged":["Blade Dance"],"score":660,"play_id":"ffbf28eb-36cd-48bf-be3f-43176a07aada","local_time":"20210109012412","daily_mods":["Vintage","Heirloom","DeadlyEvents"],"is_ascension_mode":false,"campfire_choices":[{"floor":6,"key":"REST"},{"floor":10,"key":"REST"},{"floor":15,"key":"REST"},{"data":"1","floor":25,"key":"LIFT"},{"floor":28,"key":"REST"},{"floor":32,"key":"REST"},{"data":"2","floor":42,"key":"LIFT"},{"data":"3","floor":46,"key":"LIFT"},{"data":"Blade Dance","floor":49,"key":"SMITH"}],"circlet_count":0,"master_deck":["Strike_G+1","Strike_G+1","Strike_G+1","Strike_G+1","Strike_G+1","Defend_G+2","Defend_G+1","Defend_G+1","Defend_G+1","Defend_G+2","Survivor+1","Neutralize+1","Hidden Blade","Blade Dance+1","Dash+1","Pot Of Greed","Pot Of Greed+1","Adrenaline","Toxin Wave","Quick Slash","Fluid Movement","Bane+1","Backflip+1","infinitespire:Oblivion","Steam","Good Instincts","Pot Of Greed","Backstab","Storm of Steel","Bane","Riddle With Holes+1","Blade Dance+1"],"relics":["Unceasing Top","replay:Trail_Library","Mango","The Specimen","Gremlin Food","hubris:CrystalStatue","Basket Of Snakes","hubris:Zylophone","Vajra","infinitespire:Satchel","Ancient Tea Set","Grinning Jar","Omamori","aspiration:DefectSkillbook","Boot","Orrery","Blue Doll","Blood Vial","Replay:Kaleidoscope","Girya","Lizard Tail","Gambling Chip","Mercury Hourglass","aspiration:HummingbirdHeart","Bloody Idol","Lantern","aspiration:RitualDagger","Replay:Bottled Steam","ReplayTheSpireMod:Ring of Challenge","ReplayTheSpireMod:Ring of Exchange","TungstenRod","Simple Rune","vexMod:MegatonBomb","Replay:Multitool","Akabeko","vexMod:ScavengeHelm","Blue Candle","Membership Card","infinitespire:CheckeredPen","hubris:SlimyHat"],"acts_visited":["Exordium","TheCity","TheBeyond"],"potions_floor_usage":[16,22,50],"damage_taken":[{"damage":2,"enemies":"2 Louse","floor":1,"turns":3},{"damage":6,"enemies":"Cultist","floor":2,"turns":5},{"damage":5,"enemies":"Small Slimes","floor":4,"turns":4},{"damage":1,"enemies":"2 Fungi Beasts","floor":5,"turns":5},{"damage":48,"enemies":"3 Sentries","floor":7,"turns":14},{"damage":7,"enemies":"Blue Slaver","floor":11,"turns":3},{"damage":5,"enemies":"Lagavulin","floor":12,"turns":5},{"damage":8,"enemies":"3 Louse","floor":13,"turns":3},{"damage":4,"enemies":"Large Slime","floor":14,"turns":3},{"damage":26,"enemies":"Slime Boss","floor":16,"turns":9},{"damage":0,"enemies":"Shell Parasite","floor":18,"turns":3},{"damage":20,"enemies":"2 Thieves","floor":21,"turns":2},{"damage":15,"enemies":"Centurion and Healer","floor":22,"turns":4},{"damage":24,"enemies":"Nightmare","floor":23,"turns":6},{"damage":0,"enemies":"Snecko","floor":27,"turns":2},{"damage":1,"enemies":"Shelled Parasite and Fungi","floor":29,"turns":2},{"damage":0,"enemies":"Centurion and Healer","floor":31,"turns":3},{"damage":16,"enemies":"hubris:MusketHawk","floor":33,"turns":5},{"damage":9,"enemies":"3 Darklings","floor":35,"turns":3},{"damage":6,"enemies":"Orb Walker","floor":37,"turns":2},{"damage":6,"enemies":"Writhing Mass","floor":38,"turns":3},{"damage":2,"enemies":"Nightmare","floor":40,"turns":1},{"damage":10,"enemies":"Transient","floor":41,"turns":5},{"damage":4,"enemies":"4 Shapes","floor":44,"turns":2},{"damage":6,"enemies":"Sphere and 2 Shapes","floor":47,"turns":2},{"damage":4,"enemies":"Jaw Worm Horde","floor":48,"turns":2},{"damage":260,"enemies":"infinitespire:MassOfShapes","floor":50,"turns":7}],"seed_played":"-5594467134344312356","potions_obtained":[{"floor":2,"key":"Weak Potion"},{"floor":4,"key":"Weak Potion"},{"floor":5,"key":"Fire Potion"},{"floor":11,"key":"GhostInAJar"},{"floor":12,"key":"DuplicationPotion"},{"floor":16,"key":"LifebloodPotion"},{"floor":18,"key":"SkillPotion"},{"floor":22,"key":"LiquidMemories"},{"floor":38,"key":"Swift Potion"}],"is_trial":true,"path_per_floor":["M","M","?","M","M","R","E","?","T","R","M","E","M","M","R","B",null,"M","$","?","M","M","NM","$","R","T","M","R","M","?","M","R","B",null,"M","?","M","M","AVR","NM","M","R","T","M","$","R","M","M","R","B"],"character_chosen":"THE_SILENT","items_purchased":["Orrery","Girya","Good Instincts","Lizard Tail","Membership Card","Riddle With Holes+1","Blade Dance"],"campfire_rested":5,"item_purchase_floors":[19,24,24,24,45,45,45],"current_hp_per_floor":[82,76,76,71,70,84,36,25,25,50,43,38,30,26,51,25,84,84,84,84,64,49,27,27,27,27,29,54,55,13,20,45,36,84,80,80,81,82,82,84,79,79,79,84,84,84,83,84,84,0,0],"gold":130,"neow_bonus":"","is_daily":false,"chose_seed":false,"campfire_upgraded":1,"win_rate":0.0,"timestamp":1610173452,"path_taken":["M","M","?","?","M","R","?","?","T","R","M","E","M","M","R","BOSS","M","$","?","?","M","NM","$","R","T","M","R","M","?","M","R","BOSS","M","?","M","M","AVR","NM","M","R","T","M","$","R","M","M","R","BOSS"],"items_purchased_type":["Relic","Relic","Card","Relic","Relic","Card","Card"],"build_version":"2020-12-22","purchased_purges":1,"victory":false,"max_hp_per_floor":[84,84,84,84,84,84,84,84,84,84,84,84,84,84,84,84,84,84,84,84,84,84,84,84,84,84,84,84,84,84,84,84,84,84,84,84,84,84,84,84,84,84,84,84,84,84,84,84,84,84,84],"card_choices":[{"not_picked":["Crippling Poison","Dodge and Roll"],"picked":"Hidden Blade","floor":7},{"not_picked":["Malaise","Predator"],"picked":"Dash","floor":12},{"not_picked":["Replay:Bag of Tricks","aspiration:Lunge"],"picked":"Adrenaline","floor":16},{"not_picked":["Prepared","Setup","Ball Lightning+1"],"picked":"Toxin Wave","floor":19},{"not_picked":["Tools of the Trade","Predator","Hologram+1"],"picked":"Quick Slash","floor":19},{"not_picked":["Barrage","hubris:SlightOfHand","Turbo"],"picked":"Fluid Movement","floor":19},{"not_picked":["Panic Button","Sweeping Beam","Underhanded Strike"],"picked":"Bane+1","floor":19},{"not_picked":["Tactician+1","Skewer","Reprogram"],"picked":"Backflip+1","floor":19},{"not_picked":["infinitespire:FinalStrike","hubris:InfiniteBlow"],"picked":"infinitespire:Oblivion","floor":23},{"not_picked":["ReplayTheSpireMod:Calculation Training","Stack","Conserve Battery+1"],"picked":"Steam","floor":23},{"not_picked":["Grand Finale","Reboot","Machine Learning"],"picked":"Storm of Steel","floor":33},{"not_picked":["Beam Cell+1","Streamline","All Out Attack"],"picked":"Bane","floor":40}],"player_experience":10379,"relics_obtained":[{"floor":1,"key":"The Specimen"},{"floor":2,"key":"Gremlin Food"},{"floor":4,"key":"hubris:CrystalStatue"},{"floor":5,"key":"Basket Of Snakes"},{"floor":7,"key":"hubris:Zylophone"},{"floor":9,"key":"Vajra"},{"floor":11,"key":"infinitespire:Satchel"},{"floor":12,"key":"Ancient Tea Set"},{"floor":13,"key":"Grinning Jar"},{"floor":14,"key":"Omamori"},{"floor":18,"key":"Boot"},{"floor":21,"key":"Blue Doll"},{"floor":22,"key":"Blood Vial"},{"floor":23,"key":"Replay:Kaleidoscope"},{"floor":26,"key":"Gambling Chip"},{"floor":27,"key":"Mercury Hourglass"},{"floor":29,"key":"aspiration:HummingbirdHeart"},{"floor":31,"key":"Lantern"},{"floor":35,"key":"Replay:Bottled Steam"},{"floor":36,"key":"ReplayTheSpireMod:Ring of Challenge"},{"floor":36,"key":"ReplayTheSpireMod:Ring of Exchange"},{"floor":37,"key":"TungstenRod"},{"floor":38,"key":"Simple Rune"},{"floor":40,"key":"Replay:Multitool"},{"floor":41,"key":"Akabeko"},{"floor":43,"key":"vexMod:ScavengeHelm"},{"floor":44,"key":"Blue Candle"},{"floor":47,"key":"infinitespire:CheckeredPen"},{"floor":48,"key":"hubris:SlimyHat"}],"event_choices":[{"damage_healed":0,"gold_gain":0,"player_choice":"Upgraded","damage_taken":0,"max_hp_gain":0,"max_hp_loss":0,"event_name":"Upgrade Shrine","floor":3,"gold_loss":0,"cards_upgraded":["Neutralize"]},{"damage_healed":0,"gold_gain":75,"player_choice":"Gold","damage_taken":11,"max_hp_gain":0,"max_hp_loss":0,"event_name":"betterThird:BetterGoop","floor":8,"gold_loss":0},{"damage_healed":0,"gold_gain":0,"player_choice":"Simplicity","damage_taken":0,"max_hp_gain":0,"max_hp_loss":9,"event_name":"betterThird:BetterWriting","floor":20,"gold_loss":0},{"damage_healed":0,"gold_gain":0,"player_choice":" Idol ","damage_taken":42,"relics_obtained":["Bloody Idol"],"max_hp_gain":55,"max_hp_loss":13,"event_name":"betterAltar:BetterAltar","floor":30,"potions_obtained":[],"relics_lost":[],"gold_loss":0}],"is_beta":false,"boss_relics":[{"not_picked":["Honey Jar","Sozu"],"picked":"aspiration:DefectSkillbook"},{"not_picked":["Coffee Dripper","Painkiller Herb"],"picked":"aspiration:RitualDagger"}],"items_purged_floors":[45],"is_endless":true,"potions_floor_spawned":[2,4,5,11,12,16,18,22,27,29,37,38,47],"killed_by":"infinitespire:MassOfShapes","ascension_level":0}}