{"host":"qrt7o4dq2qslzw13","time":1610178359,"event":{"mods":["AchievementEnabler","BaseMod","Colored Map","Colored Powertips","Minty Spire (QoL Compilation)","Quick Restart","StSLib","SuperFastMode"],"gold_per_floor":[117,117,117,127,138,138,168,168,168,168,182,18,18,31,31,132,132,144,71,82,82,100,100,129,129,197,197,197,227,9,26,26,125,125,143,28,28,46,57,57,57,57,57,57,0,0,0,20,20,20,20,20,20,51,51,51],"floor_reached":55,"playtime":1807,"items_purged":[],"score":1039,"play_id":"22415cc4-7bbe-4054-9434-47da429aa9ff","local_time":"20210109024559","is_ascension_mode":true,"campfire_choices":[{"data":"Cloak And Dagger","floor":6.0,"key":"SMITH"},{"floor":8.0,"key":"REST"},{"data":"Glass Knife","floor":10.0,"key":"SMITH"},{"data":"Apotheosis","floor":13.0,"key":"SMITH"},{"data":"Choke","floor":15.0,"key":"SMITH"},{"data":"Adrenaline","floor":23.0,"key":"SMITH"},{"data":"Prepared","floor":25.0,"key":"SMITH"},{"data":"Leg Sweep","floor":27.0,"key":"SMITH"},{"data":"Accuracy","floor":32.0,"key":"SMITH"},{"data":"Storm of Steel","floor":40.0,"key":"SMITH"},{"data":"Accuracy","floor":42.0,"key":"SMITH"},{"data":"Thinking Ahead","floor":44.0,"key":"SMITH"},{"data":"Panache","floor":47.0,"key":"SMITH"},{"floor":49.0,"key":"RECALL"},{"data":"Master of Strategy","floor":52.0,"key":"SMITH"}],"circlet_count":0,"master_deck":["AscendersBane","Strike_G","Strike_G","Defend_G","Defend_G","Defend_G","Defend_G","Survivor","Neutralize","Glass Knife+1","Choke+1","Prepared+1","Leg Sweep+1","Cloak And Dagger+1","Bullet Time","Backstab","Apotheosis+1","Flying Knee","Adrenaline+1","CurseOfTheBell","Escape Plan+1","Endless Agony","Outmaneuver+1","Concentrate+1","Deflect+1","Unload","Accuracy+1","Cloak And Dagger+1","Reflex","After Image","Backstab+1","Storm of Steel+1","Blade Dance","Accuracy+1","Thinking Ahead+1","Panache+1","Master of Strategy+1","Accuracy+1"],"relics":["Ring of the Snake","Eternal Feather","Gremlin Horn","Calling Bell","Bag of Preparation","Shuriken","CaptainsWheel","HornCleat","Mercury Hourglass","Ornamental Fan","Orrery","Empty Cage","Red Mask","Incense Burner"],"acts_visited":["TheCity","TheBeyond","TheEnding"],"potions_floor_usage":[55],"damage_taken":[{"damage":4.0,"enemies":"Small Slimes","floor":1.0,"turns":3.0},{"damage":0.0,"enemies":"2 Louse","floor":4.0,"turns":3.0},{"damage":0.0,"enemies":"Cultist","floor":5.0,"turns":3.0},{"damage":50.0,"enemies":"Lagavulin","floor":7.0,"turns":7.0},{"damage":9.0,"enemies":"Exordium Thugs","floor":11.0,"turns":5.0},{"damage":0.0,"enemies":"3 Louse","floor":14.0,"turns":3.0},{"damage":8.0,"enemies":"Hexaghost","floor":16.0,"turns":12.0},{"damage":9.0,"enemies":"Shell Parasite","floor":18.0,"turns":4.0},{"damage":0.0,"enemies":"3 Byrds","floor":20.0,"turns":4.0},{"damage":0.0,"enemies":"3 Cultists","floor":22.0,"turns":5.0},{"damage":16.0,"enemies":"Book of Stabbing","floor":24.0,"turns":5.0},{"damage":0.0,"enemies":"Gremlin Leader","floor":29.0,"turns":7.0},{"damage":0.0,"enemies":"Snecko","floor":31.0,"turns":3.0},{"damage":60.0,"enemies":"Champ","floor":33.0,"turns":13.0},{"damage":0.0,"enemies":"3 Darklings","floor":35.0,"turns":4.0},{"damage":0.0,"enemies":"Orb Walker","floor":38.0,"turns":1.0},{"damage":0.0,"enemies":"Writhing Mass","floor":39.0,"turns":4.0},{"damage":0.0,"enemies":"Maw","floor":48.0,"turns":5.0},{"damage":26.0,"enemies":"Donu and Deca","floor":50.0,"turns":6.0},{"damage":34.0,"enemies":"Shield and Spear","floor":54.0,"turns":4.0},{"damage":39,"enemies":"The Heart","floor":55,"turns":5}],"seed_played":"-4058781642565638127","potions_obtained":[{"floor":1.0,"key":"AttackPotion"},{"floor":14.0,"key":"Regen Potion"},{"floor":16.0,"key":"PowerPotion"},{"floor":29.0,"key":"SpeedPotion"},{"floor":35.0,"key":"Ancient Potion"}],"is_trial":false,"path_per_floor":["M","?","?","M","M","R","E","R","T","R","M","$","R","M","R","B",null,"M","$","M","?","M","R","E","R","T","R","?","E","$","M","R","B",null,"M","$","?","M","M","R","?","R","T","R","?","$","R","M","R","B",null,"R","$","E","B"],"character_chosen":"THE_SILENT","items_purchased":["Apotheosis","Endless Agony","Accuracy","Orrery","Blade Dance","Accuracy"],"campfire_rested":1,"item_purchase_floors":[12,19,30,30,36,36],"current_hp_per_floor":[41,64,64,64,64,64,14,44,44,53,44,44,56,56,68,60,68,59,59,59,59,59,70,54,69,69,70,70,70,70,70,70,15,56,56,56,46,46,46,67,67,70,70,70,70,70,70,70,70,44,64,70,70,36,0,0],"gold":51,"neow_bonus":"THREE_RARE_CARDS","is_daily":false,"chose_seed":false,"campfire_upgraded":13,"win_rate":0.0,"timestamp":1610178359,"path_taken":["M","?","?","?","M","R","E","R","T","R","M","?","R","M","R","BOSS","M","$","M","?","M","R","E","R","T","R","?","E","$","?","R","BOSS","M","$","?","M","M","R","?","R","T","R","?","?","R","M","R","BOSS","R","$","E","BOSS"],"items_purchased_type":["Card","Card","Card","Relic","Card","Card"],"build_version":"2020-12-22","purchased_purges":0,"victory":false,"max_hp_per_floor":[70,70,70,70,70,70,70,70,70,70,70,70,70,70,70,70,70,70,70,70,70,70,70,70,70,70,70,70,70,70,70,70,70,70,70,70,70,70,70,70,70,70,70,70,70,70,70,70,70,70,70,70,70,70,70,70],"card_choices":[{"not_picked":["Storm of Steel","Die Die Die"],"picked":"Glass Knife","floor":0.0},{"not_picked":["Skewer","Prepared"],"picked":"Choke","floor":1.0},{"not_picked":["Dagger Spray","Flechettes"],"picked":"Leg Sweep","floor":4.0},{"not_picked":["Backstab","Deflect"],"picked":"Cloak And Dagger","floor":5.0},{"not_picked":["Concentrate","Deadly Poison"],"picked":"Bullet Time","floor":7.0},{"not_picked":["Outmaneuver","Heel Hook"],"picked":"Backstab","floor":11.0},{"not_picked":["Dodge and Roll","Underhanded Strike"],"picked":"Flying Knee","floor":14.0},{"not_picked":["Wraith Form v2","Tools of the Trade"],"picked":"Adrenaline","floor":16.0},{"not_picked":["Prepared","Dagger Throw"],"picked":"Escape Plan+1","floor":18.0},{"not_picked":["Heel Hook","Flying Knee"],"picked":"Outmaneuver+1","floor":20.0},{"not_picked":["Backflip+1","Footwork"],"picked":"Concentrate+1","floor":22.0},{"not_picked":["Outmaneuver+1","Acrobatics+1"],"picked":"Deflect+1","floor":24.0},{"not_picked":["Deflect+1","PiercingWail"],"picked":"Unload","floor":29.0},{"not_picked":["Bane+1","Quick Slash+1"],"picked":"Cloak And Dagger+1","floor":30.0},{"not_picked":["Heel Hook","Finisher"],"picked":"Reflex","floor":30.0},{"not_picked":["Acrobatics","Backflip"],"picked":"After Image","floor":30.0},{"not_picked":["Outmaneuver","Acrobatics"],"picked":"Backstab+1","floor":31.0},{"not_picked":["Grand Finale","Phantasmal Killer"],"picked":"Storm of Steel","floor":33.0},{"not_picked":["Expertise+1","Outmaneuver+1","Acrobatics+1"],"picked":"SKIP","floor":35.0},{"not_picked":["Impatience","Madness"],"picked":"Thinking Ahead","floor":37.0},{"not_picked":["HandOfGreed","Transmutation"],"picked":"Panache","floor":37.0},{"not_picked":["Dark Shackles","Panacea"],"picked":"Master of Strategy","floor":37.0},{"not_picked":["Acrobatics+1","Distraction","Catalyst+1"],"picked":"SKIP","floor":38.0},{"not_picked":["Outmaneuver","Slice"],"picked":"Accuracy+1","floor":39.0},{"not_picked":["Skewer+1","PiercingWail","Prepared+1"],"picked":"SKIP","floor":48.0},{"not_picked":["Poisoned Stab","Masterful Stab+1","Dagger Throw+1"],"picked":"SKIP","floor":54.0}],"player_experience":525109,"relics_obtained":[{"floor":7.0,"key":"Eternal Feather"},{"floor":9.0,"key":"Gremlin Horn"},{"floor":17.0,"key":"Bag of Preparation"},{"floor":17.0,"key":"Shuriken"},{"floor":17.0,"key":"CaptainsWheel"},{"floor":24.0,"key":"HornCleat"},{"floor":26.0,"key":"Mercury Hourglass"},{"floor":29.0,"key":"Ornamental Fan"},{"floor":54.0,"key":"Incense Burner"}],"event_choices":[{"damage_healed":23.0,"max_hp_gain":0.0,"max_hp_loss":0.0,"gold_gain":0.0,"event_name":"Big Fish","player_choice":"Banana","floor":2.0,"gold_loss":0.0,"damage_taken":0.0},{"damage_healed":0.0,"max_hp_gain":0.0,"max_hp_loss":0.0,"gold_gain":0.0,"cards_transformed":["Strike_G"],"event_name":"Transmorgrifier","player_choice":"Transformed","floor":3.0,"gold_loss":0.0,"damage_taken":0.0,"cards_obtained":["Prepared"]},{"damage_healed":0.0,"max_hp_gain":0.0,"max_hp_loss":0.0,"gold_gain":0.0,"event_name":"Ghosts","player_choice":"Ignored","floor":21.0,"gold_loss":0.0,"damage_taken":0.0},{"cards_removed":["Strike_G"],"damage_healed":0.0,"max_hp_gain":0.0,"max_hp_loss":0.0,"gold_gain":0.0,"event_name":"Bonfire Elementals","player_choice":"Offered Basic","floor":28.0,"gold_loss":0.0,"damage_taken":0.0},{"damage_healed":0.0,"max_hp_gain":0.0,"max_hp_loss":0.0,"gold_gain":0.0,"event_name":"SensoryStone","player_choice":"Memory 3","floor":37.0,"gold_loss":0.0,"damage_taken":10.0},{"damage_healed":0.0,"max_hp_gain":0.0,"max_hp_loss":0.0,"gold_gain":0.0,"event_name":"Mysterious Sphere","player_choice":"Ignored","floor":41.0,"gold_loss":0.0,"damage_taken":0.0},{"damage_healed":0.0,"max_hp_gain":0.0,"max_hp_loss":0.0,"gold_gain":0.0,"event_name":"Tomb of Lord Red Mask","player_choice":"Paid","floor":45.0,"gold_loss":57.0,"damage_taken":0.0,"relics_obtained":["Red Mask"]}],"is_beta":false,"boss_relics":[{"not_picked":["Sozu","Coffee Dripper"],"picked":"Calling Bell"},{"not_picked":["SlaversCollar","SacredBark"],"picked":"Empty Cage"}],"items_purged_floors":[],"is_endless":false,"potions_floor_spawned":[1,14,16,29,35,39,48],"killed_by":"The Heart","ascension_level":10}}