{"host":"5ty8fyb0ngp9gspj","time":1610162549,"event":{"mods":["2.2 Compatiblity","AchievementEnabler","Act Like it!","BaseMod","Colored Map","Downfall","Minty Spire (QoL Compilation)","Rare Cards Sparkle","StSLib"],"gold_per_floor":[110,87,106,116,116,143,154,154,154,154,154,154],"floor_reached":11,"playtime":706,"items_purged":[],"score":80,"play_id":"d87639f5-dcec-47b2-85be-0c5f9c62f8bf","local_time":"20210109142229","is_ascension_mode":true,"campfire_choices":[{"floor":8,"key":"REST"},{"floor":10,"key":"REST"}],"circlet_count":0,"master_deck":["Strike_G","Strike_G","Strike_G","Strike_G","Strike_G","Defend_G","Defend_G","Defend_G","Defend_G","Defend_G","Survivor","Neutralize","Acrobatics","Acrobatics","Dodge and Roll","Prepared","Enlightenment","Dagger Spray","Venomology"],"relics":["Ring of the Snake","Ornamental Fan","Ice Cream"],"acts_visited":["Exordium"],"potions_floor_usage":[6,6,11,11],"damage_taken":[{"damage":0,"enemies":"Cultist","floor":1,"turns":6},{"damage":1,"enemies":"2 Louse","floor":3,"turns":3},{"damage":6,"enemies":"Small Slimes","floor":4,"turns":6},{"damage":35,"enemies":"3 Sentries","floor":6,"turns":21},{"damage":10,"enemies":"3 Louse","floor":7,"turns":4},{"damage":0,"enemies":"Lagavulin","floor":11,"turns":3}],"seed_played":"1394457034332664606","potions_obtained":[{"floor":3,"key":"SkillPotion"},{"floor":4,"key":"champ:CounterPotion"}],"is_trial":false,"path_per_floor":["M","$","M","M","?","E","M","R","T","R","E"],"character_chosen":"THE_SILENT","items_purchased":["Acrobatics"],"campfire_rested":2,"item_purchase_floors":[2],"current_hp_per_floor":[77,77,76,70,70,35,25,48,48,71,71,71],"gold":154,"neow_bonus":"TEN_PERCENT_HP_BONUS","is_daily":false,"chose_seed":false,"campfire_upgraded":0,"win_rate":0.0,"timestamp":1610162549,"path_taken":["M","?","M","M","?","E","M","R","T","R","E"],"items_purchased_type":["Card"],"build_version":"2020-12-22","purchased_purges":0,"victory":false,"max_hp_per_floor":[77,77,77,77,77,77,77,77,77,77,77,77],"card_choices":[{"not_picked":["Slice","Backflip"],"picked":"Acrobatics","floor":1},{"not_picked":["Prepared","Endless Agony"],"picked":"Dodge and Roll","floor":3},{"not_picked":["Bane","Blade Dance"],"picked":"Prepared","floor":4},{"not_picked":["Expertise","Quick Slash"],"picked":"Dagger Spray","floor":6},{"not_picked":["Blade Dance","Deadly Poison"],"picked":"Venomology","floor":7}],"player_experience":336872,"relics_obtained":[{"floor":6,"key":"Ornamental Fan"},{"floor":9,"key":"Ice Cream"}],"event_choices":[{"damage_healed":0,"gold_gain":0,"player_choice":"1 cards matched","damage_taken":0,"max_hp_gain":0,"max_hp_loss":0,"event_name":"Match and Keep!","floor":5,"gold_loss":0,"cards_obtained":["Enlightenment"]}],"is_beta":false,"boss_relics":[],"items_purged_floors":[],"is_endless":false,"potions_floor_spawned":[3,4],"killed_by":"Lagavulin","ascension_level":2}}