{"host":"uonldg9uriwfhjjx","time":1610165946,"event":{"mods":["AchievementEnabler","BaseMod","Minty Spire (QoL Compilation)","Relic Stats"],"gold_per_floor":[111,186,201,216,232,232,265,265,265,277,277,290,322,239,239,310,310,324,339,339,349,368,368,378,378,378],"floor_reached":25,"playtime":778,"items_purged":[],"score":391,"play_id":"d971deae-fc1e-4167-9e6c-8c9e986df0b7","local_time":"20210108231906","is_ascension_mode":true,"campfire_choices":[{"data":"Clothesline","floor":6,"key":"SMITH"},{"data":"Battle Trance","floor":8,"key":"SMITH"},{"data":"Inflame","floor":15,"key":"SMITH"},{"data":"Uppercut","floor":23,"key":"SMITH"}],"circlet_count":0,"master_deck":["AscendersBane","Strike_R","Strike_R","Strike_R","Strike_R","Defend_R","Defend_R","Defend_R","Defend_R","Bash+1","Battle Trance+1","Heavy Blade","Clothesline+1","Armaments+1","Cleave","Inflame+1","Limit Break+1","Thunderclap","Pommel Strike","Cleave","Uppercut+1"],"relics":["Burning Blood","Toxic Egg 2","Self Forming Clay","MealTicket","Mark of Pain"],"acts_visited":["Exordium","TheCity"],"potions_floor_usage":[13,13,18,21,25],"damage_taken":[{"damage":2,"enemies":"2 Louse","floor":1,"turns":4},{"damage":6,"enemies":"Cultist","floor":3,"turns":4},{"damage":7,"enemies":"Small Slimes","floor":4,"turns":4},{"damage":12,"enemies":"Blue Slaver","floor":5,"turns":4},{"damage":18,"enemies":"Gremlin Nob","floor":7,"turns":4},{"damage":12,"enemies":"Large Slime","floor":10,"turns":8},{"damage":5,"enemies":"2 Fungi Beasts","floor":12,"turns":4},{"damage":24,"enemies":"Lagavulin","floor":13,"turns":6},{"damage":31,"enemies":"Hexaghost","floor":16,"turns":11},{"damage":6,"enemies":"Spheric Guardian","floor":18,"turns":3},{"damage":16,"enemies":"3 Byrds","floor":19,"turns":5},{"damage":21,"enemies":"Centurion and Healer","floor":21,"turns":5},{"damage":22,"enemies":"Cultist and Chosen","floor":22,"turns":5},{"damage":18,"enemies":"Snake Plant","floor":24,"turns":5},{"damage":13,"enemies":"Slavers","floor":25,"turns":1}],"seed_played":"8507397086485238697","potions_obtained":[{"floor":1,"key":"SteroidPotion"},{"floor":7,"key":"BlessingOfTheForge"},{"floor":13,"key":"Explosive Potion"},{"floor":18,"key":"BlessingOfTheForge"},{"floor":19,"key":"PowerPotion"}],"is_trial":false,"path_per_floor":["M","?","M","M","M","R","E","R","T","M","?","M","E","$","R","B",null,"M","M","?","M","M","R","M","E"],"character_chosen":"IRONCLAD","items_purchased":["Inflame"],"campfire_rested":0,"item_purchase_floors":[14],"current_hp_per_floor":[72,61,61,60,54,54,42,42,42,36,61,62,44,59,59,34,65,65,55,55,40,24,24,12,0,0],"gold":378,"neow_bonus":"UPGRADE_CARD","is_daily":false,"chose_seed":false,"campfire_upgraded":4,"win_rate":0.0,"timestamp":1610165946,"path_taken":["M","?","M","M","M","R","E","R","T","M","?","M","E","$","R","BOSS","M","M","?","M","M","R","M","E"],"items_purchased_type":["Card"],"build_version":"2020-12-22","purchased_purges":0,"victory":false,"max_hp_per_floor":[75,75,75,75,75,75,75,75,75,75,75,75,75,75,75,75,75,75,75,75,75,75,75,75,75,75],"relic_stats":{"counters":[15,73],"Self Forming Clay":[120],"MealTicket":15,"obtain_stats":[{"Self Forming Clay":9,"MealTicket":13,"Mark of Pain":17,"Toxic Egg 2":7,"Burning Blood":0},{"Self Forming Clay":5,"MealTicket":8,"Mark of Pain":9,"Toxic Egg 2":5,"Burning Blood":0},{"Self Forming Clay":20,"MealTicket":38,"Mark of Pain":49,"Toxic Egg 2":20,"Burning Blood":0}],"Burning Blood":84},"card_choices":[{"not_picked":["Pommel Strike","Anger"],"picked":"Battle Trance","floor":1},{"not_picked":["Whirlwind","Power Through"],"picked":"Heavy Blade","floor":3},{"not_picked":["Searing Blow","Rage"],"picked":"Clothesline","floor":4},{"not_picked":["Sentinel","Hemokinesis","Heavy Blade"],"picked":"SKIP","floor":5},{"not_picked":["Sentinel+1","Reckless Charge"],"picked":"Armaments+1","floor":7},{"not_picked":["Clash","Dark Embrace","Iron Wave"],"picked":"SKIP","floor":10},{"not_picked":["Clash","Thunderclap"],"picked":"Cleave","floor":12},{"not_picked":["Combust","Rupture","Anger"],"picked":"SKIP","floor":13},{"not_picked":["Offering+1","Reaper"],"picked":"Limit Break+1","floor":16},{"not_picked":["Clothesline","Warcry+1"],"picked":"Thunderclap","floor":18},{"not_picked":["Feel No Pain","Thunderclap"],"picked":"Pommel Strike","floor":19},{"not_picked":["Headbutt","Body Slam"],"picked":"Uppercut","floor":21},{"not_picked":["Warcry+1","Disarm+1","Clash+1"],"picked":"SKIP","floor":22},{"not_picked":["Armaments+1","Clash+1","Iron Wave+1"],"picked":"SKIP","floor":24}],"player_experience":745945,"relics_obtained":[{"floor":7,"key":"Toxic Egg 2"},{"floor":9,"key":"Self Forming Clay"},{"floor":13,"key":"MealTicket"}],"event_choices":[{"damage_healed":0,"gold_gain":75,"player_choice":"Gather Gold","damage_taken":11,"max_hp_gain":0,"max_hp_loss":0,"event_name":"World of Goop","floor":2,"gold_loss":0},{"damage_healed":25,"gold_gain":0,"player_choice":"Banana","damage_taken":0,"max_hp_gain":0,"max_hp_loss":0,"event_name":"Big Fish","floor":11,"gold_loss":0},{"damage_healed":0,"gold_gain":0,"cards_transformed":["Strike_R"],"player_choice":"Transformed","damage_taken":0,"max_hp_gain":0,"max_hp_loss":0,"event_name":"Transmorgrifier","floor":20,"gold_loss":0,"cards_obtained":["Cleave"]}],"is_beta":false,"boss_relics":[{"not_picked":["Calling Bell","Tiny House"],"picked":"Mark of Pain"}],"items_purged_floors":[],"is_endless":false,"potions_floor_spawned":[1,7,10,13,18,19],"killed_by":"Slavers","ascension_level":16}}