{"host":"wgdagq1uwyt8yuar","time":1610210234,"event":{"mods":["ATMod(阿瑾Mod)","Arknights The Spire","BaseMod","Beaked The Cultist","Decade(王小明)","Dota2Spire","GungeonMod","Lobotomy","LobotomyExtend","Minty Spire (QoL Compilation)","RumiaBox-露米娅的神秘盒子","SIMod","StSLib","TestMod","The Administrix","Waifu the Spire","【功能Mod】混沌之环修复补丁","【功能Mod】聪明的最终Boss","【遗物卡牌】REMEMod","残留之物","篝火指南"],"gold_per_floor":[109,119,119],"floor_reached":1,"playtime":296,"items_purged":[],"score":9,"play_id":"8ea9d30d-9896-4154-8155-f756740837e1","local_time":"20210110003714","is_ascension_mode":false,"campfire_choices":[],"circlet_count":0,"master_deck":["PlaceholderMod:BaseStrike","PlaceholderMod:BaseStrike","PlaceholderMod:BaseStrike","PlaceholderMod:BaseStrike","PlaceholderMod:BaseStrike","PlaceholderMod:BaseDefend","PlaceholderMod:BaseDefend","PlaceholderMod:BaseDefend","PlaceholderMod:BaseDefend","PlaceholderMod:BaseDefend","PlaceholderMod:Crystal","PlaceholderMod:PoisonWhip","AT_IchimonjiDouble","OldLady","PlaceholderMod:Hyperplasia","QueenOfHatred","PlaceholderMod:Internalization"],"relics":["PlaceholderMod:Tancle","AT_ATBox","testmod-TestBox","REME_ComplimentaryCards","testmod-Temperance","CogitoBucket","Gaze_r","MagicBullet_r","Baka2","LetterFromLob","AddBug","SecretRecord"],"acts_visited":["Exordium"],"potions_floor_usage":[],"damage_taken":[{"damage":6,"enemies":"Jaw Worm","floor":1,"turns":3},{"damage":26,"enemies":"Jaw Worm","floor":2,"turns":8},{"damage":2,"enemies":"Cultist","floor":1,"turns":3}],"seed_played":"8668817352963756850","potions_obtained":[{"floor":1,"key":"SpeedPotion"},{"floor":1,"key":"Fire Potion"}],"is_trial":false,"path_per_floor":["M","?","M"],"character_chosen":"THE_PLACEHOLDER","items_purchased":[],"campfire_rested":0,"item_purchase_floors":[],"current_hp_per_floor":[72,76,76],"gold":119,"neow_bonus":"","is_daily":false,"chose_seed":false,"campfire_upgraded":0,"win_rate":0.0,"timestamp":1610210234,"path_taken":["M","?","M"],"items_purchased_type":[],"build_version":"2020-12-22","purchased_purges":0,"victory":false,"max_hp_per_floor":[78,78,78],"card_choices":[{"not_picked":["BeautyBeast","OSAHOGD"],"picked":"OldLady","floor":1},{"not_picked":["PlaceholderMod:FastReaction","PlaceholderMod:TriggerStrike"],"picked":"PlaceholderMod:Hyperplasia","floor":1},{"not_picked":["BeautyBeast","MeatLantern"],"picked":"QueenOfHatred","floor":1},{"not_picked":["PlaceholderMod:HardStrike","PlaceholderMod:StressReaction"],"picked":"PlaceholderMod:Internalization","floor":1}],"player_experience":76273,"relics_obtained":[{"floor":1,"key":"LetterFromLob"},{"floor":1,"key":"Baka"},{"floor":1,"key":"Baka2"},{"floor":1,"key":"Baka"},{"floor":1,"key":"LetterFromLob"},{"floor":1,"key":"AddBug"}],"event_choices":[],"is_beta":false,"boss_relics":[],"items_purged_floors":[],"is_endless":false,"potions_floor_spawned":[1,1],"killed_by":"Cultist","ascension_level":0}}