{"host":"h4lp0eeso8a0ssq0","time":1610190597,"event":{"mods":["2.2 Compatiblity","AchievementEnabler","BaseMod","CapriCore","Colored Map","Minty Spire (QoL Compilation)","StSLib","SuperFastMode"],"gold_per_floor":[113,127,127,92,92,119,136,136,161,17,17,29,48,64,64,162,162,144,164,164,179,45,45,75,75,125,125,125,139,139,139,139],"floor_reached":31,"playtime":794,"items_purged":["Strike_G","Strike_G"],"score":344,"play_id":"7b32db36-f265-4a6b-8e34-12f26e5a7e7c","local_time":"20210109200957","is_ascension_mode":true,"campfire_choices":[{"data":"Footwork","floor":8.0,"key":"SMITH"},{"data":"Footwork","floor":15.0,"key":"SMITH"},{"data":"Burst","floor":23,"key":"SMITH"},{"floor":25,"key":"REST"},{"data":"Noxious Fumes","floor":27,"key":"SMITH"}],"circlet_count":0,"master_deck":["Strike_G","Strike_G+1","Defend_G","Defend_G+1","Defend_G","Defend_G","Defend_G","Survivor","Neutralize","Footwork+1","Backstab","Noxious Fumes+1","Escape Plan","Footwork+1","PiercingWail","Acrobatics","Deadly Poison","Burst+1","Poisoned Stab","Caltrops+1","Deadly Poison","Bouncing Flask"],"relics":["Ring of the Snake","Happy Flower","Mango","Omamori","Philosopher\u0027s Stone","Nunchaku","Orichalcum"],"acts_visited":["Exordium","TheCity"],"potions_floor_usage":[24,29,30],"damage_taken":[{"damage":8.0,"enemies":"Jaw Worm","floor":1.0,"turns":5.0},{"damage":2.0,"enemies":"Small Slimes","floor":2.0,"turns":4.0},{"damage":25.0,"enemies":"Lagavulin","floor":6.0,"turns":9.0},{"damage":0.0,"enemies":"Cultist","floor":7.0,"turns":4.0},{"damage":0.0,"enemies":"Red Slaver","floor":12.0,"turns":6.0},{"damage":0.0,"enemies":"2 Fungi Beasts","floor":13.0,"turns":3.0},{"damage":8.0,"enemies":"Blue Slaver","floor":14.0,"turns":5.0},{"damage":12.0,"enemies":"Hexaghost","floor":16.0,"turns":11.0},{"damage":1.0,"enemies":"2 Thieves","floor":18.0,"turns":4.0},{"damage":0.0,"enemies":"Shell Parasite","floor":19.0,"turns":6.0},{"damage":13.0,"enemies":"Centurion and Healer","floor":21.0,"turns":6.0},{"damage":37,"enemies":"Slavers","floor":24,"turns":6},{"damage":9,"enemies":"Snake Plant","floor":29,"turns":4},{"damage":0,"enemies":"Gremlin Leader","floor":30,"turns":2},{"damage":0,"enemies":"Sentry and Sphere","floor":31,"turns":1}],"seed_played":"4775622172305900989","potions_obtained":[{"floor":1.0,"key":"SpeedPotion"},{"floor":13.0,"key":"Regen Potion"},{"floor":16.0,"key":"SpeedPotion"},{"floor":24,"key":"PowerPotion"},{"floor":29,"key":"SmokeBomb"}],"is_trial":false,"path_per_floor":["M","M","?","?","?","E","M","R","T","$","?","M","M","M","R","B",null,"M","M","?","M","$","R","E","R","T","R","T","M","E","M"],"character_chosen":"THE_SILENT","items_purchased":["Footwork","Bouncing Flask"],"campfire_rested":1,"item_purchase_floors":[10,22],"current_hp_per_floor":[62,60,46,46,46,35,35,35,35,35,35,35,35,27,27,15,67,66,66,66,53,53,53,16,41,41,41,41,32,32,32,32],"gold":139,"neow_bonus":"REMOVE_CARD","is_daily":false,"chose_seed":false,"campfire_upgraded":4,"win_rate":0.0,"timestamp":1610190597,"path_taken":["M","M","?","?","?","E","?","R","T","?","?","M","M","M","R","BOSS","M","M","?","M","$","R","E","R","T","R","?","M","E","?"],"items_purchased_type":["Card","Card"],"build_version":"2020-12-22","purchased_purges":2,"victory":false,"max_hp_per_floor":[70,70,70,70,70,84,84,84,84,84,84,84,84,84,84,84,84,84,84,84,84,84,84,84,84,84,84,84,84,84,84,84],"card_choices":[{"not_picked":["Expertise","Catalyst"],"picked":"Footwork","floor":1.0},{"not_picked":["Sucker Punch","Deflect"],"picked":"Backstab","floor":2.0},{"not_picked":["Well Laid Plans","Envenom"],"picked":"Noxious Fumes","floor":6.0},{"not_picked":["Bane","Finisher"],"picked":"Escape Plan","floor":7.0},{"not_picked":["Slice","Prepared"],"picked":"PiercingWail","floor":12.0},{"not_picked":["Flying Knee","Distraction"],"picked":"Acrobatics","floor":13.0},{"not_picked":["Backstab","Poisoned Stab"],"picked":"Deadly Poison","floor":14.0},{"not_picked":["Night Terror","Venomology"],"picked":"Burst","floor":16.0},{"not_picked":["Sucker Punch","Distraction+1"],"picked":"Poisoned Stab","floor":18.0},{"not_picked":["Prepared","Cloak And Dagger"],"picked":"Caltrops+1","floor":19.0},{"not_picked":["Terror","Eviscerate"],"picked":"Deadly Poison","floor":21.0},{"not_picked":["Flechettes","Caltrops","Choke"],"picked":"SKIP","floor":24},{"not_picked":["PiercingWail","Sucker Punch","Prepared"],"picked":"SKIP","floor":29}],"player_experience":115668,"relics_obtained":[{"floor":6.0,"key":"Mango"},{"floor":9.0,"key":"Omamori"},{"floor":24,"key":"Nunchaku"},{"floor":26,"key":"Orichalcum"}],"event_choices":[{"damage_healed":0.0,"max_hp_gain":0.0,"max_hp_loss":0.0,"gold_gain":0.0,"event_name":"Shining Light","player_choice":"Entered Light","floor":3.0,"gold_loss":0.0,"damage_taken":14.0,"cards_upgraded":["Defend_G","Strike_G"]},{"damage_healed":0.0,"max_hp_gain":0.0,"max_hp_loss":0.0,"gold_gain":0.0,"event_name":"World of Goop","player_choice":"Left Gold","floor":4.0,"gold_loss":35.0,"damage_taken":0.0},{"damage_healed":0.0,"max_hp_gain":0.0,"max_hp_loss":0.0,"gold_gain":0.0,"event_name":"WeMeetAgain","player_choice":"Gave Potion","floor":5.0,"gold_loss":0.0,"damage_taken":0.0,"relics_obtained":["Happy Flower"]},{"damage_healed":0.0,"max_hp_gain":0.0,"max_hp_loss":0.0,"gold_gain":0.0,"event_name":"Liars Game","player_choice":"Ignored","floor":11.0,"gold_loss":0.0,"damage_taken":0.0},{"damage_healed":0.0,"max_hp_gain":0.0,"max_hp_loss":0.0,"gold_gain":0.0,"event_name":"The Mausoleum","player_choice":"Ignored","floor":20.0,"gold_loss":0.0,"damage_taken":0.0}],"is_beta":false,"boss_relics":[{"not_picked":["HoveringKite","Snecko Eye"],"picked":"Philosopher\u0027s Stone"}],"items_purged_floors":[10,22],"is_endless":false,"potions_floor_spawned":[1,13,16,24,29,30],"killed_by":"Sentry and Sphere","ascension_level":5}}