{"host":"ixqzyafodex1tsi5","time":1610169406,"event":{"mods":["ATMod(°¢èªMod)","AchievementEnabler","Act Like it!","BaseMod","Gensokyo","GifTheSpireLib","Lobotomy","LobotomyExtend","Luminous","Minty Spire (QoL Compilation)","Relic Stats","Replay The Spire","RumiaBox-Â¶Ã×æ«µÄÉñÃØºÐ×Ó","Shop Mod","Spicy Shops","StSLib","The Cursed","[IsaacMod]ÒÔÈö¼âËþ","¡¾¹¦ÄÜMod¡¿»ìãçÖ®»·ÐÞ¸´²¹¶¡","¡¾ÒÅÎï¿¨ÅÆ¡¿REMEMod"],"gold_per_floor":[109,149,149,161,175,175,207,207,207,207,234,234,245,245,245,349,349,361,3,22,22,33,63,80,108,108,24,38,54,54,84,84,84,84],"floor_reached":33,"playtime":1486,"items_purged":["Shame"],"score":661,"play_id":"95c18548-a3c5-4ba3-a822-4d4a36313fc9","local_time":"20210109131646","is_ascension_mode":true,"campfire_choices":[{"data":"REME_Scribble","floor":6.0,"key":"SMITH"},{"data":"Hemogenesis","floor":10.0,"key":"SMITH"},{"data":"AT_BodySlamDance","floor":15.0,"key":"SMITH"},{"data":"Entrench","floor":30.0,"key":"SMITH"},{"data":"Offering","floor":32.0,"key":"SMITH"}],"circlet_count":0,"master_deck":["Strike_R+1","Strike_R","Strike_R","Strike_R","Strike_R","Defend_R+1","Defend_R","Defend_R","Defend_R","Bash","AT_BodySlamDance+1","Hemogenesis+1","REME_Scribble+1","BigBird","Thunderclap","AT_ShrugMaster","RedShoes","QueenBee","Entrench+1","Offering+1","Shame","AT_CaressingTears","Sword Boomerang+1","Madness","Madness","Madness","Madness","Madness","Madness","Funeral","Demon Form+1"],"relics":["Burning Blood","REME_ComplimentaryCards","HushsDoor","AT_ATBox","BookOfRevelations","CogitoBucket","RabbitCall","LetterFromLob","Gambling Chip","MagicDraw3","Centennial Puzzle","Potion Belt","AT_ForceNature","SkinProphecy","Black Star","Incubus","BelialBook","Habit","Bag of Preparation","Bronze Scales","ReplayTheSpireMod:Shallot","LuminousBracelet","Magic Flower","Mango","Divine Protection","Replay:Wax Seal","REME_CardOfGreed","Gremlin Horn","Frozen Egg 2","ReplayTheSpireMod:TigerMarble","Simple Rune"],"acts_visited":["Exordium","TheCity"],"potions_floor_usage":[],"damage_taken":[{"damage":0.0,"enemies":"Cultist","floor":1.0,"turns":2.0},{"damage":2.0,"enemies":"Small Slimes","floor":4.0,"turns":4.0},{"damage":10.0,"enemies":"2 Louse","floor":5.0,"turns":3.0},{"damage":21.0,"enemies":"Gremlin Nob","floor":7.0,"turns":5.0},{"damage":19.0,"enemies":"Lagavulin","floor":11.0,"turns":4.0},{"damage":10.0,"enemies":"2 Fungi Beasts","floor":13.0,"turns":5.0},{"damage":21.0,"enemies":"The Guardian","floor":16.0,"turns":6.0},{"damage":16.0,"enemies":"Shell Parasite","floor":18.0,"turns":2.0},{"damage":6.0,"enemies":"Chosen","floor":20.0,"turns":2.0},{"damage":12.0,"enemies":"Centurion and Healer","floor":22.0,"turns":2.0},{"damage":13.0,"enemies":"Book of Stabbing","floor":23.0,"turns":3.0},{"damage":0.0,"enemies":"Snecko","floor":24.0,"turns":4.0},{"damage":0.0,"enemies":"Gremlin Leader","floor":25.0,"turns":3.0},{"damage":2.0,"enemies":"3 Cultists","floor":28.0,"turns":3.0},{"damage":7.0,"enemies":"Shelled Parasite and Fungi","floor":29.0,"turns":4.0},{"damage":0.0,"enemies":"Book of Stabbing","floor":31.0,"turns":1.0},{"damage":0,"enemies":"Collector","floor":33,"turns":1}],"seed_played":"7312862000818828338","potions_obtained":[{"floor":1.0,"key":"LifebloodPotion"},{"floor":4.0,"key":"PowerPotion"},{"floor":7.0,"key":"Elixir"},{"floor":22.0,"key":"Elixir"},{"floor":24.0,"key":"BloodPotion"},{"floor":25.0,"key":"SteroidPotion"},{"floor":28.0,"key":"Elixir"}],"is_trial":false,"path_per_floor":["M","?","?","M","M","R","E","M","T","R","E","?","M","?","R","B",null,"M","$","M","?","M","E","M","E","T","$","M","M","R","E","R","B"],"character_chosen":"IRONCLAD","items_purchased":["Incubus","BelialBook","Habit","Bag of Preparation","Replay:Wax Seal","REME_CardOfGreed","Gremlin Horn","Frozen Egg 2"],"campfire_rested":0,"item_purchase_floors":[17,19,19,19,27,27,27,27],"current_hp_per_floor":[78,58,43,56,54,54,49,49,49,49,47,47,54,54,54,46,70,59,59,66,66,59,79,95,133,133,133,147,152,152,154,154,150,150],"gold":84,"neow_bonus":"","is_daily":false,"chose_seed":false,"campfire_upgraded":5,"win_rate":0.0,"timestamp":1610169406,"path_taken":["M","?","?","?","M","R","E","M","T","R","E","?","M","?","R","BOSS","M","$","?","?","M","E","M","E","T","?","M","?","R","E","R","BOSS"],"items_purchased_type":["Relic","Relic","Relic","Relic","Relic","Relic","Relic","Relic"],"build_version":"2020-12-22","purchased_purges":1,"victory":false,"max_hp_per_floor":[80,80,80,82,84,84,87,87,87,87,90,90,93,93,93,98,78,83,83,88,88,93,98,120,139,139,139,147,152,152,154,154,156,156],"relic_stats":{"Centennial Puzzle":[33],"Gremlin Horn":[3,3],"counters":[19,56],"Gambling Chip":[40],"Bronze Scales":[60],"Magic Flower":[8],"Black Star":3,"Bag of Preparation":[18],"obtain_stats":[{"RabbitCall":0,"Divine Protection":26,"AT_ATBox":0,"Gremlin Horn":27,"LuminousBracelet":24,"Magic Flower":25,"Mango":25,"Bag of Preparation":19,"SkinProphecy":13,"MagicDraw3":7,"Burning Blood":0,"CogitoBucket":0,"Centennial Puzzle":9,"Gambling Chip":2,"Replay:Wax Seal":27,"KeepersGift":0,"Potion Belt":11,"AT_ForceNature":12,"BookOfRevelations":0,"BelialBook":19,"Incubus":17,"Frozen Egg 2":27,"Habit":19,"ReplayTheSpireMod:Shallot":23,"Bronze Scales":21,"Simple Rune":31,"LetterFromLob":1,"Black Star":17,"ReplayTheSpireMod:TigerMarble":31,"REME_CardOfGreed":27,"HushsDoor":0,"REME_ComplimentaryCards":0},{"RabbitCall":0,"Divine Protection":15,"AT_ATBox":0,"Gremlin Horn":15,"LuminousBracelet":14,"Magic Flower":15,"Mango":15,"Bag of Preparation":9,"SkinProphecy":7,"MagicDraw3":4,"Burning Blood":0,"CogitoBucket":0,"Centennial Puzzle":4,"Gambling Chip":1,"Replay:Wax Seal":15,"KeepersGift":0,"Potion Belt":5,"AT_ForceNature":5,"BookOfRevelations":0,"BelialBook":9,"Incubus":8,"Frozen Egg 2":15,"Habit":9,"ReplayTheSpireMod:Shallot":12,"Bronze Scales":10,"Simple Rune":18,"LetterFromLob":1,"Black Star":8,"ReplayTheSpireMod:TigerMarble":18,"REME_CardOfGreed":15,"HushsDoor":0,"REME_ComplimentaryCards":0},{"RabbitCall":0,"Divine Protection":47,"AT_ATBox":0,"Gremlin Horn":47,"LuminousBracelet":44,"Magic Flower":47,"Mango":47,"Bag of Preparation":32,"SkinProphecy":24,"MagicDraw3":14,"Burning Blood":0,"CogitoBucket":0,"Centennial Puzzle":14,"Gambling Chip":2,"Replay:Wax Seal":47,"KeepersGift":0,"Potion Belt":18,"AT_ForceNature":18,"BookOfRevelations":0,"BelialBook":32,"Incubus":30,"Frozen Egg 2":47,"Habit":32,"ReplayTheSpireMod:Shallot":39,"Bronze Scales":34,"Simple Rune":55,"LetterFromLob":2,"Black Star":30,"ReplayTheSpireMod:TigerMarble":55,"REME_CardOfGreed":47,"HushsDoor":0,"REME_ComplimentaryCards":0}],"Burning Blood":87},"card_choices":[{"not_picked":[],"picked":"ChaosCard","floor":0.0},{"not_picked":["OSAHOGD","GreedKing","Scorched"],"picked":"Singing Bowl","floor":1.0},{"not_picked":["Warcry","Wild Strike","Anger"],"picked":"SKIP","floor":1.0},{"not_picked":["Reckless Charge","Cleave"],"picked":"REME_Scribble","floor":2.0},{"not_picked":["Woodsman","NothingThere","Bloodbath"],"picked":"Singing Bowl","floor":4.0},{"not_picked":["CrumblingArmor","Murderer"],"picked":"BigBird","floor":4.0},{"not_picked":["Clothesline","Havoc"],"picked":"Thunderclap","floor":4.0},{"not_picked":["MHz","Scorched","SpiderBud"],"picked":"Singing Bowl","floor":5.0},{"not_picked":["Blood for Blood","Hemogenesis"],"picked":"AT_ShrugMaster","floor":5.0},{"not_picked":["DespairKnight","FieryBird","WallGazer"],"picked":"Singing Bowl","floor":7.0},{"not_picked":["Pommel Strike","ReplayTheSpireMod:Strike From Hell"],"picked":"Bomb","floor":7.0},{"not_picked":["Variant","UniverseFragment"],"picked":"RedShoes","floor":11.0},{"not_picked":["Havoc","REME_FearOfPain","Reckless Charge"],"picked":"SKIP","floor":11.0},{"not_picked":["CherryBlossoms","Scorched","Murderer"],"picked":"Singing Bowl","floor":13.0},{"not_picked":["NakedNest","HappyTeddy"],"picked":"QueenBee","floor":13.0},{"not_picked":["ReplayReversal","Iron Wave"],"picked":"Entrench","floor":13.0},{"not_picked":["BeautyBeast","WallGazer","LittleHelper"],"picked":"Singing Bowl","floor":16.0},{"not_picked":["Limit Break","Bludgeon"],"picked":"Offering","floor":16.0},{"not_picked":["Yin","Bloodbath","MeatLantern"],"picked":"Singing Bowl","floor":18.0},{"not_picked":["Perfected Strike","Body Slam+1","Dark Embrace"],"picked":"SKIP","floor":18.0},{"not_picked":["Scorched","BigBadWolf","DespairKnight"],"picked":"Singing Bowl","floor":20.0},{"not_picked":["Shrug It Off","Feel No Pain","Wild Strike"],"picked":"SKIP","floor":20.0},{"not_picked":["Rudolta","OldLady","Alriune"],"picked":"Singing Bowl","floor":22.0},{"not_picked":["Run Through","Pummel+1"],"picked":"AT_CaressingTears","floor":22.0},{"not_picked":["HeroicMonk","LaLuna","Rudolta"],"picked":"Singing Bowl","floor":23.0},{"not_picked":["Iron Wave","Run Through","Cleave"],"picked":"SKIP","floor":23.0},{"not_picked":["HeroicMonk","DreamingCurrent","OSAHOGD"],"picked":"Singing Bowl","floor":24.0},{"not_picked":["Havoc","Perfected Strike","Thunderclap"],"picked":"SKIP","floor":24.0},{"not_picked":["Havoc","Perfected Strike","Thunderclap"],"picked":"SKIP","floor":24.0},{"not_picked":["Wellcheers","ShyLook","Alriune"],"picked":"Singing Bowl","floor":25.0},{"not_picked":["Immolate","Body Slam+1"],"picked":"Sword Boomerang+1","floor":25.0},{"not_picked":["Alriune","Scarecrow","GreedKing"],"picked":"Singing Bowl","floor":28.0},{"not_picked":["AT_GerminateFire","Flex+1","Perfected Strike"],"picked":"SKIP","floor":28.0},{"not_picked":["CrumblingArmor","HeroicMonk","DespairKnight"],"picked":"Singing Bowl","floor":29.0},{"not_picked":["Twin Strike+1","Whirlwind","Havoc"],"picked":"SKIP","floor":29.0},{"not_picked":["MeatLantern","Murderer","Yin"],"picked":"Singing Bowl","floor":31.0},{"not_picked":["GalaxyChild","BlackArmy"],"picked":"Funeral","floor":31.0},{"not_picked":["Run Through+1","ReplayTheSpireMod:LeadingStrike"],"picked":"Demon Form+1","floor":31.0}],"player_experience":252449,"relics_obtained":[{"floor":1.0,"key":"LetterFromLob"},{"floor":2.0,"key":"Gambling Chip"},{"floor":7.0,"key":"MagicDraw3"},{"floor":9.0,"key":"Centennial Puzzle"},{"floor":11.0,"key":"Potion Belt"},{"floor":23.0,"key":"ReplayTheSpireMod:Shallot"},{"floor":25.0,"key":"Magic Flower"},{"floor":25.0,"key":"Mango"},{"floor":26.0,"key":"Divine Protection"},{"floor":31.0,"key":"ReplayTheSpireMod:TigerMarble"},{"floor":31.0,"key":"Simple Rune"}],"event_choices":[{"damage_healed":0.0,"max_hp_gain":0.0,"max_hp_loss":0.0,"gold_gain":0.0,"event_name":"Big Fish","player_choice":"Box","floor":12.0,"gold_loss":0.0,"damage_taken":0.0,"relics_obtained":["AT_ForceNature"],"cards_obtained":["Regret"]},{"cards_removed":["Regret"],"damage_healed":0.0,"max_hp_gain":0.0,"max_hp_loss":0.0,"gold_gain":0.0,"event_name":"Wheel of Change","player_choice":"Card Removal","floor":14.0,"gold_loss":0.0,"damage_taken":0.0},{"damage_healed":0.0,"max_hp_gain":0.0,"max_hp_loss":0.0,"gold_gain":0.0,"event_name":"Addict","player_choice":"Stole Relic","floor":21.0,"gold_loss":0.0,"damage_taken":0.0,"relics_obtained":["Bronze Scales"],"cards_obtained":["Shame"]}],"is_beta":false,"boss_relics":[{"not_picked":["Busted Crown","Empty Cage"],"picked":"Black Star"},{"not_picked":[]}],"items_purged_floors":[27],"is_endless":false,"potions_floor_spawned":[1,4,7,22,24,25,28],"killed_by":"Collector","ascension_level":8}}