{"host":"wonp23fsqqcu31ie","time":1610169540,"event":{"mods":["2.2 Compatiblity","AchievementEnabler","Aspiration","BaseMod","Bestiary","Better Altar","Better Match","Better Sensory Stone","Better Skull","Better Third Choice","BetterRewards","Block Reminder","Colored Map","Colored Powertips","Conspire","Curses Come First","DeckTracker","Displayed Cursed Tome","Downfall","Evolution","Hermit","Highlight Path","Hubris","Marisa????????","Minty Spire (QoL Compilation)","Permanent Neow","Prisma Mod","Quick Restart","Rare Cards Sparkle","Relic Stats","Replay The Spire","Robot Space Explorer","Shade Mod","Shop Mod","StSLib","SuperFastMode","The Animator","The Bug Knight","The Construct","The Cursed","The Dragon Tamer","The Gatherer","The Marked","The Necromancer","The Runesmith","The Servant 0.9.4"],"gold_per_floor":[287,317,1,114,130,157,157,181,181,2,28,44,95,123,123,231,256,267,292,36,50,50,50,50,50,74,131,131,178,178,204,204,310,335,350,350,360,370,51,51,122,208,260,273,299,320,338,338,338,348],"floor_reached":51,"playtime":1623,"items_purged":[],"score":803,"play_id":"8c8b5a61-8a44-44fe-ba27-f4f228bcc1b6","local_time":"20210109161900","is_ascension_mode":false,"campfire_choices":[{"floor":7,"key":"REST"},{"floor":15,"key":"REST"},{"floor":23,"key":"RECALL"},{"data":"animator:Cirno","floor":25,"key":"SMITH"},{"floor":32,"key":"REST"},{"data":"animator:Berserker","floor":40,"key":"SMITH"},{"data":"animator:Benimaru","floor":49,"key":"SMITH"}],"circlet_count":0,"master_deck":["animator:Strike_Kancolle","animator:Defend_Kancolle","animator:Strike","animator:Strike","animator:Strike","animator:Defend","animator:Defend","animator:Defend","animator:Shimakaze+1","animator:Cirno+1","animator:Hakurou","animator:Nanami+1","animator:UneriGinkaku","animator:Alexander","animator:Rider","animator:IchigoKurosaki+1","animator:GazelDwargon+1","animator:Mitsuba+1","animator:Demiurge","animator:Souei","animator:Shizu+1","animator:Shigure","animator:Gilgamesh+17","animator:Berserker+1","Gouge+1","Gouge+1","Defy+1","animator:KrulTepes","animator:Millim","animator:Shuna","animator:Guren+1","animator:Emonzaemon+1","animator:Shuna","animator:Shigure+1","animator:Vanir+1","FlawlessForm+1","animator:Yoichi+1","animator:Benimaru+1","animator:Cocytus","animator:Nanami+1"],"relics":["animator:VividPicture","animator:TheMissingPiece","EVO:Axolotl","Replay:Rubber Ducky","Omamori","Golden Egg","ReplayFunnel","Mummified Hand","hubris:SlimyHat","aspiration:ServantSkillbook","hubris:Icosahedron","Chemical X","Potion Belt","Lee\u0027s Waffle","Lantern","CatCart","aspiration:HiddenCompartment","Vajra"],"acts_visited":["Exordium","TheCity","TheBeyond"],"potions_floor_usage":[8,16,16,27,33,33,37,41,41,50,50,50,50],"damage_taken":[{"damage":0,"enemies":"Cultist","floor":1,"turns":5},{"damage":1,"enemies":"Jaw Worm","floor":2,"turns":7},{"damage":0,"enemies":"Small Slimes","floor":5,"turns":3},{"damage":3,"enemies":"Looter","floor":6,"turns":3},{"damage":5,"enemies":"conspire:2 RoseBushes","floor":8,"turns":5},{"damage":3,"enemies":"Blue Slaver","floor":11,"turns":4},{"damage":0,"enemies":"Exordium Thugs","floor":12,"turns":5},{"damage":18,"enemies":"Replay:BlueRogue","floor":13,"turns":6},{"damage":1,"enemies":"2 Fungi Beasts","floor":14,"turns":3},{"damage":3,"enemies":"Slime Boss","floor":16,"turns":9},{"damage":4,"enemies":"Spheric Guardian","floor":18,"turns":4},{"damage":0,"enemies":"Chosen","floor":21,"turns":3},{"damage":1,"enemies":"Gremlin Leader","floor":27,"turns":4},{"damage":31,"enemies":"Centurion and Healer","floor":29,"turns":4},{"damage":0,"enemies":"Snake Plant","floor":31,"turns":2},{"damage":16,"enemies":"conspire:MysteriousRune","floor":33,"turns":5},{"damage":10,"enemies":"Orb Walker","floor":35,"turns":4},{"damage":49,"enemies":"3 Darklings","floor":37,"turns":5},{"damage":1,"enemies":"Writhing Mass","floor":38,"turns":5},{"damage":21,"enemies":"Orin","floor":41,"turns":9},{"damage":0,"enemies":"Giant Head","floor":42,"turns":8},{"damage":0,"enemies":"Sphere and 2 Shapes","floor":44,"turns":3},{"damage":0,"enemies":"Maw","floor":45,"turns":6},{"damage":0,"enemies":"Spire Growth","floor":46,"turns":4},{"damage":14,"enemies":"Sphere and 2 Shapes","floor":47,"turns":3},{"damage":22,"enemies":"Donu and Deca","floor":50,"turns":8}],"seed_played":"8910431443835382647","potions_obtained":[{"floor":2,"key":"champ:CounterPotion"},{"floor":8,"key":"Energy Potion"},{"floor":14,"key":"Weak Potion"},{"floor":16,"key":"PowerPotion"},{"floor":18,"key":"Block Potion"},{"floor":31,"key":"Strength Potion"},{"floor":33,"key":"Flashbang"},{"floor":35,"key":"Cursed Concoction"},{"floor":41,"key":"FearPotion"},{"floor":45,"key":"Fire Potion"},{"floor":47,"key":"BlessingOfTheForge"}],"is_trial":false,"path_per_floor":["M","M","$","?","M","M","R","M","T","$","M","M","E","M","R","B",null,"M","?","$","M","$","R","?","R","T","E","?","M","?","M","R","B",null,"M","?","M","M","$","R","?","E","T","M","M","M","M","?","R","B",null],"character_chosen":"THE_ANIMATOR","items_purchased":["Replay:Rubber Ducky","animator:Cirno","Golden Egg","animator:Nanami","animator:IchigoKurosaki","animator:GazelDwargon","animator:Mitsuba","Chemical X","Gouge","Defy","Lee\u0027s Waffle","Lantern","animator:Vanir"],"campfire_rested":3,"item_purchase_floors":[0,0,3,3,10,10,10,20,20,20,39,39,39],"current_hp_per_floor":[58,57,57,26,26,23,42,37,37,37,34,35,17,16,36,33,67,63,63,63,64,64,64,64,64,64,64,64,33,33,33,53,38,70,60,70,21,20,77,77,56,56,56,58,59,59,45,45,45,23],"gold":348,"neow_bonus":"","is_daily":false,"chose_seed":false,"campfire_upgraded":3,"win_rate":0.0,"timestamp":1610169540,"path_taken":["M","?","$","?","?","M","R","M","T","?","M","?","E","M","R","BOSS","M","?","$","M","$","R","?","R","T","E","?","M","?","?","R","BOSS","M","?","M","M","?","R","?","E","T","?","M","M","?","?","R","BOSS"],"items_purchased_type":["Relic","Card","Relic","Card","Card","Card","Card","Relic","Card","Card","Relic","Relic","Card"],"build_version":"2020-12-22","purchased_purges":0,"victory":true,"max_hp_per_floor":[66,66,66,66,66,66,66,66,66,66,66,67,67,67,67,67,67,67,67,67,68,68,68,68,68,68,69,69,69,69,69,69,70,70,70,70,70,70,77,77,77,77,77,79,80,80,80,80,80,80],"relic_stats":{"Lee\u0027s Waffle":57,"counters":[41,200],"Mummified Hand":[33],"Chemical X":[46],"obtain_stats":[{"ReplayFunnel":4,"Potion Belt":27,"MerchantsRug":20,"Golden Egg":3,"Lee\u0027s Waffle":39,"Lantern":39,"animator:TheMissingPiece":0,"Vajra":43,"PreservedInsect":21,"Omamori":0,"hubris:SlimyHat":13,"aspiration:HiddenCompartment":42,"Replay:Rubber Ducky":7,"Replay:Ringing Soul":9,"hubris:Icosahedron":19,"Mummified Hand":9,"Bloody Idol":29,"aspiration:ServantSkillbook":17,"animator:LivingPicture":0,"Mark of Pain":17,"Bag of Marbles":10,"Chemical X":20,"animator:VividPicture":34,"CatCart":41},{"ReplayFunnel":17,"Potion Belt":28,"MerchantsRug":11,"Golden Egg":17,"Lee\u0027s Waffle":34,"Lantern":34,"animator:TheMissingPiece":0,"Vajra":36,"PreservedInsect":11,"Omamori":15,"hubris:SlimyHat":23,"aspiration:HiddenCompartment":36,"Replay:Rubber Ducky":4,"Replay:Ringing Soul":4,"hubris:Icosahedron":26,"Mummified Hand":20,"Bloody Idol":13,"aspiration:ServantSkillbook":25,"animator:LivingPicture":0,"Mark of Pain":9,"Bag of Marbles":5,"Chemical X":26,"animator:VividPicture":31,"CatCart":35},{"ReplayFunnel":85,"Potion Belt":134,"MerchantsRug":53,"Golden Egg":85,"Lee\u0027s Waffle":159,"Lantern":159,"animator:TheMissingPiece":0,"Vajra":176,"PreservedInsect":53,"Omamori":73,"hubris:SlimyHat":111,"aspiration:HiddenCompartment":176,"Replay:Rubber Ducky":20,"Replay:Ringing Soul":20,"hubris:Icosahedron":127,"Mummified Hand":96,"Bloody Idol":61,"aspiration:ServantSkillbook":123,"animator:LivingPicture":0,"Mark of Pain":45,"Bag of Marbles":25,"Chemical X":127,"animator:VividPicture":145,"CatCart":168}]},"card_choices":[{"not_picked":["animator:Caster","animator:PandorasActor"],"picked":"animator:Hakurou","floor":1},{"not_picked":["animator:SakuraMatou","animator:MetalKnight","animator:Tatsumaki"],"picked":"SKIP","floor":2},{"not_picked":["animator:Kazuma","animator:Biyorigo"],"picked":"animator:UneriGinkaku","floor":5},{"not_picked":["animator:Illya","animator:Archer"],"picked":"animator:Alexander","floor":6},{"not_picked":["animator:ZankiKiguchi","animator:Berserker"],"picked":"animator:Rider","floor":8},{"not_picked":["animator:SilverFang","animator:RinTohsaka"],"picked":"animator:Demiurge","floor":11},{"not_picked":["animator:Demiurge","animator:Illya"],"picked":"animator:Souei","floor":12},{"not_picked":["animator:Shion","animator:Vesta"],"picked":"animator:Shizu","floor":13},{"not_picked":["animator:Demiurge","animator:Kazuma"],"picked":"animator:Shigure","floor":14},{"not_picked":["animator:Biyorigo","animator:FeridBathory"],"picked":"animator:Gilgamesh","floor":16},{"not_picked":["FastForward","Replace","animator:ZankiKiguchi"],"picked":"animator:Berserker","floor":18},{"not_picked":["animator:Nanami+1","animator:Millim","FastForward"],"picked":"animator:KrulTepes","floor":21},{"not_picked":["animator:Hakurou","animator:GazelDwargon","animator:Kaijin"],"picked":"animator:Millim","floor":27},{"not_picked":["animator:ZankiKiguchi+1","Defy","animator:Demiurge+1"],"picked":"animator:Shuna","floor":29},{"not_picked":["Advance+1","Ricochet","animator:Millim"],"picked":"animator:HiiragiShinya","floor":31},{"not_picked":["animator:Gilgamesh","SilverMatrix","animator:Hans"],"picked":"animator:Guren","floor":33},{"not_picked":["animator:Lancer","Barrier+1","FastForward"],"picked":"animator:Emonzaemon+1","floor":35},{"not_picked":["animator:Souei","animator:Hakurou","animator:GazelDwargon"],"picked":"animator:Shuna","floor":37},{"not_picked":["animator:Alexander","DoubleEdge","ReturningBlade+1"],"picked":"animator:Shigure+1","floor":38},{"not_picked":["animator:Kazuma","animator:SakuraMatou","GearUp+1"],"picked":"FlawlessForm","floor":41},{"not_picked":["animator:Azekura","FastForward+1","BestPractice+1"],"picked":"animator:Yoichi+1","floor":42},{"not_picked":["animator:Shion","animator:Hakurou","animator:Kaijin"],"picked":"animator:Benimaru","floor":44},{"not_picked":["PendulumOfEternity","animator:Berserker+1","animator:Archer+1"],"picked":"animator:Cocytus","floor":45},{"not_picked":["animator:Caster","Alleviate","Replace+1","animator:Yoichi"],"picked":"SKIP","floor":46},{"not_picked":["FastForward","Defy","animator:ShinjiMatou"],"picked":"animator:Nanami+1","floor":47}],"player_experience":490674,"relics_obtained":[{"floor":9,"key":"Mummified Hand"},{"floor":13,"key":"hubris:SlimyHat"},{"floor":27,"key":"Potion Belt"},{"floor":41,"key":"CatCart"},{"floor":42,"key":"aspiration:HiddenCompartment"},{"floor":43,"key":"Vajra"}],"event_choices":[{"damage_healed":0,"gold_gain":113,"player_choice":"RE UP GO ","damage_taken":36,"relics_obtained":["ReplayFunnel"],"max_hp_gain":0,"max_hp_loss":0,"event_name":"betterSkull:BetterSkull","floor":4,"gold_loss":0,"cards_upgraded":["animator:Shimakaze"]},{"damage_healed":0,"gold_gain":0,"player_choice":"Leave","damage_taken":0,"max_hp_gain":0,"max_hp_loss":0,"event_name":"conspire:Investor","floor":24,"gold_loss":0},{"damage_healed":0,"gold_gain":0,"player_choice":" Defy","damage_taken":0,"max_hp_gain":0,"max_hp_loss":0,"event_name":"betterAltar:BetterAltar","floor":30,"gold_loss":0,"cards_obtained":["Decay"]},{"cards_removed":["animator:HiiragiShinya"],"damage_healed":10,"gold_gain":0,"player_choice":"Offered Uncommon","damage_taken":0,"max_hp_gain":0,"max_hp_loss":0,"event_name":"Bonfire Elementals","floor":36,"gold_loss":0},{"damage_healed":0,"gold_gain":0,"player_choice":"Fight","damage_taken":0,"max_hp_gain":0,"max_hp_loss":0,"event_name":"OrinTheCat","floor":41,"gold_loss":0},{"damage_healed":0,"gold_gain":0,"player_choice":"Copied","damage_taken":0,"max_hp_gain":0,"max_hp_loss":0,"event_name":"Duplicator","floor":48,"gold_loss":0,"cards_obtained":["animator:Gilgamesh"]}],"is_beta":false,"boss_relics":[{"not_picked":["Pandora\u0027s Box","hubris:RunicObelisk"],"picked":"aspiration:ServantSkillbook"},{"not_picked":["hubris:VirtuousBlindfold","ChewingGum"],"picked":"animator:VividPicture"}],"items_purged_floors":[],"is_endless":false,"potions_floor_spawned":[2,8,14,16,18,31,33,35,41,45,47],"ascension_level":0}}