{"host":"9op7xyky91xc1g6p","time":1610240478,"event":{"mods":["Act Like it!","Astrologer","Bartender","BaseMod","Beaked The Cultist","Better Altar","Better Note","Better Sensory Stone","Better Skull","Better Third Choice","Better Vampires","BshForSts","CapriCore","Energized Spire","Gensokyo","Hallownest","Hermit","Infinite Spire","Koishi","Magitek Elite","Marisa????????","Minty Spire (QoL Compilation)","Random Character Button","Remilia??????","Retaliation","Robot Space Explorer","Shade Mod","SpireExporter+","StSLib","The Animator","The Disciple","The Elementalist","The Hierophant","The Immortal","The Marked","The Mystic","The Poker Player","The Runesmith","The Spell Scribe","TheArtist","TheBandit","Trackpad","Yuyuko","??????REMEMod"],"gold_per_floor":[114,124,135,35,35,146,180,195,244,271,283,327,339,366,378,390,390],"floor_reached":16,"playtime":1908,"items_purged":[],"score":112,"play_id":"505dab41-73f6-4e20-a009-6be5cea921d2","local_time":"20210109170118","is_ascension_mode":false,"campfire_choices":[{"floor":11,"key":"REST"},{"floor":13,"key":"REST"},{"floor":15,"key":"REST"}],"circlet_count":0,"master_deck":["theScribe:StarterAttack","theScribe:StarterAttack","theScribe:LightningStrike","theScribe:LightningStrike","theScribe:StarterDefend","theScribe:StarterDefend","theScribe:StarterDefend","theScribe:IcyDefend","theScribe:IcyDefend","theScribe:StarterModifier","Madness","theScribe:Overcharge","theScribe:BlankScroll","theScribe:ScrollOfChaining","theScribe:IcicleBlast","theScribe:RecklessResponse","theScribe:FrostvenomToxin","theScribe:MirrorImage"],"relics":["theScribe:StarterRelic1","REME_ComplimentaryCards","Ornamental Fan","Happy Flower","Potion Belt","infinitespire:Eraser","MawBank","Lantern"],"acts_visited":["Gensokyo:Gensokyo"],"potions_floor_usage":[7,12,14],"damage_taken":[{"damage":0,"enemies":"Gensokyo:3_Fairies","floor":1,"turns":4},{"damage":7,"enemies":"Gensokyo:2_Kodama","floor":2,"turns":6},{"damage":12,"enemies":"Gensokyo:Gryphon","floor":3,"turns":4},{"damage":10,"enemies":"Gensokyo:Aya","floor":7,"turns":6},{"damage":3,"enemies":"Gensokyo:2_Rabbits","floor":8,"turns":5},{"damage":10,"enemies":"Gensokyo:VengefulSpirit","floor":10,"turns":8},{"damage":23,"enemies":"Gensokyo:Mamizou","floor":12,"turns":7},{"damage":9,"enemies":"Gensokyo:Gryphon_and_Rabbit","floor":14,"turns":5},{"damage":56,"enemies":"Gensokyo:Kokoro","floor":16,"turns":11}],"seed_played":"8710578283207249534","potions_obtained":[{"floor":1,"key":"infinitespire:BlackPotion"},{"floor":10,"key":"Ancient Potion"},{"floor":14,"key":"REME_GoldPotion"}],"is_trial":false,"path_per_floor":["M","M","M","?","?","?","E","M","T","M","R","E","R","M","R","B"],"character_chosen":"THE_SCRIBE","items_purchased":[],"campfire_rested":3,"item_purchase_floors":[],"current_hp_per_floor":[82,75,63,63,63,38,28,25,25,15,39,16,40,31,55,0,0],"gold":390,"neow_bonus":"TEN_PERCENT_HP_BONUS","is_daily":false,"chose_seed":false,"campfire_upgraded":0,"win_rate":0.0,"timestamp":1610240478,"path_taken":["M","M","?","?","?","?","E","?","T","M","R","E","R","M","R","BOSS"],"items_purchased_type":[],"build_version":"2020-12-22","purchased_purges":0,"victory":false,"max_hp_per_floor":[82,82,82,82,82,82,82,82,82,82,82,82,82,82,82,82,82],"card_choices":[{"not_picked":["theScribe:ThrownScroll","theScribe:ArcaneBarrier"],"picked":"theScribe:EnchantedStrike","floor":1},{"not_picked":["theScribe:Meditate","theScribe:AmplifyingSpellstone"],"picked":"theScribe:Overcharge","floor":2},{"not_picked":["theScribe:FrostvenomToxin","theScribe:ScrollOfPoison"],"picked":"theScribe:BlankScroll","floor":3},{"not_picked":["theScribe:LightningBolt","theScribe:Incendio"],"picked":"theScribe:ScrollOfChaining","floor":7},{"not_picked":["theScribe:ToxicSpellstone","theScribe:ArcaneBarrier"],"picked":"theScribe:IcicleBlast","floor":8},{"not_picked":["theScribe:InvigoratingStrike","theScribe:FlowLikeWater"],"picked":"theScribe:RecklessResponse","floor":10},{"not_picked":["theScribe:RecklessResponse","theScribe:QuickStudy"],"picked":"theScribe:FrostvenomToxin","floor":12},{"not_picked":["theScribe:FrostvenomToxin","theScribe:EnchantedStrike"],"picked":"theScribe:MirrorImage","floor":14}],"player_experience":364484,"relics_obtained":[{"floor":7,"key":"infinitespire:Eraser"},{"floor":9,"key":"MawBank"},{"floor":12,"key":"Lantern"}],"event_choices":[{"damage_healed":0,"gold_gain":111,"player_choice":"RE GO ","damage_taken":28,"relics_obtained":["Potion Belt"],"max_hp_gain":0,"max_hp_loss":0,"event_name":"betterSkull:BetterSkull","floor":6,"gold_loss":0,"cards_upgraded":[]}],"is_beta":false,"boss_relics":[],"items_purged_floors":[],"is_endless":false,"potions_floor_spawned":[1,10,14],"killed_by":"Gensokyo:Kokoro","ascension_level":0}}