{"host":"a4s27ghlnr83kbqz","time":1610157561,"event":{"mods":["AchievementEnabler","BaseMod","Colored Map","Minty Spire (QoL Compilation)","Permanent Neow","SuperFastMode"],"gold_per_floor":[20,38,55,74,94,94,114,114,114],"floor_reached":8,"playtime":171,"items_purged":[],"score":104,"play_id":"a4134dfd-428e-4677-9923-aa6eb3aa4d1b","local_time":"20210109095921","is_ascension_mode":true,"campfire_choices":[{"data":"Body Slam","floor":6,"key":"SMITH"}],"circlet_count":0,"master_deck":["AscendersBane","Strike_R","Strike_R","Strike_R","Strike_R","Strike_R","Defend_R","Defend_R","Defend_R","Defend_R","Bash","Wild Strike","Disarm","Body Slam+1"],"relics":["Burning Blood","Calipers"],"acts_visited":["Exordium"],"potions_floor_usage":[8,8],"damage_taken":[{"damage":9,"enemies":"Jaw Worm","floor":1,"turns":4},{"damage":1,"enemies":"Cultist","floor":2,"turns":3},{"damage":12,"enemies":"2 Louse","floor":3,"turns":3},{"damage":42,"enemies":"Large Slime","floor":4,"turns":8},{"damage":18,"enemies":"Blue Slaver","floor":5,"turns":5},{"damage":6,"enemies":"2 Fungi Beasts","floor":7,"turns":4},{"damage":23,"enemies":"Gremlin Nob","floor":8,"turns":3}],"seed_played":"6228191374701288380","potions_obtained":[{"floor":1,"key":"Weak Potion"},{"floor":5,"key":"LiquidBronze"}],"is_trial":false,"path_per_floor":["M","M","M","M","M","R","M","E"],"character_chosen":"IRONCLAD","items_purchased":[],"campfire_rested":0,"item_purchase_floors":[],"current_hp_per_floor":[65,70,64,28,16,16,16,0,0],"gold":114,"neow_bonus":"ONE_RARE_RELIC","is_daily":false,"chose_seed":false,"campfire_upgraded":1,"win_rate":0.0,"timestamp":1610157561,"path_taken":["M","M","M","M","M","R","M","E"],"items_purchased_type":[],"build_version":"2020-12-22","purchased_purges":0,"victory":false,"max_hp_per_floor":[75,75,75,75,75,75,75,75,75],"card_choices":[{"not_picked":["Ghostly Armor","Clothesline"],"picked":"Wild Strike","floor":1},{"not_picked":["Rage","Whirlwind"],"picked":"Disarm","floor":2},{"not_picked":["Thunderclap","Twin Strike","Iron Wave"],"picked":"SKIP","floor":3},{"not_picked":["Clothesline","Burning Pact"],"picked":"Body Slam","floor":4},{"not_picked":["Body Slam","Combust","Clash"],"picked":"SKIP","floor":5},{"not_picked":["Warcry","Rampage","Sword Boomerang"],"picked":"SKIP","floor":7}],"player_experience":1092296,"relics_obtained":[],"event_choices":[],"is_beta":false,"boss_relics":[],"items_purged_floors":[],"is_endless":false,"potions_floor_spawned":[1,5],"killed_by":"Gremlin Nob","ascension_level":20}}