{"host":"ct28ocsd8g8yr2ah","time":1610191302,"event":{"mods":["BaseMod","Better Third Choice","Hermit","Marisa????????","Minty Spire (QoL Compilation)","Remilia??????","StSLib","The Animator","The Gatherer","The Servant 0.9.4","Waifu the Spire"],"gold_per_floor":[112,138,38,38,38,76,76,7,7,7,33,33,24,111,111,243,243,267,267,114,114,143,143,161,185,235,235,18,43,43,43,43,170,170,188,63,76,76,76,76,84,84],"floor_reached":41,"playtime":1685,"items_purged":["animator:Strike","Injury","animator:CrowleyEusford"],"score":387,"play_id":"ac23deb5-a8ef-447b-9e3e-cc057ab1f038","local_time":"20210109162142","is_ascension_mode":false,"campfire_choices":[{"data":"animator:Alexander","floor":7,"key":"SMITH"},{"floor":12,"key":"REST"},{"floor":15,"key":"REST"},{"data":"animator:Millim","floor":23,"key":"SMITH"},{"floor":27,"key":"REST"},{"floor":30,"key":"REST"},{"floor":32,"key":"REST"},{"floor":40,"key":"REST"}],"circlet_count":0,"master_deck":["animator:Strike_Fate+1","animator:Defend_Fate+1","animator:Defend+1","animator:Defend+1","animator:Defend+1","animator:Alexander+1","animator:Rider","animator:Vesta+1","animator:Mitsurugi","animator:Shuna+1","animator:Archer","animator:Lancer","animator:Chris","animator:Melzalgald","animator:Shizu","animator:Mikaela+1","animator:Millim+1","animator:Lancer","animator:Saber","animator:RoyMustang","animator:Saber","animator:HigakiRinne"],"relics":["animator:LivingPicture","animator:TheMissingPiece","Bag of Preparation","Golden Idol","Boot","Pear","Sozu","Nloth\u0027s Gift","Red Skull","Empty Cage"],"acts_visited":["Exordium","TheCity","TheBeyond"],"potions_floor_usage":[6,14,16,24],"damage_taken":[{"damage":0,"enemies":"2 Louse","floor":1,"turns":3},{"damage":18,"enemies":"Cultist","floor":2,"turns":6},{"damage":32,"enemies":"Gremlin Nob","floor":6,"turns":4},{"damage":2,"enemies":"Jaw Worm","floor":11,"turns":3},{"damage":7,"enemies":"Exordium Thugs","floor":13,"turns":4},{"damage":30,"enemies":"Gremlin Nob","floor":14,"turns":4},{"damage":23,"enemies":"The Guardian","floor":16,"turns":8},{"damage":30,"enemies":"2 Thieves","floor":18,"turns":4},{"damage":7,"enemies":"Chosen","floor":22,"turns":4},{"damage":0,"enemies":"Snake Plant","floor":24,"turns":2},{"damage":33,"enemies":"Cultist and Chosen","floor":25,"turns":6},{"damage":24,"enemies":"3 Cultists","floor":29,"turns":4},{"damage":42,"enemies":"Champ","floor":33,"turns":8},{"damage":19,"enemies":"Orb Walker","floor":35,"turns":4},{"damage":19,"enemies":"3 Darklings","floor":37,"turns":4},{"damage":92,"enemies":"Giant Head","floor":41,"turns":7}],"seed_played":"-2806186450332956679","potions_obtained":[{"floor":2,"key":"Regen Potion"},{"floor":6,"key":"Dexterity Potion"},{"floor":13,"key":"ColorlessPotion"},{"floor":16,"key":"Fire Potion"}],"is_trial":false,"path_per_floor":["M","M","$","?","?","E","R","$","T","?","M","R","M","?","R","B",null,"M","?","$","?","M","R","M","M","T","R","$","M","R","$","R","B",null,"M","$","M","?","?","R","E"],"character_chosen":"THE_ANIMATOR","items_purchased":["animator:Mitsurugi","animator:Archer","animator:Millim","animator:Saber","animator:RoyMustang"],"campfire_rested":6,"item_purchase_floors":[3,8,20,28,28],"current_hp_per_floor":[66,48,48,48,48,28,28,28,28,28,26,45,38,18,40,17,76,47,47,47,47,40,40,40,7,7,30,30,9,32,32,55,13,77,60,60,46,46,36,59,0,0],"gold":84,"neow_bonus":"RANDOM_COMMON_RELIC","is_daily":false,"chose_seed":false,"campfire_upgraded":2,"win_rate":0.0,"timestamp":1610191302,"path_taken":["M","M","$","?","?","E","R","$","T","?","M","R","?","?","R","BOSS","M","?","?","?","M","R","M","M","T","R","$","?","R","?","R","BOSS","M","$","M","?","?","R","E"],"items_purchased_type":["Card","Card","Card","Card","Card"],"build_version":"2020-12-22","purchased_purges":3,"victory":false,"max_hp_per_floor":[66,66,66,66,66,66,66,66,66,66,66,66,66,76,76,76,76,77,77,77,77,77,77,77,77,77,77,77,77,77,77,77,77,77,77,77,77,77,77,77,77,77],"card_choices":[{"not_picked":["animator:Vanir","animator:Verdia"],"picked":"animator:Vesta","floor":1},{"not_picked":["animator:Kaijin","animator:WinryRockbell"],"picked":"animator:CrowleyEusford","floor":2},{"not_picked":["animator:LeleiLaLalena","animator:ElricEdward"],"picked":"animator:Shuna","floor":6},{"not_picked":["animator:Illya","animator:Alexander"],"picked":"animator:Lancer","floor":11},{"not_picked":["animator:Arpeggio","animator:Alexander"],"picked":"animator:Chris","floor":13},{"not_picked":["animator:Vanir","animator:MumenRider"],"picked":"animator:Melzalgald","floor":14},{"not_picked":["animator:Wiz","animator:Hans"],"picked":"animator:Shizu","floor":16},{"not_picked":["animator:Benimaru","animator:LeleiLaLalena"],"picked":"animator:Mikaela+1","floor":18},{"not_picked":["animator:Illya","animator:Alexander"],"picked":"animator:Lancer","floor":22},{"not_picked":["animator:Mikaela","animator:ElricAlphonse+1"],"picked":"animator:Boros","floor":24},{"not_picked":["animator:Shion","animator:Tatsumaki","animator:Shuna"],"picked":"SKIP","floor":25},{"not_picked":["animator:Souei","animator:Caster","animator:RoryMercury+1"],"picked":"SKIP","floor":29},{"not_picked":["animator:Greed","animator:Guren"],"picked":"animator:Saber","floor":33},{"not_picked":["animator:Yuuichirou","animator:Aqua","animator:Pride"],"picked":"SKIP","floor":37}],"player_experience":501134,"relics_obtained":[{"floor":6,"key":"Boot"},{"floor":9,"key":"War Paint"},{"floor":26,"key":"Red Skull"}],"event_choices":[{"damage_healed":0,"gold_gain":0,"player_choice":"Take Wound","damage_taken":0,"relics_obtained":["Golden Idol"],"max_hp_gain":0,"max_hp_loss":0,"event_name":"Golden Idol","floor":4,"gold_loss":0,"cards_obtained":["Injury"]},{"damage_healed":0,"gold_gain":0,"player_choice":"Grow","damage_taken":0,"max_hp_gain":0,"max_hp_loss":0,"event_name":"Living Wall","floor":5,"gold_loss":0,"cards_upgraded":["animator:Vesta"]},{"damage_healed":0,"gold_gain":0,"player_choice":"0 cards matched","damage_taken":0,"max_hp_gain":0,"max_hp_loss":0,"event_name":"Match and Keep!","floor":10,"gold_loss":0,"cards_obtained":[]},{"damage_healed":0,"gold_gain":0,"player_choice":"Searched \u00272\u0027 times","damage_taken":0,"relics_obtained":["Pear"],"max_hp_gain":0,"max_hp_loss":0,"event_name":"Dead Adventurer","floor":14,"gold_loss":0},{"damage_healed":0,"gold_gain":0,"player_choice":"Traded Relic","damage_taken":0,"relics_obtained":["Nloth\u0027s Gift"],"max_hp_gain":0,"max_hp_loss":0,"event_name":"N\u0027loth","floor":19,"relics_lost":["War Paint"],"gold_loss":0},{"damage_healed":0,"gold_gain":0,"player_choice":"Simplicity","damage_taken":0,"max_hp_gain":0,"max_hp_loss":6,"event_name":"betterThird:BetterWriting","floor":21,"gold_loss":0},{"cards_removed":["animator:Boros"],"damage_healed":0,"gold_gain":0,"player_choice":"Removed Power","damage_taken":0,"max_hp_gain":0,"max_hp_loss":0,"event_name":"Falling","floor":38,"gold_loss":0},{"damage_healed":0,"gold_gain":0,"player_choice":"Embrace Madness","damage_taken":10,"max_hp_gain":0,"max_hp_loss":0,"event_name":"Winding Halls","floor":39,"gold_loss":0,"cards_obtained":["animator:HigakiRinne"]}],"is_beta":false,"boss_relics":[{"not_picked":["Pandora\u0027s Box","animator:VividPicture"],"picked":"Sozu"},{"not_picked":["Calling Bell","Runic Dome"],"picked":"Empty Cage"}],"items_purged_floors":[3,20,36],"is_endless":false,"potions_floor_spawned":[2,6,13,16,25,29,33,37],"killed_by":"Giant Head","ascension_level":0}}