{"host":"5wznv0010959mrmz","time":1610209185,"event":{"mods":["BaseMod","Highlight Path","Minty Spire (QoL Compilation)","Relic Stats"],"gold_per_floor":[17,17,31,42,60,60,85,104,186,186,32,63,91,103,103,178,178,197,197,197,207,217,246,265,2,27,37,37,37,71,97,97,173,223,234,234,77,91,91,91,91],"floor_reached":40,"playtime":1620,"items_purged":["Strike_G"],"score":992,"play_id":"8b9677cd-1f4b-4941-a652-89d20547e1dc","local_time":"20210109101945","is_ascension_mode":true,"campfire_choices":[{"data":"Neutralize","floor":6,"key":"SMITH"},{"data":"Dash","floor":10,"key":"SMITH"},{"floor":15,"key":"REST"},{"floor":28,"key":"REST"},{"floor":32,"key":"REST"}],"circlet_count":0,"master_deck":["AscendersBane","Defend_G","Defend_G","Defend_G","Defend_G","Survivor","Neutralize+1","Noxious Fumes","Phantasmal Killer","Dash+1","Deadly Poison+1","Blade Dance","Die Die Die","Backstab","After Image","Accuracy","Deadly Poison","Blur","Blade Dance","Backflip","Calculated Gamble+1"],"relics":["Ring of the Snake","Toy Ornithopter","Letter Opener","WingedGreaves","Happy Flower","Fusion Hammer","Shuriken","Kunai","Lantern","Anchor","Red Mask","Tiny House","Membership Card"],"acts_visited":["Exordium","TheCity","TheBeyond"],"potions_floor_usage":[5,7,12,16,23,24,24,33,38],"damage_taken":[{"damage":0,"enemies":"2 Louse","floor":1,"turns":3},{"damage":7,"enemies":"Jaw Worm","floor":3,"turns":5},{"damage":7,"enemies":"Small Slimes","floor":4,"turns":5},{"damage":6,"enemies":"Gremlin Gang","floor":5,"turns":6},{"damage":7,"enemies":"Lagavulin","floor":7,"turns":6},{"damage":0,"enemies":"Looter","floor":8,"turns":2},{"damage":6,"enemies":"3 Sentries","floor":12,"turns":6},{"damage":17,"enemies":"Lagavulin","floor":13,"turns":5},{"damage":0,"enemies":"Large Slime","floor":14,"turns":2},{"damage":0,"enemies":"Slime Boss","floor":16,"turns":5},{"damage":23,"enemies":"Chosen","floor":18,"turns":5},{"damage":4,"enemies":"2 Thieves","floor":21,"turns":4},{"damage":0,"enemies":"Snecko","floor":22,"turns":4},{"damage":27,"enemies":"Gremlin Leader","floor":23,"turns":6},{"damage":13,"enemies":"Shelled Parasite and Fungi","floor":24,"turns":5},{"damage":7,"enemies":"Centurion and Healer","floor":27,"turns":3},{"damage":17,"enemies":"Slavers","floor":30,"turns":6},{"damage":0,"enemies":"Masked Bandits","floor":31,"turns":3},{"damage":21,"enemies":"Automaton","floor":33,"turns":9},{"damage":6,"enemies":"3 Darklings","floor":35,"turns":6},{"damage":0,"enemies":"Orb Walker","floor":38,"turns":3},{"damage":59,"enemies":"Reptomancer","floor":40,"turns":5}],"seed_played":"7170810520719310638","potions_obtained":[{"floor":3,"key":"Poison Potion"},{"floor":4,"key":"DuplicationPotion"},{"floor":5,"key":"Dexterity Potion"},{"floor":7,"key":"Strength Potion"},{"floor":16,"key":"CunningPotion"},{"floor":22,"key":"Weak Potion"},{"floor":23,"key":"Swift Potion"},{"floor":27,"key":"Block Potion"},{"floor":30,"key":"EssenceOfSteel"},{"floor":34,"key":"CultistPotion"},{"floor":38,"key":"SmokeBomb"}],"is_trial":false,"path_per_floor":["M","?","M","M","M","R","E","M","T","R","$","E","E","M","R","B",null,"M","?","?","M","M","E","M","$","T","M","R","?","E","?","R","B",null,"M","?","$","M","?","E"],"character_chosen":"THE_SILENT","items_purchased":["Die Die Die","Kunai","Membership Card"],"campfire_rested":3,"item_purchase_floors":[11,25,37],"current_hp_per_floor":[59,59,52,45,39,39,32,32,32,32,32,31,14,14,33,38,59,36,36,66,62,62,39,36,36,36,29,48,48,31,31,50,34,63,57,47,47,52,52,0,0],"gold":91,"neow_bonus":"TRANSFORM_TWO_CARDS","is_daily":false,"chose_seed":false,"campfire_upgraded":2,"win_rate":0.0,"timestamp":1610209185,"path_taken":["M","?","M","M","M","R","E","M","T","R","$","E","E","M","R","BOSS","M","?","?","M","?","E","M","$","T","M","R","?","E","?","R","BOSS","M","?","$","?","?","E"],"items_purchased_type":["Card","Relic","Relic"],"build_version":"2020-12-22","purchased_purges":1,"victory":false,"max_hp_per_floor":[66,66,66,66,66,66,66,66,66,66,66,66,66,66,66,66,66,66,66,66,66,66,66,66,66,66,66,66,66,66,66,66,66,71,71,71,71,71,71,71,71],"relic_stats":{"Happy Flower":[22],"counters":[22,104],"Shuriken":[20],"Letter Opener":[307],"Kunai":[18],"obtain_stats":[{"Lantern":26,"Tiny House":34,"Happy Flower":13,"Letter Opener":9,"Anchor":30,"Shuriken":23,"WingedGreaves":12,"Fusion Hammer":17,"Red Mask":31,"Kunai":25,"Membership Card":37,"Toy Ornithopter":7,"Ring of the Snake":0},{"Lantern":15,"Tiny House":19,"Happy Flower":8,"Letter Opener":6,"Anchor":17,"Shuriken":14,"WingedGreaves":7,"Fusion Hammer":10,"Red Mask":18,"Kunai":15,"Membership Card":20,"Toy Ornithopter":5,"Ring of the Snake":0},{"Lantern":69,"Tiny House":90,"Happy Flower":38,"Letter Opener":27,"Anchor":78,"Shuriken":64,"WingedGreaves":33,"Fusion Hammer":45,"Red Mask":81,"Kunai":69,"Membership Card":96,"Toy Ornithopter":25,"Ring of the Snake":0}],"Toy Ornithopter":34,"Ring of the Snake":[44]},"card_choices":[{"not_picked":["Quick Slash","Infinite Blades","Flying Knee"],"picked":"SKIP","floor":1},{"not_picked":["Tactician","Dodge and Roll"],"picked":"Dash","floor":3},{"not_picked":["Setup","Flying Knee"],"picked":"Deadly Poison","floor":4},{"not_picked":["All Out Attack","Outmaneuver","Prepared"],"picked":"SKIP","floor":5},{"not_picked":["Outmaneuver","Sucker Punch"],"picked":"Blade Dance","floor":7},{"not_picked":["Cloak And Dagger","Concentrate","Dash"],"picked":"SKIP","floor":8},{"not_picked":["Heel Hook","Dagger Throw","A Thousand Cuts"],"picked":"SKIP","floor":12},{"not_picked":["PiercingWail","Underhanded Strike"],"picked":"Backstab","floor":13},{"not_picked":["Dagger Spray","Flying Knee","Cloak And Dagger"],"picked":"SKIP","floor":14},{"not_picked":["Unload","A Thousand Cuts"],"picked":"After Image","floor":16},{"not_picked":["Underhanded Strike","Dodge and Roll","Dash"],"picked":"SKIP","floor":18},{"not_picked":["Bane","Deadly Poison+1","Heel Hook"],"picked":"SKIP","floor":21},{"not_picked":["Tactician","Predator+1","Deflect"],"picked":"SKIP","floor":22},{"not_picked":["PiercingWail","Underhanded Strike"],"picked":"Blur","floor":23},{"not_picked":["Choke","Slice","Predator+1"],"picked":"SKIP","floor":24},{"not_picked":["Masterful Stab","Setup","Skewer"],"picked":"SKIP","floor":27},{"not_picked":["Noxious Fumes","Endless Agony","All Out Attack"],"picked":"SKIP","floor":30},{"not_picked":["Unload","Glass Knife"],"picked":"Wraith Form v2","floor":33},{"not_picked":["Flechettes","Acrobatics"],"picked":"Backflip","floor":34},{"not_picked":["Acrobatics","Slice","Setup+1"],"picked":"SKIP","floor":35},{"not_picked":["Poisoned Stab","Eviscerate"],"picked":"Calculated Gamble+1","floor":38}],"player_experience":423244,"relics_obtained":[{"floor":7,"key":"Toy Ornithopter"},{"floor":9,"key":"Letter Opener"},{"floor":12,"key":"WingedGreaves"},{"floor":13,"key":"Happy Flower"},{"floor":23,"key":"Shuriken"},{"floor":26,"key":"Lantern"},{"floor":30,"key":"Anchor"},{"floor":31,"key":"Red Mask"}],"event_choices":[{"damage_healed":0,"gold_gain":0,"cards_transformed":["Strike_G"],"player_choice":"Change","damage_taken":0,"max_hp_gain":0,"max_hp_loss":0,"event_name":"Living Wall","floor":2,"gold_loss":0,"cards_obtained":["Distraction"]},{"damage_healed":0,"gold_gain":0,"cards_transformed":["Strike_G","Strike_G"],"player_choice":"Became Test Subject","damage_taken":0,"max_hp_gain":0,"max_hp_loss":0,"event_name":"Drug Dealer","floor":19,"gold_loss":0,"cards_obtained":["Accuracy","Deadly Poison"]},{"cards_removed":["Distraction"],"damage_healed":30,"gold_gain":0,"player_choice":"Offered Uncommon","damage_taken":0,"max_hp_gain":0,"max_hp_loss":0,"event_name":"Bonfire Elementals","floor":20,"gold_loss":0},{"damage_healed":0,"gold_gain":0,"player_choice":"Read","damage_taken":0,"max_hp_gain":0,"max_hp_loss":0,"event_name":"The Library","floor":29,"gold_loss":0,"cards_obtained":["Blade Dance"]},{"damage_healed":0,"gold_gain":0,"player_choice":"Fought Bandits","damage_taken":0,"max_hp_gain":0,"max_hp_loss":0,"event_name":"Masked Bandits","floor":31,"gold_loss":0},{"damage_healed":0,"gold_gain":0,"player_choice":"Damaged","damage_taken":10,"max_hp_gain":0,"max_hp_loss":0,"event_name":"Wheel of Change","floor":36,"gold_loss":0},{"cards_removed":["Wraith Form v2"],"damage_healed":0,"gold_gain":0,"player_choice":"Removed Power","damage_taken":0,"max_hp_gain":0,"max_hp_loss":0,"event_name":"Falling","floor":39,"gold_loss":0}],"is_beta":false,"boss_relics":[{"not_picked":["Pandora\u0027s Box","Velvet Choker"],"picked":"Fusion Hammer"},{"not_picked":["HoveringKite","Philosopher\u0027s Stone"],"picked":"Tiny House"}],"items_purged_floors":[11],"is_endless":false,"potions_floor_spawned":[3,4,5,7,16,22,23,27,30,31,38],"killed_by":"Reptomancer","ascension_level":20}}