{"host":"qgrlfjrqk9z96gfi","time":1610213987,"event":{"mods":["BaseMod","Block Reminder","Colored Map","DeckTracker","Minty Spire (QoL Compilation)"],"gold_per_floor":[117,22,38,53,73,73,84,119,201,201,16,51,51,65,65,144,144,154,79,91,106,106,106],"floor_reached":22,"playtime":842,"items_purged":["Strike_G"],"score":396,"play_id":"c0a286e3-2c05-45ef-a6cf-6623142d581a","local_time":"20210109073947","is_ascension_mode":true,"campfire_choices":[{"floor":6.0,"key":"REST"},{"data":"Dash","floor":10,"key":"SMITH"},{"data":"Underhanded Strike","floor":15,"key":"SMITH"}],"circlet_count":0,"master_deck":["AscendersBane","Strike_G","Strike_G","Strike_G","Strike_G","Defend_G","Defend_G","Defend_G","Defend_G","Defend_G","Survivor","Neutralize","Dagger Spray","Dash+1","Flying Knee","Acrobatics","Backstab","Leg Sweep","Underhanded Strike+1","PiercingWail","After Image","Dagger Throw","Slice+1"],"relics":["HoveringKite","Toy Ornithopter","WingedGreaves","StrikeDummy","MealTicket","PreservedInsect","Sozu"],"acts_visited":["Exordium","TheCity"],"potions_floor_usage":[8,8,16,16],"damage_taken":[{"damage":12.0,"enemies":"Jaw Worm","floor":1.0,"turns":9.0},{"damage":1.0,"enemies":"Cultist","floor":3.0,"turns":4.0},{"damage":4.0,"enemies":"Small Slimes","floor":4.0,"turns":4.0},{"damage":17.0,"enemies":"Gremlin Gang","floor":5.0,"turns":5.0},{"damage":10.0,"enemies":"Red Slaver","floor":7.0,"turns":5.0},{"damage":10,"enemies":"Lagavulin","floor":8,"turns":7},{"damage":16,"enemies":"Gremlin Nob","floor":12,"turns":4},{"damage":0,"enemies":"Looter","floor":14,"turns":3},{"damage":28,"enemies":"Slime Boss","floor":16,"turns":11},{"damage":14,"enemies":"2 Thieves","floor":18,"turns":5},{"damage":18,"enemies":"Shell Parasite","floor":20,"turns":6},{"damage":6,"enemies":"Centurion and Healer","floor":21,"turns":7},{"damage":35,"enemies":"Cultist and Chosen","floor":22,"turns":5}],"seed_played":"5923421324735217165","potions_obtained":[{"floor":1.0,"key":"CultistPotion"},{"floor":4.0,"key":"LiquidBronze"},{"floor":5.0,"key":"Regen Potion"},{"floor":8,"key":"BlessingOfTheForge"},{"floor":14,"key":"Fire Potion"}],"is_trial":false,"path_per_floor":["M","?","M","M","M","R","M","E","T","R","$","E","$","M","R","B",null,"M","$","M","M","M"],"character_chosen":"THE_SILENT","items_purchased":["Underhanded Strike","MealTicket"],"campfire_rested":1,"item_purchase_floors":[11,11],"current_hp_per_floor":[47,47,46,42,25,44,34,49,49,49,49,33,48,48,48,30,57,43,58,40,34,0,0],"gold":106,"neow_bonus":"BOSS_RELIC","is_daily":false,"chose_seed":false,"campfire_upgraded":2,"win_rate":0.0,"timestamp":1610213987,"path_taken":["M","?","M","M","M","R","M","E","T","R","$","E","$","M","R","BOSS","M","?","M","M","M"],"items_purchased_type":["Card","Relic"],"build_version":"2020-12-22","purchased_purges":1,"victory":false,"max_hp_per_floor":[66,66,66,66,66,66,66,66,66,66,66,66,66,66,66,66,66,66,66,66,66,66,66],"card_choices":[{"not_picked":["Caltrops","Quick Slash"],"picked":"Dagger Spray","floor":1.0},{"not_picked":["Terror","Flying Knee"],"picked":"Dash","floor":3.0},{"not_picked":["Catalyst","Endless Agony"],"picked":"Flying Knee","floor":4.0},{"not_picked":["PiercingWail","Crippling Poison"],"picked":"Acrobatics","floor":5.0},{"not_picked":["Quick Slash","Noxious Fumes"],"picked":"Backstab","floor":7.0},{"not_picked":["Sucker Punch","Backstab"],"picked":"Leg Sweep","floor":8},{"not_picked":["Underhanded Strike","Finisher","Endless Agony"],"picked":"SKIP","floor":12},{"not_picked":["Prepared","Distraction"],"picked":"PiercingWail","floor":14},{"not_picked":["Unload","Envenom"],"picked":"After Image","floor":16},{"not_picked":["Dodge and Roll","Underhanded Strike","Endless Agony"],"picked":"SKIP","floor":18},{"not_picked":["Backstab","Masterful Stab"],"picked":"Dagger Throw","floor":20},{"not_picked":["Deflect","Quick Slash"],"picked":"Slice+1","floor":21}],"player_experience":981159,"relics_obtained":[{"floor":8,"key":"WingedGreaves"},{"floor":9,"key":"StrikeDummy"},{"floor":12,"key":"PreservedInsect"}],"event_choices":[{"damage_healed":0.0,"max_hp_gain":0.0,"max_hp_loss":0.0,"gold_gain":0.0,"event_name":"WeMeetAgain","player_choice":"Paid Gold","floor":2.0,"gold_loss":95.0,"damage_taken":0.0,"relics_obtained":["Toy Ornithopter"]}],"is_beta":false,"boss_relics":[{"not_picked":["Runic Dome","Busted Crown"],"picked":"Sozu"}],"items_purged_floors":[19],"is_endless":false,"potions_floor_spawned":[1,4,5,8,14],"killed_by":"Cultist and Chosen","ascension_level":20}}