{"host":"bpkhhmvsfrvlto2l","time":1610172549,"event":{"mods":["2.2 Compatiblity","AchievementEnabler","Act Like it!","AlwaysNeverKeys","Aspiration","BaseMod","Better Silent Start","Challenge The Spire","Colored Map","Colored Powertips","Custom Start","Downfall","Energized Spire","Friendly Minions","GifTheSpireLib","Halation","Hubris","Infinite Spire","Ironclad Rager","Mimic Mod","Minty Spire (QoL Compilation)","Permanent Neow","Quick Restart","Random Character Button","Relic Sorter","Replay The Spire","Spikes Relics","StSLib","Stuff the Spire","Swap Starting Deck Mod","Trackpad"],"gold_per_floor":[110,15,27,39,55,83,83,112,112,126,152,163,173,173,173,274,274,294,294,294,313,331,331,113,143,176,176,2,28,53,71,71,171,171,199,224,99,118,118,118,153,153,153,153,247,289,322,322,322,322],"floor_reached":51,"playtime":1610,"items_purged":["Defend_G","Strike_G","Defend_G","Strike_G"],"score":956,"play_id":"327d4fff-8bf2-490f-813d-04a55bbd96b5","local_time":"20210109010909","is_ascension_mode":true,"campfire_choices":[{"data":"ReplayTheSpireMod:Muscle Training","floor":7.0,"key":"SMITH"},{"data":"ReplayTheSpireMod:Muscle Training","floor":15.0,"key":"SMITH"},{"data":"Adrenaline","floor":23.0,"key":"SMITH"},{"data":"Blade Dance","floor":27.0,"key":"SMITH"},{"data":"Accuracy","floor":32.0,"key":"SMITH"},{"floor":40,"key":"REST"},{"data":"Neutralize","floor":42,"key":"SMITH"},{"data":"Survivor","floor":44,"key":"SMITH"},{"floor":49,"key":"REST"}],"circlet_count":0,"master_deck":["Strike_G","Defend_G","Defend_G","Survivor+1","Neutralize+1","Infinite Blades+1","Dagger Spray+1","ReplayTheSpireMod:Muscle Training+1","Blade Dance+1","ReplayTheSpireMod:Muscle Training+1","Adrenaline+1","Noxious Fumes+1","StuffTheSpire:Incantation","Accuracy+1","Envenom+1","Noxious Fumes+1","Parasite","Dagger Spray","Accuracy+1"],"relics":["Ring of the Snake","halation:PinkSoulGem","aspiration:Nostalgia","m_IronCrown","aspiration:HiddenCompartment","trackpad:IceCube","trackpad:ZombieHeart","hubris:SlimyHat","Empty Cage","halation:Diary","Guide Book","Pantograph","infinitespire:Broken Mirror","Pen Nib","Ginger","infinitespire:EvilPickle","infinitespire:PuzzleCube","Incense Burner","trackpad:SappingStone"],"acts_visited":["Exordium","TheCity","TheBeyond"],"potions_floor_usage":[46,50,50],"damage_taken":[{"damage":0.0,"enemies":"Cultist","floor":1.0,"turns":5.0},{"damage":0.0,"enemies":"Small Slimes","floor":3.0,"turns":4.0},{"damage":1.0,"enemies":"Jaw Worm","floor":4.0,"turns":5.0},{"damage":2.0,"enemies":"Looter","floor":5.0,"turns":4.0},{"damage":12.0,"enemies":"3 Sentries","floor":6.0,"turns":5.0},{"damage":27.0,"enemies":"Gremlin Nob","floor":8.0,"turns":3.0},{"damage":0.0,"enemies":"Blue Slaver","floor":10.0,"turns":4.0},{"damage":3.0,"enemies":"Lagavulin","floor":11.0,"turns":6.0},{"damage":3.0,"enemies":"Large Slime","floor":12.0,"turns":5.0},{"damage":5.0,"enemies":"Exordium Wildlife","floor":13.0,"turns":5.0},{"damage":24.0,"enemies":"Hexaghost","floor":16.0,"turns":11.0},{"damage":14.0,"enemies":"Spheric Guardian","floor":18.0,"turns":4.0},{"damage":1.0,"enemies":"2 Thieves","floor":21.0,"turns":2.0},{"damage":26.0,"enemies":"Shelled Parasite and Fungi","floor":22.0,"turns":6.0},{"damage":1.0,"enemies":"Replay:Snechameleon","floor":25.0,"turns":6.0},{"damage":8.0,"enemies":"Sentry and Sphere","floor":26.0,"turns":6.0},{"damage":3.0,"enemies":"Slavers","floor":30.0,"turns":2.0},{"damage":13.0,"enemies":"Sentry and Sphere","floor":31.0,"turns":4.0},{"damage":2.0,"enemies":"Pondfish","floor":33.0,"turns":6.0},{"damage":49.0,"enemies":"3 Shapes","floor":35.0,"turns":4.0},{"damage":6,"enemies":"3 Darklings","floor":36,"turns":1},{"damage":24,"enemies":"Writhing Mass","floor":38,"turns":5},{"damage":12,"enemies":"R_Hoarder","floor":41,"turns":6},{"damage":11,"enemies":"Reptomancer","floor":46,"turns":5},{"damage":11,"enemies":"Spire Growth","floor":47,"turns":4},{"damage":43,"enemies":"Replay:Hell Engine","floor":50,"turns":6}],"seed_played":"9173709842903161004","potions_obtained":[{"floor":1.0,"key":"Swift Potion"},{"floor":4.0,"key":"Death Potion"},{"floor":6.0,"key":"sneckomod:MuddlingPotion"},{"floor":11.0,"key":"Guardian:BlockOnCardUsePotion"},{"floor":18.0,"key":"sneckomod:MuddlingPotion"},{"floor":20.0,"key":"LiquidMemories"},{"floor":20.0,"key":"PowerPotion"},{"floor":31.0,"key":"Block Potion"},{"floor":38,"key":"Swift Potion"},{"floor":47,"key":"PowerPotion"}],"is_trial":false,"path_per_floor":["M","$","M","M","M","E","R","E","T","M","E","M","M","?","R","B",null,"M","AVR","?","M","M","R","$","E","MIM","R","$","T","E","M","R","B",null,"M","M","$","M","?","R","E","R","T","R","?","E","M","?","R","B",null],"character_chosen":"THE_SILENT","items_purchased":["Footwork","Dagger Spray","Guide Book","Accuracy"],"campfire_rested":2,"item_purchase_floors":[2,2,24,28],"current_hp_per_floor":[70,70,70,70,70,64,64,43,43,50,54,59,62,62,62,45,77,70,70,70,77,59,59,59,65,64,64,64,64,70,65,65,93,93,53,59,59,42,42,72,67,67,67,67,41,37,33,33,64,53],"gold":322,"neow_bonus":"NOSTALGIA","is_daily":false,"chose_seed":false,"campfire_upgraded":7,"win_rate":0.0,"timestamp":1610172549,"path_taken":["M","$","M","M","M","E","R","E","T","M","E","M","M","?","R","BOSS","M","AVR","?","M","M","R","?","E","MIM","R","?","?","E","M","R","BOSS","M","M","$","M","?","R","E","R","T","R","?","E","M","?","R","BOSS"],"items_purchased_type":["Card","Card","Relic","Card"],"build_version":"2020-12-22","purchased_purges":4,"victory":true,"max_hp_per_floor":[70,70,70,70,70,70,70,70,70,71,72,74,76,76,76,77,77,78,78,78,80,82,82,82,83,84,84,84,84,87,89,89,93,93,96,102,102,103,103,103,104,104,104,104,104,105,106,106,106,107],"card_choices":[{"not_picked":["PiercingWail","StuffTheSpire:BrimstoneBlast"],"picked":"Infinite Blades","floor":1.0},{"not_picked":["Quick Slash","champ:AdrenalArmor"],"picked":"ReplayTheSpireMod:Muscle Training","floor":3.0},{"not_picked":["ReplayTheSpireMod:Speed Training","Draining Mist"],"picked":"Blade Dance","floor":4.0},{"not_picked":["hubris:Counter","StuffTheSpire:Incantation"],"picked":"ReplayTheSpireMod:Muscle Training","floor":11.0},{"not_picked":["champ:BerserkersShout","Sneak Up","StuffTheSpire:Python"],"picked":"SKIP","floor":13.0},{"not_picked":["Doppelganger","ReplayTheSpireMod:Necrosis"],"picked":"Adrenaline","floor":16.0},{"not_picked":["Tactician","StuffTheSpire:Repulse"],"picked":"Noxious Fumes+1","floor":22.0},{"not_picked":["Quick Slash","Deadly Poison+1"],"picked":"StuffTheSpire:Incantation","floor":26.0},{"not_picked":["ReplayTheSpireMod:Necrosis","Atom Bomb"],"picked":"Envenom","floor":33.0},{"not_picked":["hubris:Counter","Flechettes"],"picked":"Noxious Fumes+1","floor":35.0},{"not_picked":["Hidden Blade","Cloak And Dagger+1"],"picked":"Dagger Spray","floor":45},{"not_picked":["Prepared+1","Doppelganger"],"picked":"Accuracy+1","floor":46}],"player_experience":50826,"relics_obtained":[{"floor":6.0,"key":"aspiration:HiddenCompartment"},{"floor":8.0,"key":"trackpad:IceCube"},{"floor":9.0,"key":"trackpad:ZombieHeart"},{"floor":11.0,"key":"hubris:SlimyHat"},{"floor":25.0,"key":"Pantograph"},{"floor":26.0,"key":"infinitespire:Broken Mirror"},{"floor":29.0,"key":"Pen Nib"},{"floor":30.0,"key":"Ginger"},{"floor":41,"key":"infinitespire:PuzzleCube"},{"floor":43,"key":"Incense Burner"},{"floor":46,"key":"trackpad:SappingStone"}],"event_choices":[{"damage_healed":0.0,"max_hp_gain":0.0,"max_hp_loss":0.0,"gold_gain":0.0,"event_name":"Lab","player_choice":"Got Potions","floor":20.0,"gold_loss":0.0,"damage_taken":0.0},{"damage_healed":0,"gold_gain":0,"player_choice":"Ignored","damage_taken":0,"max_hp_gain":0,"max_hp_loss":0,"event_name":"Mysterious Sphere","floor":48,"gold_loss":0}],"is_beta":false,"boss_relics":[{"not_picked":["halation:LoveArrow","aspiration:RunicSpoon"],"picked":"Empty Cage"},{"not_picked":["infinitespire:Cupcake","halation:CatFaceCupcake","halation:PinkAlligatorPlush"]}],"items_purged_floors":[19,24,28,37],"is_endless":false,"potions_floor_spawned":[1,4,6,11,18,31,38,47],"ascension_level":1}}