{"host":"oiw60b5ins9fyx34","time":1610198625,"event":{"mods":["BaseMod","Colored Map","Colored Powertips","Minty Spire (QoL Compilation)","Permanent Neow","Quick Restart","Relic Stats","StSLib"],"gold_per_floor":[111,111,111,122,138,138,156,166,190,190,8,8,8,42,42,140,140,158,178,178,196,214,214,234,234,234,234,264,264,264,264,264,366,366,378,288,308,308,325,345,371,386,465,465,213,238,238,249,249,249,249,249,95,126,126],"floor_reached":56,"playtime":3946,"items_purged":["Strike_P"],"score":1297,"play_id":"19f67e42-58d2-4feb-b7e4-77b1e0391f73","local_time":"20210109222345","is_ascension_mode":false,"campfire_choices":[{"data":"Eruption","floor":6,"key":"SMITH"},{"data":"TalkToTheHand","floor":10,"key":"SMITH"},{"data":"Tantrum","floor":13,"key":"SMITH"},{"data":"Vault","floor":15,"key":"SMITH"},{"data":"ClearTheMind","floor":23,"key":"SMITH"},{"data":"RitualDagger","floor":27,"key":"SMITH"},{"data":"CutThroughFate","floor":29,"key":"SMITH"},{"data":"CutThroughFate","floor":32,"key":"SMITH"},{"floor":44,"key":"REST"},{"floor":47,"key":"RECALL"},{"floor":49,"key":"REST"},{"floor":52,"key":"REST"}],"circlet_count":0,"master_deck":["Strike_P+1","Defend_P+1","Eruption+1","Vigilance+1","FlurryOfBlows+1","Scrawl+1","Crescendo+1","ThirdEye","CutThroughFate+1","ThirdEye+1","TalkToTheHand+1","Tantrum+1","Adaptation+1","Vault+1","LessonLearned+1","ClearTheMind+1","CutThroughFate+1","RitualDagger+1","Blasphemy","TalkToTheHand","InnerPeace+1","MentalFortress+1"],"relics":["Astrolabe","Nunchaku","Membership Card","StrikeDummy","Busted Crown","Eternal Feather","MealTicket","Art of War","Singing Bowl","Fusion Hammer","Boot","Mummified Hand","Toy Ornithopter","Lee\u0027s Waffle","Pen Nib","Anchor","Melange","Blood Vial"],"acts_visited":["Exordium","TheCity","TheBeyond","TheEnding"],"potions_floor_usage":[14,14,19,22,54,55,55,55],"damage_taken":[{"damage":0,"enemies":"Cultist","floor":1,"turns":3},{"damage":0,"enemies":"Small Slimes","floor":4,"turns":1},{"damage":6,"enemies":"Jaw Worm","floor":5,"turns":2},{"damage":0,"enemies":"Red Slaver","floor":7,"turns":3},{"damage":2,"enemies":"Blue Slaver","floor":8,"turns":2},{"damage":2,"enemies":"Gremlin Nob","floor":14,"turns":3},{"damage":0,"enemies":"Slime Boss","floor":16,"turns":4},{"damage":7,"enemies":"2 Thieves","floor":18,"turns":4},{"damage":2,"enemies":"3 Byrds","floor":19,"turns":5},{"damage":0,"enemies":"Centurion and Healer","floor":21,"turns":4},{"damage":0,"enemies":"Snake Plant","floor":22,"turns":4},{"damage":0,"enemies":"Snecko","floor":24,"turns":4},{"damage":22,"enemies":"Gremlin Leader","floor":28,"turns":4},{"damage":0,"enemies":"Collector","floor":33,"turns":4},{"damage":8,"enemies":"Orb Walker","floor":35,"turns":3},{"damage":0,"enemies":"3 Darklings","floor":37,"turns":2},{"damage":17,"enemies":"4 Shapes","floor":39,"turns":3},{"damage":0,"enemies":"Transient","floor":40,"turns":6},{"damage":22,"enemies":"Reptomancer","floor":41,"turns":4},{"damage":0,"enemies":"Spire Growth","floor":42,"turns":2},{"damage":0,"enemies":"Maw","floor":48,"turns":5},{"damage":17,"enemies":"Awakened One","floor":50,"turns":8},{"damage":0,"enemies":"Shield and Spear","floor":54,"turns":3},{"damage":79,"enemies":"The Heart","floor":55,"turns":9}],"seed_played":"2707258385041434847","potions_obtained":[{"floor":1,"key":"BottledMiracle"},{"floor":5,"key":"Regen Potion"},{"floor":7,"key":"Strength Potion"},{"floor":14,"key":"Swift Potion"},{"floor":18,"key":"SpeedPotion"},{"floor":21,"key":"Dexterity Potion"},{"floor":28,"key":"CultistPotion"},{"floor":48,"key":"BottledMiracle"},{"floor":54,"key":"Block Potion"}],"is_trial":false,"path_per_floor":["M","T","?","M","M","R","M","M","T","R","$","?","R","E","R","B",null,"M","M","T","M","M","R","M","?","T","R","E","R","?","T","R","B",null,"M","?","M","?","M","M","E","M","T","R","$","T","R","M","R","B",null,"R","$","E","B",null],"character_chosen":"WATCHER","items_purchased":["Membership Card","Adaptation","MentalFortress","AttackPotion","Toy Ornithopter","Lee\u0027s Waffle","Anchor","Melange"],"campfire_rested":3,"item_purchase_floors":[11,11,45,45,45,45,53,53],"current_hp_per_floor":[72,72,72,72,66,66,66,64,64,64,64,64,64,70,70,70,72,65,63,63,63,63,72,72,66,66,72,50,62,62,62,72,72,72,66,66,66,66,51,51,31,33,33,69,87,87,87,89,89,72,89,89,89,91,15],"gold":126,"neow_bonus":"BOSS_RELIC","is_daily":false,"chose_seed":false,"campfire_upgraded":8,"win_rate":0.0,"timestamp":1610198625,"path_taken":["M","?","?","M","M","R","?","M","T","R","?","?","R","E","R","BOSS","M","M","?","M","M","R","M","?","T","R","E","R","?","?","R","BOSS","M","?","?","?","?","M","E","M","T","R","$","?","R","M","R","BOSS","R","$","E","BOSS"],"items_purchased_type":["Relic","Card","Card","Potion","Relic","Relic","Relic","Relic"],"build_version":"2020-12-22","purchased_purges":1,"victory":true,"max_hp_per_floor":[72,72,72,72,72,72,72,72,72,72,72,72,72,72,72,72,72,72,72,72,72,72,72,72,72,72,72,72,72,72,72,72,72,72,74,74,74,74,76,76,78,80,80,80,87,87,87,89,89,89,89,89,89,91,91],"relic_stats":{"Lee\u0027s Waffle":7,"Singing Bowl":12,"counters":[24,92],"Astrolabe":["FlurryOfBlows","Scrawl","Crescendo"],"Melange":[18],"Eternal Feather":49,"Pen Nib":[11],"Boot":[116],"Blood Vial":0,"Nunchaku":[32],"Busted Crown":30,"Mummified Hand":[8],"MealTicket":11,"Art of War":[0],"obtain_stats":[{"Lee\u0027s Waffle":45,"Singing Bowl":31,"Astrolabe":0,"Melange":53,"Eternal Feather":20,"Pen Nib":46,"Boot":41,"Blood Vial":54,"Nunchaku":2,"Anchor":53,"Busted Crown":17,"Mummified Hand":43,"MealTicket":26,"Fusion Hammer":34,"Art of War":28,"Membership Card":11,"PureWater":0,"StrikeDummy":14,"Toy Ornithopter":45},{"Lee\u0027s Waffle":20,"Singing Bowl":13,"Astrolabe":0,"Melange":22,"Eternal Feather":9,"Pen Nib":20,"Boot":19,"Blood Vial":23,"Nunchaku":1,"Anchor":22,"Busted Crown":7,"Mummified Hand":20,"MealTicket":12,"Fusion Hammer":14,"Art of War":13,"Membership Card":5,"PureWater":0,"StrikeDummy":6,"Toy Ornithopter":20},{"Lee\u0027s Waffle":67,"Singing Bowl":43,"Astrolabe":0,"Melange":80,"Eternal Feather":27,"Pen Nib":67,"Boot":65,"Blood Vial":83,"Nunchaku":3,"Anchor":80,"Busted Crown":18,"Mummified Hand":67,"MealTicket":39,"Fusion Hammer":47,"Art of War":43,"Membership Card":11,"PureWater":0,"StrikeDummy":14,"Toy Ornithopter":67}],"Toy Ornithopter":3},"card_choices":[{"not_picked":["ReachHeaven","Halt"],"picked":"ThirdEye","floor":1},{"not_picked":["Protect","FlurryOfBlows"],"picked":"CutThroughFate","floor":4},{"not_picked":["JustLucky","FlurryOfBlows"],"picked":"ThirdEye","floor":5},{"not_picked":["Ragnarok","Perseverance"],"picked":"TalkToTheHand","floor":7},{"not_picked":["Pray","Halt"],"picked":"Tantrum","floor":8},{"not_picked":["SashWhip","Collect"],"picked":"Vault","floor":14},{"not_picked":["DevaForm","Devotion"],"picked":"LessonLearned","floor":16},{"not_picked":[],"picked":"ClearTheMind","floor":18},{"not_picked":["Consecrate"],"picked":"SKIP","floor":19},{"not_picked":["EmptyBody"],"picked":"SKIP","floor":21},{"not_picked":["Prostrate"],"picked":"SKIP","floor":22},{"not_picked":[],"picked":"CutThroughFate","floor":24},{"not_picked":["Fasting2"],"picked":"SKIP","floor":28},{"not_picked":["Fasting2"],"picked":"SKIP","floor":28},{"not_picked":[],"picked":"Blasphemy","floor":33},{"not_picked":["Perseverance+1"],"picked":"Singing Bowl","floor":35},{"not_picked":[],"picked":"TalkToTheHand","floor":37},{"not_picked":["Conclude+1"],"picked":"Singing Bowl","floor":39},{"not_picked":[],"picked":"InnerPeace+1","floor":40},{"not_picked":["EmptyFist+1"],"picked":"Singing Bowl","floor":41},{"not_picked":["FlurryOfBlows+1"],"picked":"Singing Bowl","floor":42},{"not_picked":["Prostrate"],"picked":"Singing Bowl","floor":48},{"not_picked":["SashWhip"],"picked":"Singing Bowl","floor":54}],"player_experience":586160,"relics_obtained":[{"floor":2,"key":"Nunchaku"},{"floor":14,"key":"StrikeDummy"},{"floor":20,"key":"Eternal Feather"},{"floor":26,"key":"MealTicket"},{"floor":28,"key":"Art of War"},{"floor":31,"key":"Singing Bowl"},{"floor":41,"key":"Boot"},{"floor":43,"key":"Mummified Hand"},{"floor":46,"key":"Pen Nib"},{"floor":54,"key":"Blood Vial"}],"event_choices":[{"damage_healed":0,"gold_gain":0,"player_choice":"Ignored","damage_taken":0,"max_hp_gain":0,"max_hp_loss":0,"event_name":"Liars Game","floor":3,"gold_loss":0},{"damage_healed":0,"gold_gain":0,"player_choice":"Forge","damage_taken":0,"max_hp_gain":0,"max_hp_loss":0,"event_name":"Accursed Blacksmith","floor":12,"gold_loss":0,"cards_upgraded":["Adaptation"]},{"damage_healed":0,"gold_gain":0,"player_choice":"Joined the Cult","damage_taken":6,"max_hp_gain":0,"max_hp_loss":0,"event_name":"Nest","floor":25,"gold_loss":0,"cards_obtained":["RitualDagger"]},{"damage_healed":0,"gold_gain":0,"player_choice":"Ignored","damage_taken":0,"max_hp_gain":0,"max_hp_loss":0,"event_name":"The Mausoleum","floor":30,"gold_loss":0},{"cards_removed":["Defend_P"],"damage_healed":0,"gold_gain":0,"player_choice":"Upgrade and Remove","damage_taken":0,"max_hp_gain":0,"max_hp_loss":0,"event_name":"Designer","floor":36,"gold_loss":90,"cards_upgraded":["Strike_P"]},{"cards_removed":["Defend_P"],"damage_healed":0,"gold_gain":0,"player_choice":"Purged","damage_taken":0,"max_hp_gain":0,"max_hp_loss":0,"event_name":"Purifier","floor":38,"gold_loss":0}],"is_beta":false,"boss_relics":[{"not_picked":["Tiny House","SacredBark"],"picked":"Busted Crown"},{"not_picked":["Calling Bell","Velvet Choker"],"picked":"Fusion Hammer"}],"items_purged_floors":[45],"is_endless":false,"potions_floor_spawned":[1,5,7,14,18,21,28,35,39,41,42,48,54],"ascension_level":0}}