{"host":"7l2t4psy44vpcd9q","time":1610182034,"event":{"mods":["AchievementEnabler","BaseMod","DeckTracker","Minty Spire (QoL Compilation)","SuperFastMode"],"gold_per_floor":[111,125,18,0,0,0,0,12,94,129,141,141,159,46,46,118,118,138,152,168,168,30,30,30],"floor_reached":23,"playtime":994,"items_purged":[],"score":382,"play_id":"b06cde57-853e-4f7b-9fb9-3ca3edcc0fa7","local_time":"20210109174714","is_ascension_mode":true,"campfire_choices":[{"data":"Sucker Punch","floor":6,"key":"SMITH"},{"data":"Neutralize","floor":15,"key":"SMITH"}],"circlet_count":0,"master_deck":["AscendersBane","Strike_G+1","Strike_G","Strike_G","Strike_G+1","Strike_G","Defend_G","Defend_G","Defend_G","Defend_G","Defend_G","Survivor","Neutralize+1","Dagger Spray","Sucker Punch+1","Backflip","Predator","Cloak And Dagger","Quick Slash","Predator","Dagger Throw","Deflect","After Image","CurseOfTheBell","Backflip","Deflect+1","Choke","Writhe"],"relics":["Coffee Dripper","The Courier","Whetstone","Calling Bell","Snake Skull","Blue Candle","Calipers","Ninja Scroll","OrangePellets"],"acts_visited":["Exordium","TheCity"],"potions_floor_usage":[16,19,23,23],"damage_taken":[{"damage":16,"enemies":"Jaw Worm","floor":1,"turns":7},{"damage":2,"enemies":"Small Slimes","floor":2,"turns":3},{"damage":1,"enemies":"2 Louse","floor":8,"turns":2},{"damage":36,"enemies":"Gremlin Nob","floor":10,"turns":5},{"damage":0,"enemies":"Red Slaver","floor":11,"turns":3},{"damage":0,"enemies":"Looter","floor":13,"turns":2},{"damage":2,"enemies":"The Guardian","floor":16,"turns":13},{"damage":7,"enemies":"Spheric Guardian","floor":18,"turns":4},{"damage":0,"enemies":"Shell Parasite","floor":19,"turns":7},{"damage":5,"enemies":"Shelled Parasite and Fungi","floor":20,"turns":9},{"damage":50,"enemies":"Gremlin Leader","floor":23,"turns":7}],"seed_played":"275593878537000360","potions_obtained":[{"floor":8,"key":"Ancient Potion"},{"floor":10,"key":"Dexterity Potion"},{"floor":13,"key":"GamblersBrew"},{"floor":18,"key":"SneckoOil"},{"floor":20,"key":"Block Potion"}],"is_trial":false,"path_per_floor":["M","M","$","?","$","R","$","M","T","E","M","?","M","$","R","B",null,"M","M","M","?","$","E"],"character_chosen":"THE_SILENT","items_purchased":["Backflip","Predator","Deflect","GhostInAJar","OrangePellets"],"campfire_rested":0,"item_purchase_floors":[3,3,14,14,22],"current_hp_per_floor":[43,41,41,41,41,41,41,40,40,4,4,4,4,4,4,2,50,43,43,38,38,38,0,0],"gold":30,"neow_bonus":"BOSS_RELIC","is_daily":false,"chose_seed":false,"campfire_upgraded":2,"win_rate":0.0,"timestamp":1610182034,"path_taken":["M","M","$","?","$","R","?","M","T","E","M","?","M","$","R","BOSS","M","M","M","?","$","E"],"items_purchased_type":["Card","Card","Card","Potion","Relic"],"build_version":"2020-12-22","purchased_purges":0,"victory":false,"max_hp_per_floor":[66,66,66,66,66,66,66,66,66,66,66,66,66,66,66,66,66,66,66,66,66,66,66,66],"card_choices":[{"not_picked":["PiercingWail","Leg Sweep"],"picked":"Dagger Spray","floor":1},{"not_picked":["Acrobatics","Accuracy"],"picked":"Sucker Punch","floor":2},{"not_picked":["Dagger Spray","Outmaneuver"],"picked":"Cloak And Dagger","floor":8},{"not_picked":["Bane","Poisoned Stab"],"picked":"Quick Slash","floor":10},{"not_picked":["Footwork","Poisoned Stab"],"picked":"Predator","floor":11},{"not_picked":["Eviscerate","Dagger Spray"],"picked":"Dagger Throw","floor":13},{"not_picked":["Envenom","Unload"],"picked":"After Image","floor":16},{"not_picked":["Heel Hook","Backstab"],"picked":"Backflip","floor":18},{"not_picked":["Tactician","Deadly Poison"],"picked":"Deflect+1","floor":19},{"not_picked":["All Out Attack","Dodge and Roll+1"],"picked":"Choke","floor":20}],"player_experience":1160812,"relics_obtained":[{"floor":9,"key":"The Courier"},{"floor":10,"key":"Whetstone"},{"floor":17,"key":"Snake Skull"},{"floor":17,"key":"Blue Candle"},{"floor":17,"key":"Calipers"}],"event_choices":[{"damage_healed":0,"gold_gain":0,"player_choice":"Left Gold","damage_taken":0,"max_hp_gain":0,"max_hp_loss":0,"event_name":"World of Goop","floor":4,"gold_loss":18},{"damage_healed":0,"gold_gain":0,"player_choice":"Ignored","damage_taken":0,"max_hp_gain":0,"max_hp_loss":0,"event_name":"Golden Idol","floor":12,"gold_loss":0},{"damage_healed":0,"gold_gain":0,"player_choice":"Opened","damage_taken":0,"relics_obtained":["Ninja Scroll"],"max_hp_gain":0,"max_hp_loss":0,"event_name":"The Mausoleum","floor":21,"gold_loss":0,"cards_obtained":["Writhe"]}],"is_beta":false,"boss_relics":[{"not_picked":["SacredBark","Velvet Choker"],"picked":"Calling Bell"}],"items_purged_floors":[],"is_endless":false,"potions_floor_spawned":[8,10,13,18,20],"killed_by":"Gremlin Leader","ascension_level":20}}