{"host":"ixtszv54kd1m8623","time":1610157925,"event":{"mods":["Act Like it!","Aspiration","Bard","BaseMod","Beaked The Cultist","ChefMod","Colored Map","Colored Powertips","Conspire","Downfall","Duelist Mod","Gensokyo","GifTheSpireLib","Halation","Hermit","Hubris","Infinite Spire","Jorbs\u0027s Wanderer Trilogy","Lobotomy","Minty Spire (QoL Compilation)","Replay The Spire","Robot Space Explorer","Shade Mod","StSLib","The Animator","The Blackbeard","The Bug Knight","The Cursed","The Disciple","The Dragon Tamer","The Marked","The Runesmith","The Servant 0.9.4"],"gold_per_floor":[125,139,156,256,256,25,52,71,71,105,105,105,117,117,136,136,136],"floor_reached":16,"playtime":738,"items_purged":[],"score":105,"play_id":"41c9b354-2c1e-43bd-ae2f-0e41c2752841","local_time":"20210108180525","is_ascension_mode":true,"campfire_choices":[{"data":"theDuelist:DarkSparks","floor":1,"key":"SMITH"},{"data":"theDuelist:RedMedicine","floor":9,"key":"SMITH"}],"circlet_count":0,"master_deck":["theDuelist:TerraTerrible","theDuelist:DarkSparks+1","theDuelist:SummonedSkull+1","theDuelist:Sparks+1","theDuelist:ArchfiendSoldier+1","theDuelist:CurseAnubis","theDuelist:Doomdog+1","theDuelist:ArchfiendSoldier","theDuelist:CastleWalls","theDuelist:CastleWalls","theDuelist:CastleWalls","theDuelist:FiendMegacyber","theDuelist:RockSunrise","theDuelist:DarkEnergy","theDuelist:GarbageLord","theDuelist:RedMedicine+1","theDuelist:DarklordMarie","theDuelist:Relinkuriboh","theDuelist:MsJudge"],"relics":["theDuelist:MillenniumPuzzle","theDuelist:CardPoolRelic","theDuelist:CardPoolBasicRelic","theDuelist:BoosterPackPoolRelic","theDuelist:CardPoolAddRelic","theDuelist:CardPoolMinusRelic","theDuelist:CardPoolSaveRelic","theDuelist:CardPoolOptionsRelic","theDuelist:DuelistOrichalcum","downfall:BrokenWingStatue","Pet Ghost","Bag of Marbles","Juzu Bracelet","theDuelist:MillenniumRod"],"acts_visited":["Exordium"],"potions_floor_usage":[16,16],"damage_taken":[{"damage":0,"enemies":"Cultist","floor":2,"turns":3},{"damage":1,"enemies":"conspire:RoseBush","floor":3,"turns":2},{"damage":5,"enemies":"downfall:FleeingMerchant","floor":6,"turns":4},{"damage":0,"enemies":"2 Louse","floor":8,"turns":2},{"damage":15,"enemies":"HollowMod:MossKnight","floor":10,"turns":6},{"damage":14,"enemies":"Blue Slaver","floor":13,"turns":3},{"damage":19,"enemies":"Exordium Wildlife","floor":15,"turns":4},{"damage":45,"enemies":"downfall:Ironclad","floor":16,"turns":3}],"seed_played":"9222951093054167817","potions_obtained":[{"floor":3,"key":"Strength Potion"},{"floor":10,"key":"theDuelist:LavaBottle"},{"floor":15,"key":"SpeedPotion"}],"is_trial":false,"path_per_floor":["R","M","M","?","?","$","T","M","R","E","?","?","M","?","M","B"],"character_chosen":"THE_DUELIST","items_purchased":["Pet Ghost","theDuelist:Doomdog"],"campfire_rested":0,"item_purchase_floors":[6,6],"current_hp_per_floor":[80,80,79,79,79,74,74,74,74,69,69,69,58,58,42,0,0],"gold":136,"neow_bonus":"RANDOM_COMMON_RELIC","is_daily":false,"chose_seed":false,"campfire_upgraded":2,"win_rate":0.0,"timestamp":1610157925,"path_taken":["R","M","M","?","?","$","T","M","R","E","?","?","M","?","M","BOSS"],"items_purchased_type":["Relic","Card"],"build_version":"2020-12-22","purchased_purges":0,"victory":false,"max_hp_per_floor":[80,80,80,80,80,80,80,80,80,80,80,80,80,80,80,80,80],"card_choices":[{"not_picked":["theDuelist:RainbowOverdragon","theDuelist:RedHeadedOni","theDuelist:PurplePainOni","theDuelist:OneForOne"],"picked":"theDuelist:RockSunrise","floor":2},{"not_picked":["theDuelist:CyberArchfiend","theDuelist:GiantOrc","theDuelist:DrivenDaredevil","theDuelist:TerraTerrible"],"picked":"theDuelist:DarkEnergy","floor":3},{"not_picked":["theDuelist:BlastAsmodian","theDuelist:DrivenDaredevil","theDuelist:DarkHunter","theDuelist:FlyingSaucer"],"picked":"theDuelist:GarbageLord","floor":6},{"not_picked":["theDuelist:GauntletWarrior","theDuelist:MagicHoleGolem","theDuelist:RedHeadedOni","theDuelist:GilfordLegend"],"picked":"theDuelist:RedMedicine","floor":8},{"not_picked":["theDuelist:UmbralHorrorGhost","theDuelist:BeastTalwar","theDuelist:TerraTerrible","theDuelist:VanityFiend"],"picked":"theDuelist:DarklordMarie","floor":10},{"not_picked":["theDuelist:UmbralHorrorUniform","theDuelist:FiendMegacyber","theDuelist:Zombyra","theDuelist:DoomsdayHorror"],"picked":"theDuelist:Relinkuriboh","floor":13},{"not_picked":["theDuelist:GiantOrc","theDuelist:FabledAshenveil","theDuelist:Pumprincess","theDuelist:BeastTalwar"],"picked":"theDuelist:MsJudge","floor":15}],"player_experience":188725,"relics_obtained":[{"floor":7,"key":"Bag of Marbles"},{"floor":10,"key":"Juzu Bracelet"}],"event_choices":[{"damage_healed":0,"gold_gain":0,"player_choice":"Took item - Received: Millennium Rod","duelist":true,"damage_taken":0,"max_hp_gain":0,"max_hp_loss":0,"event_name":"Millennium Items","floor":11,"gold_loss":0},{"damage_healed":0,"gold_gain":0,"player_choice":"Traded Archfiend Soldier for Terra the Terrible","duelist":true,"damage_taken":0,"max_hp_gain":0,"max_hp_loss":0,"event_name":"Card Trader","floor":14,"gold_loss":0}],"is_beta":false,"boss_relics":[],"items_purged_floors":[],"is_endless":false,"potions_floor_spawned":[3,10,15],"killed_by":"downfall:Ironclad","ascension_level":1}}