{"host":"3hht5vm6iswgqu4y","time":1610169198,"event":{"mods":["BaseMod","Curses Come First","Hermit","Minty Spire (QoL Compilation)","Relic Stats","StSLib"],"gold_per_floor":[139,139,154,154,329,367,367,386,436,436,436,446,396,415,415,540,540,559,559,578,578,578,616,635,3,28,66,66,66],"floor_reached":28,"playtime":2872,"items_purged":[],"score":304,"play_id":"01ed3646-0d37-40f2-86fa-b240a8a1c029","local_time":"20210109001318","daily_mods":["Shiny","Green Cards","Terminal"],"is_ascension_mode":false,"campfire_choices":[{"floor":7,"key":"REST"},{"data":"Adrenaline","floor":10,"key":"SMITH"},{"data":"Alpha","floor":15,"key":"SMITH"}],"circlet_count":0,"master_deck":["Corpse Explosion","Die Die Die+1","Adrenaline+1","Envenom","Doppelganger","Burst","Wraith Form v2","Tools of the Trade","After Image","A Thousand Cuts","Venomology","Malaise","Phantasmal Killer+1","Night Terror","Unload","Bullet Time","Storm of Steel","Glass Knife","Grand Finale","Brilliance","Devotion","LessonLearned","Vault","Alpha+1","Establishment","DeusExMachina","Judgement","ConjureBlade","MasterReality","Blasphemy","Ragnarok","Scrawl","Wish","Omniscience","SpiritShield","DevaForm","Underhanded Strike","ForeignInfluence","Injury","Halt","Prostrate","FollowUp","Fasting2+1","Corpse Explosion","Protect+1","SandsOfTime","Prostrate+1","EmptyBody+1","Venomology","Unload","Dash"],"relics":["PureWater","Bird Faced Urn","Golden Idol","Letter Opener","Juzu Bracelet","Odd Mushroom","Black Star","Bronze Scales","Unceasing Top","Darkstone Periapt","Calipers","MealTicket","White Beast Statue","Gambling Chip"],"acts_visited":["Exordium","TheCity"],"potions_floor_usage":[16,16,16,16,16,18,18,23,27,28],"damage_taken":[{"damage":7,"enemies":"Small Slimes","floor":1,"turns":4},{"damage":0,"enemies":"2 Louse","floor":3,"turns":2},{"damage":25,"enemies":"3 Sentries","floor":6,"turns":4},{"damage":1,"enemies":"Jaw Worm","floor":8,"turns":2},{"damage":0,"enemies":"The Mushroom Lair","floor":12,"turns":2},{"damage":5,"enemies":"Looter","floor":14,"turns":2},{"damage":29,"enemies":"The Guardian","floor":16,"turns":9},{"damage":2,"enemies":"Spheric Guardian","floor":18,"turns":3},{"damage":9,"enemies":"Shell Parasite","floor":20,"turns":7},{"damage":20,"enemies":"Book of Stabbing","floor":23,"turns":6},{"damage":11,"enemies":"Shelled Parasite and Fungi","floor":24,"turns":4},{"damage":33,"enemies":"Gremlin Leader","floor":27,"turns":7},{"damage":19,"enemies":"3 Cultists","floor":28,"turns":3}],"seed_played":"579003938715623652","potions_obtained":[{"floor":6,"key":"DuplicationPotion"},{"floor":11,"key":"LiquidBronze"},{"floor":16,"key":"Fruit Juice"},{"floor":18,"key":"Ancient Potion"}],"is_trial":false,"path_per_floor":["M","?","M","?","?","E","R","M","T","R","?","?","?","M","R","B",null,"M","?","M","?","?","E","M","$","T","E","M"],"character_chosen":"WATCHER","items_purchased":["Darkstone Periapt","Calipers","Unload"],"campfire_rested":1,"item_purchase_floors":[25,25,25],"current_hp_per_floor":[64,39,43,43,43,22,41,42,42,42,42,44,44,41,41,26,54,57,57,54,54,45,29,20,20,20,7,0,0],"gold":66,"neow_bonus":"","is_daily":true,"chose_seed":false,"campfire_upgraded":2,"win_rate":0.0,"timestamp":1610169198,"path_taken":["M","?","M","?","?","E","R","?","T","R","?","?","?","M","R","BOSS","M","?","M","?","?","E","M","$","T","E","M"],"items_purchased_type":["Relic","Relic","Card"],"build_version":"2020-12-22","purchased_purges":0,"victory":false,"max_hp_per_floor":[70,69,68,67,66,65,64,63,62,61,60,59,58,57,56,55,54,58,57,56,55,59,58,57,56,55,54,54,54],"relic_stats":{"Darkstone Periapt":0,"counters":[13,55],"Golden Idol":71,"Bird Faced Urn":[48],"Bronze Scales":[54],"Gambling Chip":[0],"MealTicket":0,"Juzu Bracelet":1,"Black Star":2,"Letter Opener":[94],"obtain_stats":[{"Darkstone Periapt":25,"Calipers":25,"Golden Idol":4,"Juzu Bracelet":9,"Letter Opener":6,"Odd Mushroom":12,"White Beast Statue":27,"Bird Faced Urn":2,"Bronze Scales":23,"Gambling Chip":27,"MealTicket":26,"Black Star":17,"PureWater":0,"Unceasing Top":23},{"Darkstone Periapt":11,"Calipers":11,"Golden Idol":2,"Juzu Bracelet":4,"Letter Opener":3,"Odd Mushroom":5,"White Beast Statue":12,"Bird Faced Urn":1,"Bronze Scales":10,"Gambling Chip":12,"MealTicket":11,"Black Star":7,"PureWater":0,"Unceasing Top":10},{"Darkstone Periapt":45,"Calipers":45,"Golden Idol":6,"Juzu Bracelet":12,"Letter Opener":10,"Odd Mushroom":14,"White Beast Statue":52,"Bird Faced Urn":4,"Bronze Scales":41,"Gambling Chip":52,"MealTicket":45,"Black Star":25,"PureWater":0,"Unceasing Top":41}],"Unceasing Top":[2]},"card_choices":[{"not_picked":["WaveOfTheHand","Acrobatics"],"picked":"Underhanded Strike","floor":1},{"not_picked":["Slice","Dagger Throw"],"picked":"ForeignInfluence","floor":3},{"not_picked":["Study","WreathOfFlame"],"picked":"Halt","floor":6},{"not_picked":["CarveReality","Poisoned Stab"],"picked":"Prostrate","floor":8},{"not_picked":["Predator","EmptyBody"],"picked":"FollowUp","floor":12},{"not_picked":["ThirdEye","CrushJoints"],"picked":"Fasting2","floor":14},{"not_picked":["MasterReality","Wraith Form v2"],"picked":"Corpse Explosion","floor":16},{"not_picked":["WheelKick","Footwork"],"picked":"Protect+1","floor":18},{"not_picked":["Bane","Footwork"],"picked":"Prostrate+1","floor":20},{"not_picked":["WindmillStrike","LikeWater"],"picked":"EmptyBody+1","floor":23},{"not_picked":["WheelKick","Tantrum"],"picked":"Venomology","floor":24},{"not_picked":["Protect","Blasphemy"],"picked":"Dash","floor":27}],"player_experience":818016,"relics_obtained":[{"floor":6,"key":"Letter Opener"},{"floor":9,"key":"Juzu Bracelet"},{"floor":12,"key":"Odd Mushroom"},{"floor":23,"key":"Bronze Scales"},{"floor":23,"key":"Unceasing Top"},{"floor":26,"key":"MealTicket"},{"floor":27,"key":"White Beast Statue"},{"floor":27,"key":"Gambling Chip"}],"event_choices":[{"damage_healed":0,"gold_gain":0,"player_choice":"Success","damage_taken":25,"relics_obtained":["Bird Faced Urn"],"max_hp_gain":0,"max_hp_loss":0,"event_name":"Scrap Ooze","floor":2,"gold_loss":0},{"damage_healed":0,"gold_gain":0,"player_choice":"Take Wound","damage_taken":0,"relics_obtained":["Golden Idol"],"max_hp_gain":0,"max_hp_loss":0,"event_name":"Golden Idol","floor":4,"gold_loss":0,"cards_obtained":["Injury"]},{"damage_healed":0,"gold_gain":175,"player_choice":"AGREE","damage_taken":0,"max_hp_gain":0,"max_hp_loss":0,"event_name":"Liars Game","floor":5,"gold_loss":0,"cards_obtained":["Doubt"]},{"damage_healed":0,"gold_gain":0,"player_choice":"Got Potions","damage_taken":0,"max_hp_gain":0,"max_hp_loss":0,"event_name":"Lab","floor":11,"gold_loss":0},{"damage_healed":0,"gold_gain":0,"player_choice":"Fought Mushrooms","damage_taken":0,"max_hp_gain":0,"max_hp_loss":0,"event_name":"Mushrooms","floor":12,"gold_loss":0},{"cards_removed":["Doubt"],"damage_healed":0,"gold_gain":0,"player_choice":"Card Removal","damage_taken":0,"max_hp_gain":0,"max_hp_loss":0,"event_name":"The Cleric","floor":13,"gold_loss":50},{"damage_healed":0,"gold_gain":0,"player_choice":"Read","damage_taken":0,"max_hp_gain":0,"max_hp_loss":0,"event_name":"The Library","floor":19,"gold_loss":0,"cards_obtained":["SandsOfTime"]},{"damage_healed":0,"gold_gain":0,"player_choice":"Ignored","damage_taken":0,"max_hp_gain":0,"max_hp_loss":0,"event_name":"Vampires","floor":21,"gold_loss":0},{"damage_healed":0,"gold_gain":0,"player_choice":"Shed Blood","damage_taken":14,"max_hp_gain":5,"max_hp_loss":0,"event_name":"Forgotten Altar","floor":22,"gold_loss":0}],"is_beta":false,"boss_relics":[{"not_picked":["VioletLotus","Snecko Eye"],"picked":"Black Star"}],"items_purged_floors":[],"is_endless":false,"potions_floor_spawned":[6,8,16,18,23],"killed_by":"3 Cultists","ascension_level":0}}