{"host":"w2kjv12xyhtt0cv2","time":1610202411,"event":{"mods":["Act Like it!","BaseMod","Colored Map","Friendly Minions","Gensokyo","Highlight Path","Hubris","Kiyohime（清姬）","Marisa（F雨　魔理沙）","Minty Spire (QoL Compilation)","Quick Restart","Reimu（博丽灵梦）","Relic Stats","Replay The Spire","RumiaBox-露米娅的神秘盒子","Shop Mod","Spicy Shops","StSLib","The Cursed","The Servant 0.9.4","UnlockEverythingMod","Waifu the Spire","[功能]功能增强和修复MOD","vexMod","【功能Mod】Neow奖励","【遗物卡牌】REMEMod","没有小屋子和绿帽子啦"],"gold_per_floor":[112,287,287,17,17,42,42,68,68,199,199,209,228,292,292,292,292],"floor_reached":16,"playtime":615,"items_purged":["Doubt"],"score":183,"play_id":"15b90618-91b8-4a7c-8aca-0dbd17abc981","local_time":"20210109222651","is_ascension_mode":true,"campfire_choices":[{"data":"KiyohimeMod:FlameKiss","floor":7.0,"key":"SMITH"},{"data":"KiyohimeMod:Shapeshift","floor":11.0,"key":"SMITH"},{"data":"KiyohimeMod:Track","floor":15.0,"key":"SMITH"}],"circlet_count":0,"master_deck":["KiyohimeMod:Strike","KiyohimeMod:Strike","KiyohimeMod:Strike","KiyohimeMod:Strike","KiyohimeMod:Defend","KiyohimeMod:Defend","KiyohimeMod:Defend","KiyohimeMod:Defend","KiyohimeMod:Track+1","KiyohimeMod:FlameKiss+1","KiyohimeMod:Shapeshift+1","REME_ForAll+1","REME_BattleFury","KiyohimeMod:EatSoul+1","KiyohimeMod:FiringTheFirstArrow"],"relics":["REME_ComplimentaryCards","Snecko Eye","hubris:Icosahedron","Membership Card","hubris:MedicalManual","REME_HandOfSuture","vexMod:Dragonfruit","Anchor","hubris:OldNail"],"acts_visited":["Exordium"],"potions_floor_usage":[],"damage_taken":[{"damage":1.0,"enemies":"Cultist","floor":1.0,"turns":4.0},{"damage":21.0,"enemies":"Lagavulin","floor":6.0,"turns":6.0},{"damage":5.0,"enemies":"Gremlin Nob","floor":8.0,"turns":3.0},{"damage":20.0,"enemies":"Lagavulin","floor":10.0,"turns":6.0},{"damage":0.0,"enemies":"Small Slimes","floor":12.0,"turns":1.0},{"damage":0.0,"enemies":"Jaw Worm","floor":13.0,"turns":1.0},{"damage":6.0,"enemies":"Gremlin Nob","floor":14.0,"turns":3.0},{"damage":0,"enemies":"Fading Forest","floor":16,"turns":1}],"seed_played":"8639037207488050169","potions_obtained":[{"floor":6.0,"key":"DuplicationPotion"},{"floor":10.0,"key":"AttackPotion"},{"floor":13.0,"key":"REME_GoldPotion"},{"floor":14.0,"key":"Toxic Potion"}],"is_trial":false,"path_per_floor":["M","?","?","$","?","E","R","E","T","E","R","M","M","E","R","B"],"character_chosen":"Kiyohime","items_purchased":["Membership Card","REME_BattleFury","KiyohimeMod:EatSoul+1"],"campfire_rested":0,"item_purchase_floors":[4,4,4],"current_hp_per_floor":[53,53,53,53,53,32,32,55,60,40,40,40,40,34,34,34,34],"gold":292,"neow_bonus":"BOSS_RELIC","is_daily":false,"chose_seed":false,"campfire_upgraded":3,"win_rate":0.0,"timestamp":1610202411,"path_taken":["M","?","?","$","?","E","R","E","T","E","R","?","?","E","R","BOSS"],"items_purchased_type":["Relic","Card","Card"],"build_version":"2020-12-22","purchased_purges":1,"victory":false,"max_hp_per_floor":[60,60,60,60,60,60,60,60,65,65,65,65,65,65,65,65,65],"relic_stats":{"counters":[8,25],"Snecko Eye":[36,28,40,38],"obtain_stats":[{"vexMod:Dragonfruit":9,"KiyohimeMod:FireDragon":0,"Anchor":10,"hubris:Icosahedron":3,"Snecko Eye":0,"hubris:MedicalManual":6,"REME_HandOfSuture":8,"Membership Card":4,"hubris:OldNail":14,"REME_ComplimentaryCards":0},{"vexMod:Dragonfruit":3,"KiyohimeMod:FireDragon":0,"Anchor":4,"hubris:Icosahedron":1,"Snecko Eye":0,"hubris:MedicalManual":2,"REME_HandOfSuture":3,"Membership Card":1,"hubris:OldNail":7,"REME_ComplimentaryCards":0},{"vexMod:Dragonfruit":13,"KiyohimeMod:FireDragon":0,"Anchor":19,"hubris:Icosahedron":4,"Snecko Eye":0,"hubris:MedicalManual":10,"REME_HandOfSuture":13,"Membership Card":4,"hubris:OldNail":24,"REME_ComplimentaryCards":0}]},"card_choices":[{"not_picked":["KiyohimeMod:RedBlackKey","KiyohimeMod:BlueBlackKey","KiyohimeMod:WaterTurn"],"picked":"SKIP","floor":1.0},{"not_picked":["KiyohimeMod:RedBlackKey","KiyohimeMod:WaterTurn","KiyohimeMod:LimitedZeroOver"],"picked":"SKIP","floor":6.0},{"not_picked":["KiyohimeMod:RedBlackKey","KiyohimeMod:FormalCraft","KiyohimeMod:AndSoTheShipConquers"],"picked":"SKIP","floor":8.0},{"not_picked":["KiyohimeMod:RealityMarble","KiyohimeMod:HotSpringOfTheMoon","KiyohimeMod:WaterTurn"],"picked":"SKIP","floor":10.0},{"not_picked":["KiyohimeMod:Preemptive","KiyohimeMod:RedBlackKey","KiyohimeMod:Tenacious"],"picked":"SKIP","floor":12.0},{"not_picked":["KiyohimeMod:RedBlackKey","KiyohimeMod:SteelTraining"],"picked":"KiyohimeMod:FiringTheFirstArrow","floor":13.0},{"not_picked":["KiyohimeMod:DivineConstruct","KiyohimeMod:Berserker","KiyohimeMod:EatSoul"],"picked":"SKIP","floor":14.0}],"player_experience":127463,"relics_obtained":[{"floor":6.0,"key":"hubris:MedicalManual"},{"floor":8.0,"key":"REME_HandOfSuture"},{"floor":9.0,"key":"vexMod:Dragonfruit"},{"floor":10.0,"key":"Anchor"},{"floor":14.0,"key":"hubris:OldNail"}],"event_choices":[{"damage_healed":0.0,"max_hp_gain":0.0,"max_hp_loss":0.0,"gold_gain":175.0,"event_name":"Liars Game","player_choice":"AGREE","floor":2.0,"gold_loss":0.0,"damage_taken":0.0,"cards_obtained":["Doubt"]}],"is_beta":false,"boss_relics":[],"items_purged_floors":[4],"is_endless":false,"potions_floor_spawned":[6,10,13,14],"killed_by":"Fading Forest","ascension_level":9}}