{"host":"9ndbo4kgsfoemf7y","time":1610163865,"event":{"mods":["AchievementEnabler","BaseMod","Colored Map","DeckTracker","Keyboard Shortcuts","Minty Spire (QoL Compilation)","Permanent Neow","Quick Restart","Relic Stats","StSLib","SuperFastMode"],"gold_per_floor":[15,32,32,49,61,94,19,19,19,19,19],"floor_reached":10,"playtime":253,"items_purged":["Zap"],"score":88,"play_id":"90495009-c97b-48e6-85c0-527fe1d6c3ea","local_time":"20210109124425","is_ascension_mode":true,"campfire_choices":[],"circlet_count":0,"master_deck":["Strike_B","Strike_B","Strike_B","Defend_B","Defend_B","Defend_B","Defend_B","Hyperbeam","Rebound","Streamline","Hello World","Leap","Reprogram","Double Energy","Reinforced Body"],"relics":["Cracked Core","Eternal Feather","Shuriken"],"acts_visited":["Exordium"],"potions_floor_usage":[6],"damage_taken":[{"damage":7.0,"enemies":"Jaw Worm","floor":1.0,"turns":3.0},{"damage":8.0,"enemies":"Small Slimes","floor":2.0,"turns":2.0},{"damage":1.0,"enemies":"Cultist","floor":4.0,"turns":3.0},{"damage":0.0,"enemies":"Large Slime","floor":5.0,"turns":3.0},{"damage":40,"enemies":"Lagavulin","floor":6,"turns":6},{"damage":16,"enemies":"Gremlin Nob","floor":10,"turns":2}],"seed_played":"-5027196535748188483","potions_obtained":[{"floor":2.0,"key":"DuplicationPotion"},{"floor":4.0,"key":"EssenceOfSteel"}],"is_trial":false,"path_per_floor":["M","M","?","M","M","E","$","?","T","E"],"character_chosen":"DEFECT","items_purchased":[],"campfire_rested":0,"item_purchase_floors":[],"current_hp_per_floor":[61,53,53,52,52,12,12,12,12,0,0],"gold":19,"neow_bonus":"THREE_RARE_CARDS","is_daily":false,"chose_seed":false,"campfire_upgraded":0,"win_rate":0.0,"timestamp":1610163865,"path_taken":["M","M","?","M","M","E","$","?","T","E"],"items_purchased_type":[],"build_version":"2020-12-22","purchased_purges":1,"victory":false,"max_hp_per_floor":[75,75,75,75,75,75,75,75,75,75,75],"relic_stats":{"counters":[6,19],"Shuriken":[0],"Eternal Feather":0,"obtain_stats":[{"Shuriken":9,"Eternal Feather":6,"Cracked Core":0},{"Shuriken":5,"Eternal Feather":5,"Cracked Core":0},{"Shuriken":17,"Eternal Feather":17,"Cracked Core":0}]},"card_choices":[{"not_picked":["Buffer","Echo Form"],"picked":"Hyperbeam","floor":0.0},{"not_picked":["Redo","Defragment"],"picked":"Rebound","floor":1.0},{"not_picked":["Ball Lightning","Steam Power"],"picked":"Streamline","floor":2.0},{"not_picked":["Storm","Heatsinks"],"picked":"Leap","floor":4.0},{"not_picked":["Compile Driver","Capacitor"],"picked":"Reprogram","floor":5.0},{"not_picked":["Capacitor","Streamline"],"picked":"Double Energy","floor":6}],"player_experience":789860,"relics_obtained":[{"floor":6,"key":"Eternal Feather"},{"floor":9,"key":"Shuriken"}],"event_choices":[{"damage_healed":0.0,"max_hp_gain":0.0,"max_hp_loss":0.0,"gold_gain":0.0,"cards_transformed":["Strike_B"],"event_name":"Living Wall","player_choice":"Change","floor":3.0,"gold_loss":0.0,"damage_taken":0.0,"cards_obtained":["Hello World"]},{"damage_healed":0,"gold_gain":0,"cards_transformed":["Dualcast"],"player_choice":"Transformed","damage_taken":0,"max_hp_gain":0,"max_hp_loss":0,"event_name":"Transmorgrifier","floor":8,"gold_loss":0,"cards_obtained":["Reinforced Body"]}],"is_beta":false,"boss_relics":[],"items_purged_floors":[7],"is_endless":false,"potions_floor_spawned":[2,4],"killed_by":"Gremlin Nob","ascension_level":6}}