{"host":"hszimsrtxxc2k25w","time":1610213393,"event":{"mods":["AchievementEnabler","BaseMod","Colored Map","DeckTracker","Minty Spire (QoL Compilation)","Rare Cards Sparkle","SuperFastMode"],"gold_per_floor":[111,36,36,54,71,71,81,81,106,106,141,153,153,183,183,261,261,280,14,14,26,26,57,75,100,100,100,100,118,118,131,131,131,131],"floor_reached":33,"playtime":2354,"items_purged":["Strike_R","Strike_R"],"score":590,"play_id":"fef3fb48-d06a-431a-b6ed-efe73cb2e382","local_time":"20210110022953","is_ascension_mode":true,"campfire_choices":[{"data":"Bludgeon","floor":6.0,"key":"SMITH"},{"data":"Shockwave","floor":8.0,"key":"SMITH"},{"data":"Pommel Strike","floor":13,"key":"SMITH"},{"data":"1","floor":15,"key":"LIFT"},{"data":"Ghostly","floor":32,"key":"SMITH"}],"circlet_count":0,"master_deck":["AscendersBane","Strike_R","Defend_R","Defend_R","Defend_R","Defend_R","Bash+1","Bludgeon+1","Pommel Strike+1","Shockwave+1","Power Through","Body Slam","Offering","Shrug It Off","Offering","Seeing Red+1","Feel No Pain","Ghostly+1","Ghostly","Ghostly"],"relics":["Burning Blood","Potion Belt","Vajra","Girya","Cursed Key","Bag of Marbles","Pen Nib","Strawberry"],"acts_visited":["Exordium","TheCity"],"potions_floor_usage":[16,25],"damage_taken":[{"damage":0.0,"enemies":"Small Slimes","floor":1.0,"turns":3.0},{"damage":1.0,"enemies":"Cultist","floor":4.0,"turns":3.0},{"damage":4.0,"enemies":"Jaw Worm","floor":5.0,"turns":2.0},{"damage":21.0,"enemies":"Lots of Slimes","floor":7.0,"turns":7.0},{"damage":6,"enemies":"Gremlin Nob","floor":11,"turns":3},{"damage":6,"enemies":"Looter","floor":12,"turns":3},{"damage":15,"enemies":"Lagavulin","floor":14,"turns":4},{"damage":26,"enemies":"The Guardian","floor":16,"turns":9},{"damage":7,"enemies":"Chosen","floor":18,"turns":4},{"damage":7,"enemies":"3 Byrds","floor":21,"turns":4},{"damage":14,"enemies":"Book of Stabbing","floor":23,"turns":4},{"damage":10,"enemies":"Snake Plant","floor":24,"turns":2},{"damage":41,"enemies":"Slavers","floor":25,"turns":3},{"damage":5,"enemies":"Shelled Parasite and Fungi","floor":29,"turns":3},{"damage":12,"enemies":"Cultist and Chosen","floor":31,"turns":7},{"damage":13,"enemies":"Champ","floor":33,"turns":7}],"seed_played":"-3700476172692024549","potions_obtained":[{"floor":4.0,"key":"SkillPotion"},{"floor":12,"key":"Regen Potion"},{"floor":14,"key":"Dexterity Potion"},{"floor":21,"key":"PowerPotion"},{"floor":29,"key":"LiquidMemories"}],"is_trial":false,"path_per_floor":["M","$","?","M","M","R","M","R","T","?","E","M","R","E","R","B",null,"M","$","?","M","$","E","M","E","T","?","T","M","?","M","R","B"],"character_chosen":"IRONCLAD","items_purchased":["Bag of Marbles"],"campfire_rested":0,"item_purchase_floors":[19],"current_hp_per_floor":[74,74,74,75,75,75,60,60,60,60,60,60,60,51,51,45,68,67,67,67,66,66,58,54,26,26,26,26,27,27,21,21,8,8],"gold":131,"neow_bonus":"ONE_RANDOM_RARE_CARD","is_daily":false,"chose_seed":false,"campfire_upgraded":4,"win_rate":0.0,"timestamp":1610213393,"path_taken":["M","$","?","M","M","R","?","R","T","?","E","M","R","E","R","BOSS","M","?","?","M","$","E","M","E","T","?","?","?","?","M","R","BOSS"],"items_purchased_type":["Relic"],"build_version":"2020-12-22","purchased_purges":2,"victory":false,"max_hp_per_floor":[75,75,75,75,75,75,75,75,75,75,75,75,75,75,75,75,75,75,75,75,75,75,75,75,82,82,41,41,41,41,41,41,41,41],"card_choices":[{"not_picked":["Headbutt","Heavy Blade"],"picked":"Pommel Strike","floor":1.0},{"not_picked":["Thunderclap","Clothesline"],"picked":"Shockwave","floor":4.0},{"not_picked":["Cleave","Headbutt"],"picked":"Power Through","floor":5.0},{"not_picked":["Clash","Spot Weakness","Twin Strike"],"picked":"SKIP","floor":7.0},{"not_picked":["Intimidate","Whirlwind","Cleave"],"picked":"SKIP","floor":11},{"not_picked":["Clothesline","Twin Strike"],"picked":"Body Slam","floor":12},{"not_picked":["Sentinel","Twin Strike","Clothesline"],"picked":"SKIP","floor":14},{"not_picked":["Feed","Reaper"],"picked":"Offering","floor":16},{"not_picked":["Shockwave","Thunderclap"],"picked":"Shrug It Off","floor":18},{"not_picked":["Clash","Cleave+1","Havoc"],"picked":"SKIP","floor":21},{"not_picked":["Sentinel","Heavy Blade"],"picked":"Offering","floor":23},{"not_picked":["Inflame","Flex"],"picked":"Seeing Red+1","floor":24},{"not_picked":["Dropkick","Pommel Strike"],"picked":"Feel No Pain","floor":25},{"not_picked":["Feel No Pain","Havoc","Infernal Blade"],"picked":"SKIP","floor":29},{"not_picked":["Heavy Blade+1","Hemokinesis","Clash"],"picked":"SKIP","floor":31}],"player_experience":611308,"relics_obtained":[{"floor":9.0,"key":"Potion Belt"},{"floor":11,"key":"Vajra"},{"floor":14,"key":"Girya"},{"floor":23,"key":"Pen Nib"},{"floor":25,"key":"Strawberry"}],"event_choices":[{"cards_removed":["Strike_R"],"damage_healed":0.0,"max_hp_gain":0.0,"max_hp_loss":0.0,"gold_gain":0.0,"event_name":"Bonfire Elementals","player_choice":"Offered Basic","floor":3.0,"gold_loss":0.0,"damage_taken":0.0},{"damage_healed":0.0,"max_hp_gain":0.0,"max_hp_loss":0.0,"gold_gain":0.0,"event_name":"Accursed Blacksmith","player_choice":"Forge","floor":10.0,"gold_loss":0.0,"damage_taken":0.0,"cards_upgraded":["Bash"]},{"cards_removed":["Strike_R"],"damage_healed":0,"gold_gain":0,"player_choice":"Elegance","damage_taken":0,"max_hp_gain":0,"max_hp_loss":0,"event_name":"Back to Basics","floor":20,"gold_loss":0},{"damage_healed":0,"gold_gain":0,"player_choice":"Became a Ghost","damage_taken":0,"max_hp_gain":0,"max_hp_loss":41,"event_name":"Ghosts","floor":27,"gold_loss":0,"cards_obtained":["Ghostly","Ghostly","Ghostly"]},{"damage_healed":0,"gold_gain":0,"player_choice":"Ignored","damage_taken":0,"max_hp_gain":0,"max_hp_loss":0,"event_name":"The Mausoleum","floor":30,"gold_loss":0}],"is_beta":false,"boss_relics":[{"not_picked":["SacredBark","Pandora\u0027s Box"],"picked":"Cursed Key"}],"items_purged_floors":[2,19],"is_endless":false,"potions_floor_spawned":[4,12,14,21,29],"killed_by":"Champ","ascension_level":20}}