{"host":"uhytnauby5tw4qa1","time":1610197914,"event":{"mods":["Act Like it!","Aspiration","BaseMod","Colored Map","Colored Powertips","Conspire","Downfall","Elementarium","Halation","Hubris","Infinite Spire","Jorbs\u0027s Wanderer Trilogy","Marisa????????","Mimic Mod","Minty Spire (QoL Compilation)","Rare Cards Sparkle","Replay The Spire","Shop Mod","Somnambulant","Spikes Relics","StSLib","The Bug Knight","The Cursed","The Druid","The Forsaken","The Judge","The Jungle","The Necromancer","The Saiyan","The Servant 0.9.4","The Valiant","TheBandit","TheFirefly","Yuri Mod","vexMod"],"gold_per_floor":[99,119,138,138,148,183,183,193,207,217,244,244,256,1,16,120,120,120,120,120,120],"floor_reached":19,"playtime":1592,"items_purged":[],"score":181,"play_id":"9b56524e-08fc-4a03-b6d2-3a23ed899364","local_time":"20210109131154","is_ascension_mode":false,"campfire_choices":[{"data":"Guardian:TwinSlam","floor":1,"key":"SMITH"},{"data":"Guardian:DecasProtection","floor":12,"key":"SMITH"},{"data":"Guardian:CurlUp","floor":18,"key":"SMITH"}],"circlet_count":0,"master_deck":["Guardian:Strike_Guardian","Guardian:Strike_Guardian","Guardian:Strike_Guardian","Guardian:Strike_Guardian","Guardian:Defend_Guardian+1","Guardian:Defend_Guardian+1","Guardian:Defend_Guardian+1","Guardian:Defend_Guardian+1","Guardian:CurlUp+1","Guardian:TwinSlam+1","Guardian:SentryBeam","Guardian:DecasProtection+1","Guardian:PiercingHide","Guardian:BronzeOrb","Guardian:TemporalShield","Guardian:Gem_Red","Guardian:RollAttack"],"relics":["Guardian:ModeShifter","Replay:Kaleidoscope","Prayer Beads","Iron Hammer","Replay:Bottled Eggs","downfall:Hecktoplasm"],"acts_visited":["Exordium","TheCity"],"potions_floor_usage":[11,16],"damage_taken":[{"damage":0,"enemies":"Jaw Worm","floor":2,"turns":3},{"damage":0,"enemies":"2 Louse","floor":3,"turns":2},{"damage":0,"enemies":"Cultist","floor":5,"turns":3},{"damage":20,"enemies":"3 Sentries","floor":6,"turns":8},{"damage":0,"enemies":"Large Slime","floor":8,"turns":3},{"damage":2,"enemies":"Red Slaver","floor":9,"turns":4},{"damage":1,"enemies":"3 Louse","floor":10,"turns":3},{"damage":18,"enemies":"Lagavulin","floor":11,"turns":5},{"damage":0,"enemies":"Lots of Slimes","floor":13,"turns":3},{"damage":0,"enemies":"downfall:FleeingMerchant","floor":14,"turns":4},{"damage":0,"enemies":"Exordium Wildlife","floor":15,"turns":3},{"damage":18,"enemies":"downfall:Defect","floor":16,"turns":11},{"damage":0,"enemies":"Chosen","floor":19,"turns":2}],"seed_played":"5197240897058164004","potions_obtained":[{"floor":5,"key":"BlessingOfTheForge"},{"floor":8,"key":"Elixir"},{"floor":13,"key":"Guardian:DefensiveModePotion"},{"floor":15,"key":"Adrenaline Potion"}],"is_trial":false,"path_per_floor":["R","M","M","?","M","E","T","M","M","M","E","R","M","$","M","B",null,"R","M"],"character_chosen":"GUARDIAN","items_purchased":["Replay:Bottled Eggs"],"campfire_rested":0,"item_purchase_floors":[14],"current_hp_per_floor":[88,88,88,88,88,68,68,68,66,65,47,47,47,47,47,29,88,88,88,88,88],"gold":120,"neow_bonus":"TEN_PERCENT_HP_BONUS","is_daily":false,"chose_seed":false,"campfire_upgraded":3,"win_rate":0.0,"timestamp":1610197914,"path_taken":["R","M","M","?","M","E","T","M","M","M","E","R","M","$","M","BOSS","R","M"],"items_purchased_type":["Relic"],"build_version":"2020-12-22","purchased_purges":0,"victory":false,"max_hp_per_floor":[88,88,88,88,88,88,88,88,88,88,88,88,88,88,88,88,88,88,88,88,88],"card_choices":[{"not_picked":["Guardian:Gem_Cyan","Guardian:Incinerate"],"picked":"Guardian:SentryBeam","floor":2},{"not_picked":["Guardian:Gem_Cyan","Guardian:Reroute"],"picked":"Guardian:Gem_Crimson","floor":3},{"not_picked":["Guardian:PrimingBeam","Guardian:Reroute"],"picked":"Guardian:DecasProtection","floor":5},{"not_picked":["Guardian:SpikerProtocol","Guardian:TimeCapacitor"],"picked":"Guardian:Gem_Cyan","floor":6},{"not_picked":["Guardian:EvasiveProtocol","Guardian:Recover"],"picked":"Guardian:PiercingHide","floor":8},{"not_picked":["Guardian:CrystalBeam","Guardian:Gem_Green"],"picked":"Guardian:BronzeOrb","floor":9},{"not_picked":["Guardian:Reroute","Guardian:ChargeCore"],"picked":"Guardian:Gem_White","floor":10},{"not_picked":["Guardian:DonusPower","Guardian:CrystalBeam"],"picked":"Guardian:TemporalShield","floor":11},{"not_picked":["Guardian:Incinerate","Guardian:TimeCapacitor"],"picked":"Guardian:Gem_Red","floor":13},{"not_picked":["Guardian:Preprogram","Guardian:AncientConstruct","Guardian:VentSteam"],"picked":"SKIP","floor":14},{"not_picked":["Guardian:Suspension","Guardian:Gem_Red"],"picked":"Guardian:RollAttack","floor":15},{"not_picked":["Guardian:TimeSifter","Guardian:StasisField"],"picked":"Guardian:Gem_Orange","floor":16}],"player_experience":1063724,"relics_obtained":[{"floor":6,"key":"Replay:Kaleidoscope"},{"floor":7,"key":"Prayer Beads"},{"floor":11,"key":"Iron Hammer"}],"event_choices":[],"is_beta":false,"boss_relics":[{"not_picked":["Cursed Key","vexMod:NewClearReactor"],"picked":"downfall:Hecktoplasm"}],"items_purged_floors":[],"is_endless":false,"potions_floor_spawned":[5,8,13,15],"killed_by":"Chosen","ascension_level":0}}