{"host":"c7y19xegjhmhlks5","time":1610225349,"event":{"mods":["AchievementEnabler","BaseMod","Better Note","Block Reminder","Colored Map","Downfall","Highlight Path","Infinite Spire","Minty Spire (QoL Compilation)","Replay The Spire","StSLib","everything is the same but u backflip on backflip"],"gold_per_floor":[99,117,117,136,166,176,257,277,294,321,246,261,274,312,333,464,464,389,427,427,462,480,559,559,484,516,540,561,578,578,578,598,755,755,755,268,288,308,330,330,330,243,270,270,304,304,304,304,324,362,362,430,15,15,121],"floor_reached":56,"playtime":12610,"items_purged":["ReplayTheSpireMod:Splinters"],"score":1219,"play_id":"24c25a0e-d689-4ee8-8e69-8e88a274a0d7","local_time":"20210109154909","is_ascension_mode":false,"campfire_choices":[{"floor":1.0,"key":"RECALL"},{"floor":11.0,"key":"REST"},{"data":"champ:Taunt","floor":18,"key":"SMITH"},{"data":"champ:Devastate","floor":25,"key":"SMITH"},{"floor":30,"key":"REST"},{"data":"champ:VampiricStrike","floor":35,"key":"SMITH"},{"data":"infinitespire:Oblivion","floor":40,"key":"SMITH"},{"data":"champ:CrookedStrike","floor":44,"key":"SMITH"},{"data":"champ:Lariat","floor":47,"key":"SMITH"},{"data":"champ:CheapShot","floor":54,"key":"SMITH"}],"circlet_count":0,"master_deck":["champ:Strike","champ:Strike","champ:Strike","champ:Strike","champ:Defend","champ:Defend","champ:Defend","champ:Execute","champ:Taunt+1","champ:GladiatorStyle","infinitespire:Oblivion+1","champ:SkillfulDodge","champ:Riposte","champ:Backstep","champ:CrownThrow","champ:Lariat+1","champ:EnragedBash","champ:AdrenalArmor","champ:FocusedBerserking","champ:StanceDance","champ:Devastate+1","champ:GladiatorsShout","champ:RisingSlash","champ:AdrenalArmor+1","champ:Shatter","champ:CrookedStrike+1","champ:CalledShot+1","champ:BringItOn","champ:CheapShot","champ:RisingSlash+1","champ:VampiricStrike+1","champ:FanOfKnives+1","champ:IronFortress","champ:StanceDance","Panache","champ:FaceSlap+1","champ:GutPunch+1","champ:FanOfKnives+1","champ:CheapShot+1","champ:ArenaPreparation","champ:StrikeOfGenius","champ:BladeFlurry+1","champ:Haymaker","champ:Shatter+1","champ:IronFortress+1","champ:ShieldThrow+1","infinitespire:Oblivion+1","Sadistic Nature"],"relics":["champ:ChampionCrown","TungstenRod","infinitespire:EmpoweringShard","infinitespire:Midas Blood","Blood Vial","downfall:HeartBlessingRed","Replay:Ringing Soul","Philosopher\u0027s Stone","downfall:HeartBlessingGreen","Oddly Smooth Stone","downfall:HeartBlessingBlue","Runic Pyramid","Replay:Baseball","Calipers","infinitespire:BottledMercury","Replay:Bandana","DollysMirror"],"acts_visited":["Exordium","TheCity","TheBeyond","TheEnding"],"potions_floor_usage":[26,29,42,50,52,55],"damage_taken":[{"damage":14.0,"enemies":"Jaw Worm","floor":2.0,"turns":4.0},{"damage":5.0,"enemies":"Small Slimes","floor":4.0,"turns":4.0},{"damage":4.0,"enemies":"Cultist","floor":6.0,"turns":3.0},{"damage":6.0,"enemies":"Large Slime","floor":8.0,"turns":6.0},{"damage":7.0,"enemies":"2 Fungi Beasts","floor":9.0,"turns":3.0},{"damage":8.0,"enemies":"3 Sentries","floor":10.0,"turns":6.0},{"damage":0.0,"enemies":"Red Slaver","floor":12.0,"turns":2.0},{"damage":0.0,"enemies":"Exordium Wildlife","floor":13.0,"turns":3.0},{"damage":9.0,"enemies":"Replay:BlueRogue","floor":14.0,"turns":6.0},{"damage":5.0,"enemies":"Gremlin Gang","floor":15.0,"turns":3.0},{"damage":56.0,"enemies":"downfall:Ironclad","floor":16.0,"turns":12.0},{"damage":30,"enemies":"Shell Parasite","floor":19,"turns":5},{"damage":32,"enemies":"Centurion and Healer","floor":21,"turns":8},{"damage":14,"enemies":"Snecko","floor":22,"turns":4},{"damage":34,"enemies":"Cultist and Chosen","floor":26,"turns":7},{"damage":8,"enemies":"Shelled Parasite and Fungi","floor":27,"turns":5},{"damage":23,"enemies":"Sentry and Sphere","floor":28,"turns":5},{"damage":0,"enemies":"Snecko","floor":29,"turns":4},{"damage":1,"enemies":"Snake Plant","floor":32,"turns":2},{"damage":78,"enemies":"downfall:Watcher","floor":33,"turns":14},{"damage":16,"enemies":"downfall:FleeingMerchant","floor":36,"turns":5},{"damage":8,"enemies":"Orb Walker","floor":37,"turns":4},{"damage":16,"enemies":"3 Shapes","floor":38,"turns":3},{"damage":13,"enemies":"3 Darklings","floor":39,"turns":6},{"damage":15,"enemies":"downfall:FleeingMerchant","floor":42,"turns":4},{"damage":11,"enemies":"Maw","floor":43,"turns":7},{"damage":21,"enemies":"Jaw Worm Horde","floor":45,"turns":5},{"damage":11,"enemies":"Spire Growth","floor":49,"turns":3},{"damage":74,"enemies":"downfall:Defect","floor":50,"turns":6},{"damage":73,"enemies":"downfall:CharBossMerchant","floor":52,"turns":8},{"damage":101,"enemies":"downfall:NeowBoss","floor":55,"turns":20}],"seed_played":"9068805997504771908","potions_obtained":[{"floor":6.0,"key":"Fruit Juice"},{"floor":8.0,"key":"LifebloodPotion"},{"floor":9.0,"key":"ColorlessPotion"},{"floor":13.0,"key":"Elixir"},{"floor":14.0,"key":"hexamod:EctoCoolerPotion"},{"floor":22,"key":"Venom Potion"},{"floor":23,"key":"DuplicationPotion"},{"floor":27,"key":"Toxic Potion"},{"floor":28,"key":"LifebloodPotion"},{"floor":33,"key":"Elixir"},{"floor":39,"key":"Adrenaline Potion"},{"floor":43,"key":"Strength Potion"},{"floor":52,"key":"Swift Potion"}],"is_trial":false,"path_per_floor":["R","M","?","M","?","M","T","M","M","E","R","M","M","E","M","B",null,"R","M","?","M","M","?","T","R","M","M","M","M","R","?","M","B",null,"R","$","M","M","M","R","T","$","M","R","M","?","R","?","M","B",null,"E","$","R","B",null],"character_chosen":"THE_CHAMP","items_purchased":["Replay:Baseball","champ:IronFortress","champ:StanceDance","Panache","champ:ArenaPreparation","infinitespire:BottledMercury","champ:StrikeOfGenius","champ:ShieldThrow+1","DollysMirror","Sadistic Nature"],"campfire_rested":2,"item_purchase_floors":[36,36,36,36,42,42,42,53,53,53],"current_hp_per_floor":[81,77,59,59,59,65,65,67,60,52,77,79,81,86,92,56,95,95,86,86,75,73,76,76,86,68,78,67,72,110,110,114,89,135,135,135,141,144,146,146,146,150,153,153,151,151,151,151,150,125,159,162,165,165,165],"gold":121,"neow_bonus":"ONE_RARE_RELIC","is_daily":false,"chose_seed":false,"campfire_upgraded":7,"win_rate":0.0,"timestamp":1610225349,"path_taken":["R","M","?","M","?","M","T","M","M","E","R","M","M","E","M","BOSS","R","M","?","M","M","?","T","R","M","M","M","?","R","?","M","BOSS","R","$","M","M","?","R","T","$","M","R","M","?","R","?","M","BOSS","E","$","R","BOSS"],"items_purchased_type":["Relic","Card","Card","Card","Card","Relic","Card","Card","Relic","Card"],"build_version":"2020-12-22","purchased_purges":1,"victory":true,"max_hp_per_floor":[81,81,81,81,81,86,86,86,86,86,86,86,86,89,92,95,95,95,98,98,101,104,107,107,117,120,123,126,129,129,129,132,135,135,135,138,141,144,147,147,147,150,153,153,156,156,156,156,159,159,159,162,165,165,165],"card_choices":[{"not_picked":["champ:Riposte","champ:BerserkersShout"],"picked":"champ:GladiatorStyle","floor":2.0},{"not_picked":["infinitespire:FutureSight","infinitespire:TheBestDefense"],"picked":"infinitespire:Oblivion","floor":3.0},{"not_picked":["champ:FalseCounter","champ:DeathBlow"],"picked":"champ:SkillfulDodge","floor":4.0},{"not_picked":["champ:FanOfKnives","champ:IronFortress"],"picked":"champ:Riposte","floor":6.0},{"not_picked":["champ:ViciousMockery","champ:PerfectedStrike"],"picked":"champ:Backstep","floor":8.0},{"not_picked":["champ:FanOfKnives","champ:TornadoPunch"],"picked":"champ:CrownThrow","floor":9.0},{"not_picked":["champ:RisingSlash","champ:PreciseThrust"],"picked":"champ:Lariat","floor":10.0},{"not_picked":["champ:DefensiveStyle","champ:DefensiveShout"],"picked":"champ:EnragedBash","floor":12.0},{"not_picked":["champ:PerfectedStrike","champ:FanOfKnives"],"picked":"champ:AdrenalArmor","floor":13.0},{"not_picked":["champ:Haymaker","champ:FlashCut"],"picked":"champ:FocusedBerserking","floor":14.0},{"not_picked":["champ:RapidStrikes","champ:PerfectedStrike"],"picked":"champ:StanceDance","floor":15.0},{"not_picked":["champ:SteelEdge","champ:CrownThrow"],"picked":"champ:Devastate","floor":16.0},{"not_picked":["champ:StanceDance","champ:DefensiveStyle"],"picked":"champ:GladiatorsShout","floor":19},{"not_picked":["champ:Haymaker","champ:Circumvent"],"picked":"champ:RisingSlash","floor":21},{"not_picked":["champ:LastStand","champ:FocusedGladiator"],"picked":"champ:AdrenalArmor+1","floor":22},{"not_picked":["champ:FightOn","champ:Duel+1"],"picked":"champ:Shatter","floor":23},{"not_picked":["champ:GladiatorsShout","champ:Haymaker"],"picked":"champ:CrookedStrike","floor":26},{"not_picked":["champ:Backstep","champ:IronFortress"],"picked":"champ:CalledShot","floor":27},{"not_picked":["champ:StanceDance+1","champ:GladiatorStyle"],"picked":"champ:BringItOn","floor":28},{"not_picked":["champ:AdrenalArmor","champ:CalledShot+1"],"picked":"champ:CheapShot","floor":29},{"not_picked":["champ:CrookedStrike","champ:Lariat"],"picked":"champ:RisingSlash+1","floor":32},{"not_picked":["champ:StrikeOfGenius","champ:ShieldSlam"],"picked":"champ:VampiricStrike","floor":33},{"not_picked":["champ:AdrenalArmor","champ:ViciousMockery"],"picked":"champ:FanOfKnives+1","floor":36},{"not_picked":["champ:FlashCut","champ:BladeFlurry"],"picked":"champ:FaceSlap+1","floor":37},{"not_picked":["champ:GladiatorStyle","champ:Shatter+1"],"picked":"champ:GutPunch+1","floor":38},{"not_picked":["champ:CalledShot","champ:IronFortress"],"picked":"champ:FanOfKnives+1","floor":39},{"not_picked":["champ:AdrenalArmor","champ:HeavySlash"],"picked":"champ:CheapShot","floor":42},{"not_picked":["champ:Encircle","champ:Circumvent"],"picked":"champ:BladeFlurry+1","floor":43},{"not_picked":["champ:BladeFlurry+1","champ:AdrenalArmor"],"picked":"champ:Haymaker","floor":45},{"not_picked":["champ:AdrenalArmor","champ:BringItOn"],"picked":"champ:Shatter+1","floor":49},{"not_picked":["champ:TornadoPunch","champ:SkillfulDodge+1"],"picked":"champ:IronFortress+1","floor":52}],"player_experience":585919,"relics_obtained":[{"floor":7.0,"key":"infinitespire:Midas Blood"},{"floor":10.0,"key":"Blood Vial"},{"floor":14.0,"key":"Replay:Ringing Soul"},{"floor":23,"key":"Oddly Smooth Stone"},{"floor":41,"key":"Calipers"},{"floor":52,"key":"Replay:Bandana"}],"event_choices":[{"damage_healed":0,"gold_gain":0,"player_choice":"Ignored","damage_taken":0,"max_hp_gain":0,"max_hp_loss":0,"event_name":"betterNote:BetterNote","floor":20,"gold_loss":0,"cards_obtained":["Slimebound:Defend_Slimebound"]},{"damage_healed":0,"gold_gain":0,"player_choice":"Forge","damage_taken":0,"max_hp_gain":0,"max_hp_loss":0,"event_name":"Accursed Blacksmith","floor":31,"gold_loss":0,"cards_upgraded":["champ:CalledShot"]},{"cards_removed":["champ:Defend"],"damage_healed":0,"gold_gain":0,"player_choice":"Removed Skill","damage_taken":0,"max_hp_gain":0,"max_hp_loss":0,"event_name":"Falling","floor":46,"gold_loss":0}],"is_beta":false,"boss_relics":[{"not_picked":["downfall:Hecktoplasm","Replay:Wanted Poster"],"picked":"Philosopher\u0027s Stone"},{"not_picked":["Abe\u0027s Treasure","ReplayTheSpireMod:SealedPack"],"picked":"Runic Pyramid"}],"items_purged_floors":[36],"is_endless":false,"potions_floor_spawned":[6,8,9,13,14,22,27,28,33,39,43,45,49,52],"ascension_level":0}}