{"host":"981nlwu0905dw1bz","time":1610220663,"event":{"mods":["AchievementEnabler","BaseMod","DeckTracker","Minty Spire (QoL Compilation)","Rare Cards Sparkle","SuperFastMode"],"gold_per_floor":[113,113,113,113,123,151,151,164,164,23,49,49,62,78,78,182,182,195,155,171,188,188,222,222,249,274,274,291,291,41,60,60,165,165,179,179,179],"floor_reached":36,"playtime":856,"items_purged":[],"score":601,"play_id":"78cc0246-c226-4e41-9303-3fce99139d9f","local_time":"20210110043103","is_ascension_mode":true,"campfire_choices":[{"data":"Heavy Blade","floor":7.0,"key":"SMITH"},{"data":"Armaments","floor":15.0,"key":"SMITH"},{"floor":24.0,"key":"REST"},{"floor":27.0,"key":"REST"},{"data":"Twin Strike","floor":32.0,"key":"SMITH"}],"circlet_count":0,"master_deck":["Strike_R","Strike_R","Strike_R","Strike_R","Defend_R","Defend_R","Defend_R","Defend_R","Bash","Spot Weakness","Heavy Blade+1","Dropkick","Twin Strike+1","Limit Break+1","Carnage+1","Armaments+1","Flex","Demon Form+1","Inflame+1","Thunderclap","Disarm+1","Shrug It Off","Dropkick","Feed"],"relics":["Black Blood","NeowsBlessing","Pear","Anchor","Art of War","White Beast Statue","Potion Belt","Happy Flower","Toxic Egg 2","SacredBark"],"acts_visited":["Exordium","TheCity","TheBeyond"],"potions_floor_usage":[35,36],"damage_taken":[{"damage":0.0,"enemies":"Cultist","floor":1.0,"turns":1.0},{"damage":0.0,"enemies":"2 Louse","floor":5.0,"turns":1.0},{"damage":0.0,"enemies":"Lagavulin","floor":6.0,"turns":1.0},{"damage":14.0,"enemies":"Jaw Worm","floor":8.0,"turns":3.0},{"damage":8.0,"enemies":"Gremlin Nob","floor":11.0,"turns":3.0},{"damage":12.0,"enemies":"Looter","floor":13.0,"turns":3.0},{"damage":15.0,"enemies":"Gremlin Gang","floor":14.0,"turns":4.0},{"damage":38.0,"enemies":"Slime Boss","floor":16.0,"turns":4.0},{"damage":2.0,"enemies":"Chosen","floor":18.0,"turns":3.0},{"damage":23.0,"enemies":"2 Thieves","floor":20.0,"turns":3.0},{"damage":16.0,"enemies":"Centurion and Healer","floor":21.0,"turns":4.0},{"damage":44.0,"enemies":"Slavers","floor":23.0,"turns":5.0},{"damage":25.0,"enemies":"Book of Stabbing","floor":25.0,"turns":3.0},{"damage":33.0,"enemies":"Snake Plant","floor":28.0,"turns":3.0},{"damage":2.0,"enemies":"Chosen and Byrds","floor":31.0,"turns":5.0},{"damage":28.0,"enemies":"Collector","floor":33.0,"turns":6.0},{"damage":79,"enemies":"3 Darklings","floor":35,"turns":8},{"damage":30,"enemies":"3 Shapes","floor":36,"turns":2}],"seed_played":"-4282378789811002341","potions_obtained":[{"floor":1.0,"key":"Block Potion"},{"floor":8.0,"key":"SteroidPotion"},{"floor":16.0,"key":"Dexterity Potion"},{"floor":21.0,"key":"GamblersBrew"},{"floor":23.0,"key":"Strength Potion"},{"floor":25.0,"key":"Explosive Potion"},{"floor":28.0,"key":"BloodPotion"},{"floor":31.0,"key":"Fire Potion"},{"floor":33.0,"key":"LiquidMemories"},{"floor":35,"key":"AttackPotion"}],"is_trial":false,"path_per_floor":["M","?","$","?","M","E","R","M","T","$","E","?","M","M","R","B",null,"M","?","M","M","$","E","R","E","T","R","M","?","$","M","R","B",null,"M","M"],"character_chosen":"IRONCLAD","items_purchased":["Limit Break","Toxic Egg 2"],"campfire_rested":2,"item_purchase_floors":[10,30],"current_hp_per_floor":[78,78,78,78,80,90,90,82,82,82,80,80,74,65,65,33,76,86,86,75,71,71,39,66,53,53,80,59,59,59,69,69,53,81,38,8,8],"gold":179,"neow_bonus":"THREE_ENEMY_KILL","is_daily":false,"chose_seed":false,"campfire_upgraded":3,"win_rate":0.0,"timestamp":1610220663,"path_taken":["M","?","?","?","M","E","R","M","T","$","E","?","M","?","R","BOSS","M","?","M","?","$","E","R","E","T","R","?","?","$","M","R","BOSS","M","M"],"items_purchased_type":["Card","Relic"],"build_version":"2020-12-22","purchased_purges":0,"victory":false,"max_hp_per_floor":[80,80,80,80,80,90,90,90,90,90,90,90,90,90,90,90,90,90,90,90,90,90,90,90,90,90,90,90,90,90,90,90,90,90,90,90,90],"card_choices":[{"not_picked":["Whirlwind","Sentinel"],"picked":"Spot Weakness","floor":1.0},{"not_picked":["Shrug It Off","True Grit"],"picked":"Heavy Blade","floor":5.0},{"not_picked":["Havoc","Shrug It Off"],"picked":"Dropkick","floor":6.0},{"not_picked":["Havoc","Perfected Strike"],"picked":"Twin Strike","floor":8.0},{"not_picked":["Pommel Strike","Infernal Blade"],"picked":"Carnage","floor":11.0},{"not_picked":["Clash","Shrug It Off"],"picked":"Armaments","floor":13.0},{"not_picked":["Sentinel","Bloodletting"],"picked":"Flex","floor":14.0},{"not_picked":["Exhume","Barricade"],"picked":"Demon Form","floor":16.0},{"not_picked":["Shrug It Off+1","Flex"],"picked":"Inflame","floor":18.0},{"not_picked":["Sentinel+1","Dual Wield","Perfected Strike"],"picked":"SKIP","floor":20.0},{"not_picked":["Iron Wave","Blood for Blood"],"picked":"Thunderclap","floor":21.0},{"not_picked":["Searing Blow","Warcry","Bloodletting"],"picked":"SKIP","floor":23.0},{"not_picked":["Havoc","Hemokinesis"],"picked":"Disarm+1","floor":25.0},{"not_picked":["Hemokinesis","Sword Boomerang"],"picked":"Shrug It Off","floor":28.0},{"not_picked":["Sever Soul","True Grit+1"],"picked":"Dropkick","floor":31.0},{"not_picked":["Berserk","Brutality"],"picked":"Feed","floor":33.0},{"not_picked":["Spot Weakness+1","Headbutt","Second Wind+1"],"picked":"SKIP","floor":35}],"player_experience":537747,"relics_obtained":[{"floor":6.0,"key":"Pear"},{"floor":9.0,"key":"Anchor"},{"floor":11.0,"key":"Art of War"},{"floor":23.0,"key":"White Beast Statue"},{"floor":25.0,"key":"Potion Belt"},{"floor":26.0,"key":"Happy Flower"}],"event_choices":[{"cards_removed":["Strike_R"],"damage_healed":0.0,"max_hp_gain":0.0,"max_hp_loss":0.0,"gold_gain":0.0,"event_name":"Purifier","player_choice":"Purged","floor":2.0,"gold_loss":0.0,"damage_taken":0.0},{"damage_healed":0.0,"max_hp_gain":0.0,"max_hp_loss":0.0,"gold_gain":0.0,"event_name":"Golden Wing","player_choice":"Ignored","floor":4.0,"gold_loss":0.0,"damage_taken":0.0},{"damage_healed":0.0,"max_hp_gain":0.0,"max_hp_loss":0.0,"gold_gain":0.0,"event_name":"Living Wall","player_choice":"Grow","floor":12.0,"gold_loss":0.0,"damage_taken":0.0,"cards_upgraded":["Limit Break"]},{"damage_healed":0.0,"max_hp_gain":0.0,"max_hp_loss":0.0,"gold_gain":0.0,"event_name":"Designer","player_choice":"Upgraded Two","floor":19.0,"gold_loss":40.0,"damage_taken":0.0,"cards_upgraded":["Inflame","Carnage"]},{"damage_healed":0.0,"max_hp_gain":0.0,"max_hp_loss":0.0,"gold_gain":0.0,"event_name":"Upgrade Shrine","player_choice":"Upgraded","floor":29.0,"gold_loss":0.0,"damage_taken":0.0,"cards_upgraded":["Demon Form"]}],"is_beta":false,"boss_relics":[{"not_picked":["Snecko Eye","Pandora\u0027s Box"],"picked":"Black Blood"},{"not_picked":["Runic Dome","Calling Bell"],"picked":"SacredBark"}],"items_purged_floors":[],"is_endless":false,"potions_floor_spawned":[1,8,16,21,23,25,28,31,33,35],"killed_by":"3 Shapes","ascension_level":6}}