{"host":"y3h3n3f7seyagppx","time":1610217723,"event":{"mods":["AlwaysNeverKeys","BaseMod","Better Vampires","Colored Powertips","DeckTracker","Emptier Cage","Minty Spire (QoL Compilation)","Permanent Neow","Quick Restart","Rare Cards Sparkle","Relic Sorter","Relic Stats","StSLib","Transform Curses"],"gold_per_floor":[113,133,149,199,159,159,187,187,260,273,289,214,228,259,259,332,332,305,43,43,43,56,56,87,87,167,196,206,46,78,101,113,196,208,231,297,328,340,362,401,413,450,462,509,534,546,569,615,627,639,651,663,675,19,47,47],"floor_reached":57,"playtime":7194,"items_purged":[],"score":3180,"play_id":"cf0dbc91-1ddc-4ed7-ae0e-10d4f7cd2af7","local_time":"20210109134203","is_ascension_mode":true,"campfire_choices":[{"data":"Bash","floor":6.0,"key":"SMITH"},{"floor":8.0,"key":"REST"},{"data":"Armaments","floor":15.0,"key":"SMITH"},{"floor":23.0,"key":"REST"},{"floor":25.0,"key":"REST"},{"floor":32.0,"key":"REST"},{"data":"Body Slam","floor":41.0,"key":"SMITH"},{"data":"Impervious","floor":46.0,"key":"SMITH"},{"data":"Impervious","floor":49.0,"key":"SMITH"},{"data":"Power Through","floor":53.0,"key":"SMITH"}],"circlet_count":0,"master_deck":["AscendersBane","Strike_R","Strike_R","Strike_R","Defend_R","Defend_R","Defend_R","Bash+1","Spot Weakness","Evolve","Power Through","Cleave","Armaments+1","Pommel Strike","Impervious+1","Dark Shackles","Necronomicurse","Power Through+1","Body Slam+1","Clothesline","Feed","Impervious+1","Offering","Battle Trance","Reaper","CurseOfTheBell","Uppercut+1","Exhume","Whirlwind+1","Limit Break","Reaper","Heavy Blade+1","Warcry+1","Power Through","Master of Strategy","Fiend Fire"],"relics":["Burning Blood","Ancient Tea Set","Thread and Needle","Shuriken","TungstenRod","SlaversCollar","Vajra","Necronomicon","Unceasing Top","Frozen Egg 2","Pen Nib","Brimstone","MawBank","Calling Bell","Juzu Bracelet","Blue Candle","Charon\u0027s Ashes","StoneCalendar","MealTicket","Centennial Puzzle","Sundial","Boot","Omamori","Orrery","Kunai","Du-Vu Doll"],"acts_visited":["Exordium","TheCity","TheBeyond","TheEnding"],"potions_floor_usage":[56,56],"damage_taken":[{"damage":7.0,"enemies":"Cultist","floor":1.0,"turns":4.0},{"damage":6.0,"enemies":"Jaw Worm","floor":2.0,"turns":5.0},{"damage":8.0,"enemies":"Small Slimes","floor":3.0,"turns":4.0},{"damage":1.0,"enemies":"Looter","floor":5.0,"turns":4.0},{"damage":67.0,"enemies":"Gremlin Nob","floor":7.0,"turns":5.0},{"damage":0.0,"enemies":"Exordium Wildlife","floor":10.0,"turns":4.0},{"damage":0.0,"enemies":"Red Slaver","floor":11.0,"turns":6.0},{"damage":2.0,"enemies":"2 Fungi Beasts","floor":13.0,"turns":4.0},{"damage":11.0,"enemies":"Lagavulin","floor":14.0,"turns":8.0},{"damage":28.0,"enemies":"Slime Boss","floor":16.0,"turns":8.0},{"damage":4.0,"enemies":"2 Thieves","floor":18.0,"turns":5.0},{"damage":16.0,"enemies":"3 Byrds","floor":22.0,"turns":9.0},{"damage":51.0,"enemies":"Gremlin Leader","floor":24.0,"turns":9.0},{"damage":4.0,"enemies":"Slavers","floor":27.0,"turns":5.0},{"damage":3.0,"enemies":"Centurion and Healer","floor":28.0,"turns":6.0},{"damage":27.0,"enemies":"Gremlin Leader","floor":30.0,"turns":4.0},{"damage":5.0,"enemies":"Snake Plant","floor":31.0,"turns":4.0},{"damage":7.0,"enemies":"Champ","floor":33.0,"turns":5.0},{"damage":5.0,"enemies":"3 Darklings","floor":35.0,"turns":4.0},{"damage":5.0,"enemies":"2 Orb Walkers","floor":36.0,"turns":3.0},{"damage":7.0,"enemies":"Orb Walker","floor":37.0,"turns":2.0},{"damage":0.0,"enemies":"Transient","floor":39.0,"turns":1.0},{"damage":10.0,"enemies":"Giant Head","floor":40.0,"turns":4.0},{"damage":36.0,"enemies":"Reptomancer","floor":42.0,"turns":5.0},{"damage":5.0,"enemies":"Giant Head","floor":44.0,"turns":4.0},{"damage":13.0,"enemies":"Writhing Mass","floor":45.0,"turns":3.0},{"damage":5.0,"enemies":"Spire Growth","floor":47.0,"turns":3.0},{"damage":10.0,"enemies":"Reptomancer","floor":48.0,"turns":2.0},{"damage":32.0,"enemies":"Time Eater","floor":50.0,"turns":8.0},{"damage":25.0,"enemies":"Donu and Deca","floor":51.0,"turns":3.0},{"damage":5.0,"enemies":"Shield and Spear","floor":55.0,"turns":3.0},{"damage":75,"enemies":"The Heart","floor":56,"turns":5}],"seed_played":"7250254951593084834","potions_obtained":[{"floor":1.0,"key":"Fruit Juice"},{"floor":3.0,"key":"SmokeBomb"},{"floor":7.0,"key":"SpeedPotion"},{"floor":13.0,"key":"HeartOfIron"},{"floor":14.0,"key":"DistilledChaos"},{"floor":24.0,"key":"Strength Potion"},{"floor":27.0,"key":"LiquidBronze"},{"floor":31.0,"key":"LiquidMemories"},{"floor":33.0,"key":"Energy Potion"},{"floor":35.0,"key":"DuplicationPotion"},{"floor":39.0,"key":"PowerPotion"},{"floor":48.0,"key":"FearPotion"},{"floor":55.0,"key":"PowerPotion"}],"is_trial":false,"path_per_floor":["M","M","M","T","M","R","E","R","T","M","M","?","M","E","R","B",null,"M","$","?","?","M","R","E","R","T","E","M","$","E","M","R","B",null,"M","?","M","?","M","E","R","E","T","E","M","R","M","E","R","B","B",null,"R","$","E","B",null],"character_chosen":"IRONCLAD","items_purchased":["Vajra","Dark Shackles","Brimstone","Orrery","Master of Strategy","Kunai"],"campfire_rested":4,"item_purchase_floors":[19,19,29,54,54,54],"current_hp_per_floor":[67,67,65,65,68,68,7,33,33,39,45,45,49,44,44,22,60,62,62,45,45,35,56,11,32,32,34,37,37,16,17,38,37,64,76,80,80,80,80,80,80,80,80,80,73,73,74,70,70,83,64,78,78,83,83,18],"gold":47,"neow_bonus":"REMOVE_TWO","is_daily":false,"chose_seed":false,"campfire_upgraded":6,"win_rate":0.0,"timestamp":1610217723,"path_taken":["M","M","M","?","M","R","E","R","T","M","M","?","M","E","R","BOSS","M","$","?","?","M","R","E","R","T","E","M","?","E","M","R","BOSS","M","?","M","?","M","E","R","E","T","E","M","R","M","E","R","BOSS","BOSS","R","$","E","BOSS"],"items_purchased_type":["Relic","Card","Relic","Relic","Card","Relic"],"build_version":"2020-12-22","purchased_purges":0,"victory":true,"max_hp_per_floor":[68,68,68,68,68,68,68,73,73,73,73,73,73,73,73,73,73,73,73,73,73,73,73,73,73,73,73,73,73,73,73,73,73,73,76,80,80,80,80,80,80,80,80,80,80,80,80,80,80,83,83,83,83,83,83,83],"relic_stats":{"counters":[32,149],"Blue Candle":[380],"StoneCalendar":[52],"Pen Nib":[15],"Charon\u0027s Ashes":[1437],"Juzu Bracelet":0,"MawBank":288,"Boot":[6],"Burning Blood":157,"Centennial Puzzle":[24],"Shuriken":[38],"Sundial":[0],"MealTicket":5,"Necronomicon":[49],"Kunai":[2],"obtain_stats":[{"Vajra":19,"StoneCalendar":36,"Juzu Bracelet":34,"Ancient Tea Set":4,"Boot":44,"Burning Blood":0,"Centennial Puzzle":42,"Sundial":43,"MealTicket":40,"Necronomicon":20,"Kunai":54,"Blue Candle":34,"Thread and Needle":7,"Pen Nib":27,"Charon\u0027s Ashes":34,"Omamori":48,"Frozen Egg 2":26,"MawBank":30,"Calling Bell":34,"Du-Vu Doll":55,"SlaversCollar":17,"Shuriken":9,"Brimstone":29,"Orrery":54,"TungstenRod":14,"Unceasing Top":24},{"Vajra":11,"StoneCalendar":20,"Juzu Bracelet":18,"Ancient Tea Set":3,"Boot":25,"Burning Blood":0,"Centennial Puzzle":24,"Sundial":24,"MealTicket":23,"Necronomicon":11,"Kunai":30,"Blue Candle":18,"Thread and Needle":5,"Pen Nib":14,"Charon\u0027s Ashes":18,"Omamori":28,"Frozen Egg 2":13,"MawBank":16,"Calling Bell":18,"Du-Vu Doll":31,"SlaversCollar":10,"Shuriken":5,"Brimstone":15,"Orrery":30,"TungstenRod":9,"Unceasing Top":13},{"Vajra":57,"StoneCalendar":106,"Juzu Bracelet":99,"Ancient Tea Set":13,"Boot":122,"Burning Blood":0,"Centennial Puzzle":118,"Sundial":118,"MealTicket":113,"Necronomicon":57,"Kunai":141,"Blue Candle":99,"Thread and Needle":22,"Pen Nib":80,"Charon\u0027s Ashes":99,"Omamori":130,"Frozen Egg 2":75,"MawBank":90,"Calling Bell":99,"Du-Vu Doll":144,"SlaversCollar":52,"Shuriken":22,"Brimstone":86,"Orrery":141,"TungstenRod":44,"Unceasing Top":75}],"TungstenRod":464,"Unceasing Top":[1]},"card_choices":[{"not_picked":["Shockwave","Combust"],"picked":"Spot Weakness","floor":1.0},{"not_picked":["Dual Wield","Power Through"],"picked":"Evolve","floor":2.0},{"not_picked":["Shrug It Off","Flame Barrier"],"picked":"Power Through","floor":3.0},{"not_picked":["Headbutt","Pummel"],"picked":"Cleave","floor":5.0},{"not_picked":["Ghostly Armor","True Grit"],"picked":"Armaments","floor":7.0},{"not_picked":["Hemokinesis","Flex"],"picked":"Pommel Strike","floor":10.0},{"not_picked":["Flex","Inflame","Entrench"],"picked":"SKIP","floor":11.0},{"not_picked":["Intimidate","Searing Blow","Seeing Red"],"picked":"SKIP","floor":13.0},{"not_picked":["Intimidate","Searing Blow","Seeing Red"],"picked":"SKIP","floor":13.0},{"not_picked":["Berserk","Havoc","Warcry"],"picked":"SKIP","floor":14.0},{"not_picked":["Juggernaut","Double Tap"],"picked":"Impervious","floor":16.0},{"not_picked":["Twin Strike","Havoc","Clash"],"picked":"SKIP","floor":18.0},{"not_picked":["Burning Pact","Sword Boomerang"],"picked":"Body Slam","floor":22.0},{"not_picked":["Clash","Iron Wave"],"picked":"Clothesline","floor":24.0},{"not_picked":["Anger","Cleave"],"picked":"Feed","floor":27.0},{"not_picked":["Evolve+1","True Grit"],"picked":"Impervious","floor":28.0},{"not_picked":["Shrug It Off","Headbutt"],"picked":"Offering","floor":30.0},{"not_picked":["Reckless Charge","Pommel Strike"],"picked":"Battle Trance","floor":31.0},{"not_picked":["Corruption+1","Barricade+1"],"picked":"Reaper","floor":33.0},{"not_picked":["Warcry+1","Wild Strike+1"],"picked":"Uppercut+1","floor":35.0},{"not_picked":["Sever Soul","Wild Strike"],"picked":"Exhume","floor":36.0},{"not_picked":["Anger","Dual Wield"],"picked":"Whirlwind+1","floor":37.0},{"not_picked":["Hemokinesis","Dropkick","Flex+1"],"picked":"SKIP","floor":39.0},{"not_picked":["Hemokinesis+1","Rupture+1","Armaments+1"],"picked":"SKIP","floor":40.0},{"not_picked":["Clash","Clothesline","Iron Wave"],"picked":"SKIP","floor":42.0},{"not_picked":["Havoc","Thunderclap","Perfected Strike"],"picked":"SKIP","floor":44.0},{"not_picked":["Clothesline+1","Clash+1","Inflame+1"],"picked":"SKIP","floor":45.0},{"not_picked":["True Grit","Wild Strike"],"picked":"Limit Break","floor":47.0},{"not_picked":["Whirlwind","Sentinel","Havoc+1"],"picked":"SKIP","floor":48.0},{"not_picked":["Sever Soul","Flex"],"picked":"Reaper","floor":54.0},{"not_picked":["Shrug It Off","Second Wind+1"],"picked":"Heavy Blade+1","floor":54.0},{"not_picked":["Burning Pact","Armaments"],"picked":"Warcry+1","floor":54.0},{"not_picked":["Shrug It Off","Anger"],"picked":"Power Through","floor":54.0},{"not_picked":["Bloodletting+1","Shrug It Off"],"picked":"Fiend Fire","floor":55.0}],"player_experience":20538689,"relics_obtained":[{"floor":4.0,"key":"Ancient Tea Set"},{"floor":7.0,"key":"Thread and Needle"},{"floor":9.0,"key":"Shuriken"},{"floor":14.0,"key":"TungstenRod"},{"floor":20.0,"key":"Necronomicon"},{"floor":24.0,"key":"Unceasing Top"},{"floor":26.0,"key":"Frozen Egg 2"},{"floor":27.0,"key":"Pen Nib"},{"floor":30.0,"key":"MawBank"},{"floor":34.0,"key":"Juzu Bracelet"},{"floor":34.0,"key":"Blue Candle"},{"floor":34.0,"key":"Charon\u0027s Ashes"},{"floor":36.0,"key":"StoneCalendar"},{"floor":40.0,"key":"MealTicket"},{"floor":42.0,"key":"Centennial Puzzle"},{"floor":43.0,"key":"Sundial"},{"floor":44.0,"key":"Boot"},{"floor":48.0,"key":"Omamori"},{"floor":55.0,"key":"Du-Vu Doll"}],"event_choices":[{"damage_healed":0.0,"max_hp_gain":0.0,"max_hp_loss":0.0,"gold_gain":0.0,"event_name":"World of Goop","player_choice":"Left Gold","floor":12.0,"gold_loss":75.0,"damage_taken":0.0},{"damage_healed":0.0,"max_hp_gain":0.0,"max_hp_loss":0.0,"gold_gain":0.0,"event_name":"Cursed Tome","player_choice":"Obtained Book","floor":20.0,"gold_loss":0.0,"damage_taken":21.0},{"damage_healed":0.0,"max_hp_gain":0.0,"max_hp_loss":0.0,"gold_gain":0.0,"event_name":"The Library","player_choice":"Read","floor":21.0,"gold_loss":0.0,"damage_taken":0.0,"cards_obtained":["Power Through"]},{"damage_healed":0.0,"max_hp_gain":0.0,"max_hp_loss":0.0,"gold_gain":0.0,"event_name":"Mysterious Sphere","player_choice":"Fight","floor":36.0,"gold_loss":0.0,"damage_taken":0.0},{"cards_removed":["Defend_R"],"damage_healed":0.0,"max_hp_gain":0.0,"max_hp_loss":0.0,"gold_gain":0.0,"event_name":"Purifier","player_choice":"Purged","floor":38.0,"gold_loss":0.0,"damage_taken":0.0}],"is_beta":false,"boss_relics":[{"not_picked":["Black Blood","Empty Cage"],"picked":"SlaversCollar"},{"not_picked":["Runic Cube","Tiny House"],"picked":"Calling Bell"}],"items_purged_floors":[],"is_endless":false,"potions_floor_spawned":[1,3,7,13,14,24,27,31,33,35,39,40,48,55],"ascension_level":20}}