{"host":"vrsxkkch9ccrec7k","time":1610215430,"event":{"mods":["Act Like it!","BaseMod","Bestiary","Better Third Choice","Better Vampires","Minty Spire (QoL Compilation)","Permanent Neow","Relic Stats","Spicy Shops","StSLib","The Hierophant"],"gold_per_floor":[113,113,132,152,152,165,165,193,242,242,242,242,12,45,45,147,147,132,132,152,171,191,165,165,155,182,169,147,157,55,73,73,140,140,150,161,161,165,175,175,205,205,228,3,3,17,17,30,30,30],"floor_reached":51,"playtime":4224,"items_purged":["hierophant:Punish","hierophant:PassingBell+1"],"score":785,"play_id":"0047e0b8-2f7a-4833-bfe0-8e1282cf127f","local_time":"20210109130350","is_ascension_mode":true,"campfire_choices":[{"data":"hierophant:SealAway","floor":7,"key":"SMITH"},{"data":"hierophant:ChurchCoffers","floor":10,"key":"SMITH"},{"data":"hierophant:PassingBell","floor":12,"key":"SMITH"},{"data":"Master of Strategy","floor":15,"key":"SMITH"},{"data":"hierophant:Chorus","floor":24,"key":"SMITH"},{"data":"hierophant:WrathOfGod","floor":32,"key":"SMITH"},{"floor":40,"key":"RECALL"},{"floor":47,"key":"REST"},{"floor":49,"key":"REST"}],"circlet_count":0,"master_deck":["hierophant:Defend_Hierophant","hierophant:Defend_Hierophant","hierophant:Defend_Hierophant","hierophant:Defend_Hierophant","hierophant:ChurchCoffers+1","hierophant:SealAway+1","hierophant:RepressedViolence+1","Apotheosis+1","Master of Strategy+1","hierophant:Chorus+1","hierophant:WrathOfGod+1","Bite","Bite","Bite","Bite","hierophant:Bribe+1","hierophant:ArchangelShield+1","hierophant:ThreeLashes+1","hierophant:Bribe","hierophant:Community","hierophant:HammerAndAnvil","hierophant:Doubloon+1"],"relics":["hierophant:PropheticMaskRelic","Pen Nib","Mercury Hourglass","MealTicket","Whetstone","Black Star","Ice Cream","Orichalcum","Potion Belt","Singing Bowl","Omamori","Shuriken","Ancient Tea Set","Fusion Hammer","PreservedInsect","Toy Ornithopter","Centennial Puzzle","Vajra"],"acts_visited":["Exordium","TheCity","TheBeyond"],"potions_floor_usage":[8,16,18,23,29,39,41,41,50,50],"damage_taken":[{"damage":0,"enemies":"Small Slimes","floor":1,"turns":4},{"damage":1,"enemies":"Cultist","floor":3,"turns":3},{"damage":0,"enemies":"2 Louse","floor":4,"turns":2},{"damage":4,"enemies":"Blue Slaver","floor":6,"turns":3},{"damage":12,"enemies":"3 Sentries","floor":8,"turns":6},{"damage":28,"enemies":"Gremlin Nob","floor":14,"turns":4},{"damage":20,"enemies":"Hexaghost","floor":16,"turns":8},{"damage":9,"enemies":"3 Byrds","floor":18,"turns":1},{"damage":0,"enemies":"Chosen","floor":20,"turns":4},{"damage":0,"enemies":"Snecko","floor":21,"turns":4},{"damage":8,"enemies":"Centurion and Healer","floor":22,"turns":5},{"damage":15,"enemies":"Slavers","floor":23,"turns":1},{"damage":26,"enemies":"Cultist and Chosen","floor":25,"turns":6},{"damage":6,"enemies":"Book of Stabbing","floor":27,"turns":5},{"damage":3,"enemies":"Snecko","floor":28,"turns":3},{"damage":20,"enemies":"Slavers","floor":29,"turns":1},{"damage":5,"enemies":"Centurion and Healer","floor":31,"turns":7},{"damage":59,"enemies":"Collector","floor":33,"turns":9},{"damage":3,"enemies":"3 Shapes","floor":35,"turns":4},{"damage":23,"enemies":"3 Darklings","floor":36,"turns":7},{"damage":37,"enemies":"4 Shapes","floor":38,"turns":9},{"damage":1,"enemies":"Transient","floor":39,"turns":5},{"damage":83,"enemies":"Nemesis","floor":41,"turns":13},{"damage":13,"enemies":"Sphere and 2 Shapes","floor":46,"turns":6},{"damage":15,"enemies":"Jaw Worm Horde","floor":48,"turns":1},{"damage":40,"enemies":"Donu and Deca","floor":50,"turns":8}],"seed_played":"-9130741993581071386","potions_obtained":[{"floor":3,"key":"CultistPotion"},{"floor":6,"key":"Fruit Juice"},{"floor":8,"key":"Dexterity Potion"},{"floor":16,"key":"Swift Potion"},{"floor":18,"key":"PowerPotion"},{"floor":20,"key":"Energy Potion"},{"floor":27,"key":"Swift Potion"},{"floor":31,"key":"Energy Potion"},{"floor":48,"key":"LiquidMemories"}],"is_trial":false,"path_per_floor":["M","?","M","M","?","M","R","E","T","R","?","R","$","E","R","B",null,"M","?","M","M","M","E","R","M","T","E","M","E","$","M","R","B",null,"M","M","?","M","M","R","E","?","T","$","T","M","R","M","R","B",null],"character_chosen":"HIEROPHANT","items_purchased":["Master of Strategy","Weak Potion","PowerPotion","Swift Potion","hierophant:HammerAndAnvil"],"campfire_rested":2,"item_purchase_floors":[13,13,30,30,44],"current_hp_per_floor":[75,75,74,74,74,70,70,58,58,58,58,58,73,45,45,25,75,71,60,60,60,60,45,45,40,40,54,53,35,50,66,66,29,68,68,63,65,48,70,70,27,27,27,42,42,45,69,54,78,55],"gold":30,"neow_bonus":"RANDOM_COMMON_RELIC","is_daily":false,"chose_seed":false,"campfire_upgraded":6,"win_rate":0.0,"timestamp":1610215430,"path_taken":["M","?","?","M","?","M","R","E","T","R","?","R","?","E","R","BOSS","M","?","M","M","M","E","R","M","T","E","M","E","$","M","R","BOSS","M","M","?","M","M","R","E","?","T","$","?","M","R","M","R","BOSS"],"items_purchased_type":["Card","Potion","Potion","Potion","Card"],"build_version":"2020-12-22","purchased_purges":2,"victory":true,"max_hp_per_floor":[75,75,75,75,75,75,75,75,75,75,75,75,75,75,75,75,75,80,60,60,60,60,60,60,60,60,62,62,64,64,66,66,68,68,68,70,72,74,76,76,78,78,78,78,78,80,80,80,80,80],"relic_stats":{"Singing Bowl":20,"counters":[26,128],"Pen Nib":[25],"PreservedInsect":0,"Whetstone":["hierophant:Strike_Hierophant","hierophant:Strike_Hierophant"],"Orichalcum":[150],"Mercury Hourglass":[432],"Centennial Puzzle":[6],"Shuriken":[21],"MealTicket":45,"Black Star":4,"obtain_stats":[{"Ice Cream":23,"Potion Belt":26,"Singing Bowl":27,"hierophant:PropheticMaskRelic":0,"Vajra":45,"Pen Nib":0,"PreservedInsect":41,"Omamori":27,"Whetstone":14,"Orichalcum":23,"Ancient Tea Set":29,"Mercury Hourglass":8,"Centennial Puzzle":43,"Shuriken":29,"MealTicket":9,"Fusion Hammer":34,"Black Star":17,"Toy Ornithopter":41},{"Ice Cream":12,"Potion Belt":13,"Singing Bowl":14,"hierophant:PropheticMaskRelic":0,"Vajra":23,"Pen Nib":0,"PreservedInsect":23,"Omamori":14,"Whetstone":6,"Orichalcum":12,"Ancient Tea Set":16,"Mercury Hourglass":5,"Centennial Puzzle":23,"Shuriken":16,"MealTicket":5,"Fusion Hammer":18,"Black Star":7,"Toy Ornithopter":23},{"Ice Cream":45,"Potion Belt":51,"Singing Bowl":56,"hierophant:PropheticMaskRelic":0,"Vajra":113,"Pen Nib":0,"PreservedInsect":113,"Omamori":56,"Whetstone":22,"Orichalcum":45,"Ancient Tea Set":60,"Mercury Hourglass":18,"Centennial Puzzle":113,"Shuriken":60,"MealTicket":18,"Fusion Hammer":76,"Black Star":30,"Toy Ornithopter":113}],"Toy Ornithopter":5},"card_choices":[{"not_picked":["hierophant:MorningPrayer","hierophant:Doubloon"],"picked":"hierophant:SealAway","floor":1},{"not_picked":["hierophant:Refuge","hierophant:EyeForCoin"],"picked":"hierophant:PassingBell","floor":3},{"not_picked":["hierophant:Sermon","hierophant:Alms"],"picked":"hierophant:RepressedViolence","floor":4},{"not_picked":["hierophant:Purify","hierophant:Flagellation","hierophant:SolarFlare"],"picked":"SKIP","floor":6},{"not_picked":["hierophant:Patience","hierophant:Shelter","hierophant:Repentance"],"picked":"SKIP","floor":8},{"not_picked":["hierophant:OrnateBuckler","hierophant:Martyrdom"],"picked":"hierophant:Chorus","floor":14},{"not_picked":["hierophant:Batter","hierophant:Kindle"],"picked":"hierophant:WrathOfGod","floor":16},{"not_picked":["hierophant:MorningPrayer","hierophant:MirrorShield","hierophant:SealAway"],"picked":"SKIP","floor":18},{"not_picked":["hierophant:OrnateBuckler","hierophant:SealAway","hierophant:Prophecy"],"picked":"SKIP","floor":20},{"not_picked":["hierophant:Martyrdom","hierophant:SolarFlare"],"picked":"hierophant:Bribe+1","floor":21},{"not_picked":["hierophant:Doomsaying+1","hierophant:Shelter"],"picked":"hierophant:ArchangelShield+1","floor":22},{"not_picked":["hierophant:Flagellation","hierophant:DisplayOfPower","hierophant:PassingBell"],"picked":"SKIP","floor":23},{"not_picked":["hierophant:Sermon","hierophant:Racketeering+1"],"picked":"hierophant:ThreeLashes+1","floor":25},{"not_picked":["hierophant:Empathy","hierophant:RustyCrate+1","hierophant:AuricForm"],"picked":"Singing Bowl","floor":27},{"not_picked":["hierophant:HolyVerse","hierophant:RepressedViolence"],"picked":"hierophant:Bribe","floor":28},{"not_picked":["hierophant:DisplayOfPower+1","hierophant:SealAway","hierophant:Sermon"],"picked":"Singing Bowl","floor":29},{"not_picked":["hierophant:MorningPrayer","hierophant:HolyVerse+1","hierophant:FieryStrike"],"picked":"Singing Bowl","floor":31},{"not_picked":["hierophant:Determination","hierophant:DivineIntervention","hierophant:Generosity"],"picked":"Singing Bowl","floor":33},{"not_picked":["hierophant:Chorus+1","hierophant:Doomsaying+1"],"picked":"hierophant:Community","floor":35},{"not_picked":["hierophant:Smite+1","hierophant:HolyVerse","hierophant:RustyCrate"],"picked":"Singing Bowl","floor":36},{"not_picked":["Apotheosis","Purity","Bandage Up"],"picked":"Singing Bowl","floor":37},{"not_picked":["hierophant:OrnateJavelin+1","hierophant:Exaltation+1","hierophant:RecallFunds"],"picked":"Singing Bowl","floor":38},{"not_picked":["hierophant:Doubloon","hierophant:FlamingChariot+1","hierophant:Patience"],"picked":"Singing Bowl","floor":39},{"not_picked":["hierophant:OrnateBuckler+1","hierophant:DisplayOfPower","hierophant:Repentance+1"],"picked":"Singing Bowl","floor":41},{"not_picked":["hierophant:FaithHealing+1","hierophant:RecallFunds","hierophant:Smite"],"picked":"Singing Bowl","floor":46},{"not_picked":["hierophant:OrnateBuckler+1","hierophant:DisplayOfPower"],"picked":"hierophant:Doubloon+1","floor":48}],"player_experience":1359923,"relics_obtained":[{"floor":8,"key":"Mercury Hourglass"},{"floor":9,"key":"MealTicket"},{"floor":14,"key":"Whetstone"},{"floor":23,"key":"Ice Cream"},{"floor":23,"key":"Orichalcum"},{"floor":26,"key":"Potion Belt"},{"floor":27,"key":"Singing Bowl"},{"floor":27,"key":"Omamori"},{"floor":29,"key":"Shuriken"},{"floor":29,"key":"Ancient Tea Set"},{"floor":41,"key":"PreservedInsect"},{"floor":41,"key":"Toy Ornithopter"},{"floor":43,"key":"Centennial Puzzle"},{"floor":45,"key":"Vajra"}],"event_choices":[{"damage_healed":0,"gold_gain":0,"player_choice":"0 cards matched","damage_taken":0,"max_hp_gain":0,"max_hp_loss":0,"event_name":"Match and Keep!","floor":2,"gold_loss":0,"cards_obtained":[]},{"damage_healed":0,"gold_gain":0,"player_choice":"Grow","damage_taken":0,"max_hp_gain":0,"max_hp_loss":0,"event_name":"Living Wall","floor":5,"gold_loss":0,"cards_upgraded":["hierophant:RepressedViolence"]},{"damage_healed":58,"gold_gain":0,"player_choice":"Embrace","damage_taken":0,"max_hp_gain":0,"max_hp_loss":75,"event_name":"betterThird:BetterShining","floor":11,"gold_loss":0},{"damage_healed":0,"gold_gain":0,"player_choice":"Became a vampire","damage_taken":0,"max_hp_gain":0,"max_hp_loss":20,"event_name":"Vampires","floor":19,"gold_loss":0,"cards_obtained":["Bite","Bite","Bite","Bite"]},{"damage_healed":0,"gold_gain":0,"player_choice":"Memory 1","damage_taken":0,"max_hp_gain":0,"max_hp_loss":0,"event_name":"SensoryStone","floor":37,"gold_loss":0},{"damage_healed":0,"gold_gain":0,"player_choice":"Ignored","damage_taken":0,"max_hp_gain":0,"max_hp_loss":0,"event_name":"Tomb of Lord Red Mask","floor":42,"gold_loss":0}],"is_beta":false,"boss_relics":[{"not_picked":["SacredBark","Sozu"],"picked":"Black Star"},{"not_picked":["Philosopher\u0027s Stone","Empty Cage"],"picked":"Fusion Hammer"}],"items_purged_floors":[44,44],"is_endless":false,"potions_floor_spawned":[3,6,8,16,18,20,21,27,31,36,48],"ascension_level":1}}