{"host":"bf9sa99gaumonoeu","time":1610233517,"event":{"mods":["AchievementEnabler","Act Like it!","BaseMod","Better Sensory Stone","Colored Map","Colored Powertips","Downfall","Friendly Minions","Gensokyo","GifTheSpireLib","Googly Eyes","Hallownest","Hermit","Jorbs\u0027s Wanderer Trilogy","KinomotoSakuraMod(????)","Koishi","Lobotomy","Marisa????????","Minty Spire (QoL Compilation)","Rare Cards Sparkle","Reimu??????","Relic Stats","Remilia??????","StSLib","The Administrix","The Animator","The Bug Knight","The Construct","The Cursed","The Disciple","The Hierophant","The Mystic","The Necromancer","The Poker Player","The Runesmith","The Senshi","The Servant 0.9.4","TheLocksmith"],"gold_per_floor":[11,28,45,59,24,24,56,74,99,127,84,112,138,152,152,230,230,241,221,5,5,5,5,5],"floor_reached":23,"playtime":1074,"items_purged":[],"score":411,"play_id":"854d643c-b6f1-4551-a049-6e9de4ba33b1","local_time":"20210109210517","is_ascension_mode":true,"campfire_choices":[{"data":"Glass Knife","floor":6,"key":"SMITH"},{"floor":15,"key":"REST"}],"circlet_count":0,"master_deck":["AscendersBane","Strike_G","Strike_G","Strike_G","Defend_G","Defend_G","Defend_G","Defend_G","Defend_G","Survivor","Neutralize","Glass Knife+1","Infinite Blades","Blade Dance","Prepared","Terror","PiercingWail","Flying Knee","Underhanded Strike","Masterful Stab","Masterful Stab","PiercingWail","Wraith Form v2","Dagger Throw","Calculated Gamble","Footwork","Finisher","Backflip"],"relics":["Ring of the Snake","Paper Crane","Runesmith:AutoHammer","Tiny Chest","Odd Mushroom","Akabeko","Empty Cage","StoneCalendar"],"acts_visited":["Exordium","TheCity"],"potions_floor_usage":[7,10,10,16],"damage_taken":[{"damage":0,"enemies":"2 Louse","floor":1,"turns":2},{"damage":2,"enemies":"Jaw Worm","floor":2,"turns":4},{"damage":1,"enemies":"Cultist","floor":3,"turns":3},{"damage":12,"enemies":"Exordium Wildlife","floor":4,"turns":4},{"damage":23,"enemies":"Lagavulin","floor":7,"turns":5},{"damage":0,"enemies":"2 Fungi Beasts","floor":8,"turns":3},{"damage":8,"enemies":"Gremlin Nob","floor":10,"turns":3},{"damage":18,"enemies":"The Mushroom Lair","floor":12,"turns":3},{"damage":5,"enemies":"Lagavulin","floor":13,"turns":6},{"damage":1,"enemies":"3 Louse","floor":14,"turns":2},{"damage":23,"enemies":"The Guardian","floor":16,"turns":8},{"damage":27,"enemies":"Spheric Guardian","floor":18,"turns":4},{"damage":10,"enemies":"2 Thieves","floor":19,"turns":4},{"damage":17,"enemies":"Centurion and Healer","floor":23,"turns":2}],"seed_played":"2477695819425765857","potions_obtained":[{"floor":1,"key":"Dexterity Potion"},{"floor":2,"key":"Swift Potion"},{"floor":8,"key":"Swift Potion"},{"floor":14,"key":"GamblersBrew"},{"floor":19,"key":"LiquidBronze"}],"is_trial":false,"path_per_floor":["M","M","M","M","?","R","E","M","T","E","?","?","E","M","R","B",null,"M","M","$","?","T","M"],"character_chosen":"THE_SILENT","items_purchased":["Footwork","Finisher","Backflip"],"campfire_rested":1,"item_purchase_floors":[20,20,20],"current_hp_per_floor":[59,57,56,44,60,60,37,37,37,29,29,11,6,5,24,1,50,23,13,13,7,7,0,0],"gold":5,"neow_bonus":"THREE_RARE_CARDS","is_daily":false,"chose_seed":false,"campfire_upgraded":1,"win_rate":0.0,"timestamp":1610233517,"path_taken":["M","M","M","M","?","R","E","M","T","E","?","?","E","M","R","BOSS","M","M","$","?","?","M"],"items_purchased_type":["Card","Card","Card"],"build_version":"2020-12-22","purchased_purges":0,"victory":false,"max_hp_per_floor":[66,66,66,66,66,66,66,66,66,66,66,66,66,66,66,66,66,66,66,66,66,66,66,66],"relic_stats":{"counters":[14,53],"Tiny Chest":1,"StoneCalendar":[0],"obtain_stats":[{"Tiny Chest":10,"StoneCalendar":22,"Runesmith:AutoHammer":9,"Paper Crane":7,"Odd Mushroom":12,"Empty Cage":17,"Akabeko":13,"Ring of the Snake":0},{"Tiny Chest":7,"StoneCalendar":13,"Runesmith:AutoHammer":6,"Paper Crane":5,"Odd Mushroom":8,"Empty Cage":11,"Akabeko":9,"Ring of the Snake":0},{"Tiny Chest":24,"StoneCalendar":51,"Runesmith:AutoHammer":21,"Paper Crane":18,"Odd Mushroom":27,"Empty Cage":43,"Akabeko":33,"Ring of the Snake":0}],"Ring of the Snake":[28]},"card_choices":[{"not_picked":["Burst","Doppelganger"],"picked":"Glass Knife","floor":0},{"not_picked":["Catalyst","Prepared"],"picked":"Infinite Blades","floor":1},{"not_picked":["Outmaneuver","Dagger Throw"],"picked":"Blade Dance","floor":2},{"not_picked":["Flechettes","Blade Dance"],"picked":"Prepared","floor":3},{"not_picked":["Poisoned Stab","Riddle With Holes"],"picked":"Terror","floor":4},{"not_picked":["Heel Hook","Slice"],"picked":"PiercingWail","floor":7},{"not_picked":["Blade Dance","Flechettes"],"picked":"Flying Knee","floor":8},{"not_picked":["Quick Slash","Bane"],"picked":"Underhanded Strike","floor":10},{"not_picked":["Deadly Poison","Footwork"],"picked":"Masterful Stab","floor":12},{"not_picked":["Sucker Punch","Dodge and Roll"],"picked":"Masterful Stab","floor":13},{"not_picked":["Setup","Deadly Poison"],"picked":"PiercingWail","floor":14},{"not_picked":["A Thousand Cuts","Burst"],"picked":"Wraith Form v2","floor":16},{"not_picked":["Quick Slash","Underhanded Strike"],"picked":"Dagger Throw","floor":18},{"not_picked":["Bouncing Flask","PiercingWail"],"picked":"Calculated Gamble","floor":19}],"player_experience":916846,"relics_obtained":[{"floor":7,"key":"Paper Crane"},{"floor":9,"key":"Runesmith:AutoHammer"},{"floor":10,"key":"Tiny Chest"},{"floor":12,"key":"Odd Mushroom"},{"floor":13,"key":"Akabeko"},{"floor":22,"key":"StoneCalendar"}],"event_choices":[{"damage_healed":16,"gold_gain":0,"player_choice":"Healed","damage_taken":0,"max_hp_gain":0,"max_hp_loss":0,"event_name":"The Cleric","floor":5,"gold_loss":35},{"damage_healed":0,"gold_gain":0,"player_choice":"Left Gold","damage_taken":0,"max_hp_gain":0,"max_hp_loss":0,"event_name":"World of Goop","floor":11,"gold_loss":43},{"damage_healed":0,"gold_gain":0,"player_choice":"Fought Mushrooms","damage_taken":0,"max_hp_gain":0,"max_hp_loss":0,"event_name":"Mushrooms","floor":12,"gold_loss":0},{"damage_healed":0,"gold_gain":0,"player_choice":"","damage_taken":6,"max_hp_gain":0,"max_hp_loss":0,"event_name":"Knowing Skull","floor":21,"potions_obtained":[],"gold_loss":0,"cards_obtained":[]}],"is_beta":false,"boss_relics":[{"not_picked":["Black Star","Tiny House"],"picked":"Empty Cage"}],"items_purged_floors":[],"is_endless":false,"potions_floor_spawned":[1,2,8,14,19],"killed_by":"Centurion and Healer","ascension_level":19}}