{"host":"08t08ld674si40tv","time":1610175042,"event":{"mods":["AchievementEnabler","BaseMod","Colored Map","Minty Spire (QoL Compilation)","StSLib","SuperFastMode"],"gold_per_floor":[20,36,51,67,79,79,108,118,118,118,135,149,149,179,179,253,253,271,286,302,302,317,317,317],"floor_reached":23,"playtime":567,"items_purged":[],"score":518,"play_id":"b07bfbfc-d1e5-4a27-85ec-aac8947fad35","local_time":"20210109155042","is_ascension_mode":true,"campfire_choices":[{"data":"Metamorphosis","floor":6.0,"key":"SMITH"},{"floor":10.0,"key":"REST"},{"data":"Corruption","floor":15.0,"key":"SMITH"}],"circlet_count":0,"master_deck":["AscendersBane","Strike_R","Strike_R","Strike_R","Strike_R","Strike_R","Defend_R","Defend_R","Defend_R","Defend_R","Bash","Metamorphosis+1","Pommel Strike","Perfected Strike","Fire Breathing","Power Through","Wild Strike","Dark Embrace","Perfected Strike","Corruption+1","Offering","Intimidate"],"relics":["Burning Blood","Black Star","Dead Branch","Smiling Mask","Bottled Lightning","Strawberry","Darkstone Periapt","Cursed Key"],"acts_visited":["Exordium","TheCity"],"potions_floor_usage":[16,18],"damage_taken":[{"damage":7.0,"enemies":"Jaw Worm","floor":1.0,"turns":3.0},{"damage":1.0,"enemies":"Cultist","floor":2.0,"turns":3.0},{"damage":7.0,"enemies":"Small Slimes","floor":3.0,"turns":3.0},{"damage":21.0,"enemies":"Looter","floor":4.0,"turns":4.0},{"damage":18.0,"enemies":"3 Louse","floor":5.0,"turns":6.0},{"damage":20.0,"enemies":"3 Sentries","floor":7.0,"turns":5.0},{"damage":24.0,"enemies":"Exordium Thugs","floor":8.0,"turns":4.0},{"damage":7.0,"enemies":"2 Fungi Beasts","floor":11.0,"turns":3.0},{"damage":16.0,"enemies":"Blue Slaver","floor":12.0,"turns":4.0},{"damage":8.0,"enemies":"Gremlin Nob","floor":14.0,"turns":3.0},{"damage":2,"enemies":"Slime Boss","floor":16,"turns":5},{"damage":6,"enemies":"2 Thieves","floor":18,"turns":2},{"damage":19,"enemies":"Shell Parasite","floor":19,"turns":3},{"damage":33,"enemies":"Snake Plant","floor":20,"turns":4},{"damage":6,"enemies":"Shelled Parasite and Fungi","floor":22,"turns":2},{"damage":30,"enemies":"Snake Plant","floor":23,"turns":1}],"seed_played":"-8859379790168222340","potions_obtained":[{"floor":2.0,"key":"Explosive Potion"},{"floor":3.0,"key":"DistilledChaos"},{"floor":11.0,"key":"AttackPotion"},{"floor":12.0,"key":"Energy Potion"},{"floor":16,"key":"ColorlessPotion"},{"floor":22,"key":"BlessingOfTheForge"}],"is_trial":false,"path_per_floor":["M","M","M","M","M","R","E","M","T","R","M","M","?","E","R","B",null,"M","M","M","M","M","M"],"character_chosen":"IRONCLAD","items_purchased":[],"campfire_rested":1,"item_purchase_floors":[],"current_hp_per_floor":[67,72,71,56,44,44,30,12,12,34,33,23,23,28,28,32,70,70,57,30,30,30,0,0],"gold":317,"neow_bonus":"RANDOM_COLORLESS_2","is_daily":false,"chose_seed":false,"campfire_upgraded":2,"win_rate":0.0,"timestamp":1610175042,"path_taken":["M","M","M","M","M","R","E","M","T","R","M","M","?","E","R","BOSS","M","M","M","M","M","?"],"items_purchased_type":[],"build_version":"2020-12-22","purchased_purges":0,"victory":false,"max_hp_per_floor":[75,75,75,75,75,75,75,75,75,75,75,75,75,82,82,82,82,82,82,82,82,82,82,82],"card_choices":[{"not_picked":["Panache","Secret Technique"],"picked":"Metamorphosis","floor":0.0},{"not_picked":["Shockwave","Intimidate"],"picked":"Pommel Strike","floor":1.0},{"not_picked":["Shrug It Off","Rage"],"picked":"Perfected Strike","floor":2.0},{"not_picked":["Body Slam","Shockwave"],"picked":"Fire Breathing","floor":3.0},{"not_picked":["True Grit","Havoc","Whirlwind"],"picked":"SKIP","floor":4.0},{"not_picked":["Reckless Charge","True Grit","Metallicize"],"picked":"SKIP","floor":5.0},{"not_picked":["Limit Break","Anger"],"picked":"Power Through","floor":7.0},{"not_picked":["Sword Boomerang","Anger"],"picked":"Wild Strike","floor":8.0},{"not_picked":["Thunderclap","Bludgeon"],"picked":"Dark Embrace","floor":11.0},{"not_picked":["Combust","Pommel Strike"],"picked":"Perfected Strike","floor":12.0},{"not_picked":["Burning Pact","Feel No Pain"],"picked":"Corruption","floor":14.0},{"not_picked":["Barricade","Immolate"],"picked":"Offering","floor":16},{"not_picked":["Searing Blow+1","Havoc","Entrench"],"picked":"SKIP","floor":18},{"not_picked":["Searing Blow","Rampage"],"picked":"Intimidate","floor":19},{"not_picked":["Spot Weakness","Wild Strike","Whirlwind"],"picked":"SKIP","floor":20},{"not_picked":["Armaments+1","Uppercut","Sword Boomerang"],"picked":"SKIP","floor":22}],"player_experience":202757,"relics_obtained":[{"floor":7.0,"key":"Dead Branch"},{"floor":7.0,"key":"Smiling Mask"},{"floor":9.0,"key":"Bottled Lightning"},{"floor":14.0,"key":"Strawberry"},{"floor":14.0,"key":"Darkstone Periapt"}],"event_choices":[{"damage_healed":0.0,"max_hp_gain":0.0,"max_hp_loss":0.0,"gold_gain":0.0,"event_name":"Lab","player_choice":"Got Potions","floor":13.0,"gold_loss":0.0,"damage_taken":0.0}],"is_beta":false,"boss_relics":[{"not_picked":["Black Blood","Runic Dome"],"picked":"Cursed Key"}],"items_purged_floors":[],"is_endless":false,"potions_floor_spawned":[2,3,7,11,12,16,22],"killed_by":"Snake Plant","ascension_level":20}}