{"host":"ayh4nqhr0ddw4ozv","time":1610174520,"event":{"mods":["BaseMod","Minty Spire (QoL Compilation)","Relic Stats","Replay The Spire","Robot Space Explorer","StSLib"],"gold_per_floor":[110,110,37,37,52,52,86,86,134,159,176,176,200,200,200,304,304,314,327,28,28,39,68,68,68,68,68,68,68,68,88,88,191,191,208,220,110,110,127,162,162,194,194,221,221,239,250,282,282,282,282],"floor_reached":50,"playtime":3195,"items_purged":["Strike_B"],"score":1085,"play_id":"69242e71-f745-424e-8726-8b13d14c3e23","local_time":"20210108224200","is_ascension_mode":true,"campfire_choices":[{"data":"Doom and Gloom","floor":6.0,"key":"SMITH"},{"data":"Defragment","floor":8.0,"key":"SMITH"},{"data":"Static Discharge","floor":12.0,"key":"SMITH"},{"data":"1","floor":15.0,"key":"LIFT"},{"data":"Hologram","floor":24.0,"key":"SMITH"},{"data":"RitualDagger","floor":28.0,"key":"SMITH"},{"data":"Blind","floor":30.0,"key":"SMITH"},{"data":"2","floor":32.0,"key":"LIFT"},{"data":"Biased Cognition","floor":41.0,"key":"SMITH"},{"floor":49.0,"key":"RECALL"}],"circlet_count":0,"master_deck":["AscendersBane","Strike_B","Strike_B","Defend_B","Defend_B+1","Defend_B","Defend_B+1","Zap+1","Dualcast+1","Doom and Gloom+1","Defragment+1","Cold Snap","Genetic Algorithm","Static Discharge+1","Chill","Rainbow","Compile Driver+1","Defragment+1","ReplayRNGCard","Blind+1","Glacier","Hologram+1","RitualDagger+1","Biased Cognition+1","Loop","Delirium","Conserve Battery+1","Undo+1","Mirror Shield"],"relics":["Cracked Core","NeowsBlessing","White Beast Statue","War Paint","PreservedInsect","Odd Mushroom","Girya","Inserter","Potion Belt","DollysMirror","ReplayTheSpireMod:Ninjato","Replay:Mystery Machine","SacredBark","ReplayTheSpireMod:Ring of Collecting","Replay:PocketPolymizer","Replay:Ringing Soul","ReplayTheSpireMod:Ring of Addiction","Chameleon Ring","Toy Ornithopter","Blue Doll","Ornamental Fan"],"acts_visited":["Exordium","TheCity","TheBeyond"],"potions_floor_usage":[50,50],"damage_taken":[{"damage":0.0,"enemies":"Small Slimes","floor":1.0,"turns":1.0},{"damage":0.0,"enemies":"2 Louse","floor":5.0,"turns":1.0},{"damage":0.0,"enemies":"Gremlin Nob","floor":7.0,"turns":1.0},{"damage":9.0,"enemies":"3 Sentries","floor":10.0,"turns":3.0},{"damage":0.0,"enemies":"Cultist","floor":11.0,"turns":3.0},{"damage":0.0,"enemies":"The Mushroom Lair","floor":13.0,"turns":4.0},{"damage":20.0,"enemies":"Slime Boss","floor":16.0,"turns":5.0},{"damage":0.0,"enemies":"Chosen","floor":18.0,"turns":5.0},{"damage":1.0,"enemies":"Shell Parasite","floor":19.0,"turns":8.0},{"damage":10.0,"enemies":"Sentry and Sphere","floor":22.0,"turns":4.0},{"damage":0.0,"enemies":"Gremlin Leader","floor":23.0,"turns":6.0},{"damage":0.0,"enemies":"Shelled Parasite and Fungi","floor":31.0,"turns":7.0},{"damage":5.0,"enemies":"Collector","floor":33.0,"turns":13.0},{"damage":0.0,"enemies":"Orb Walker","floor":35.0,"turns":4.0},{"damage":0.0,"enemies":"3 Darklings","floor":36.0,"turns":7.0},{"damage":0.0,"enemies":"4 Shapes","floor":39.0,"turns":8.0},{"damage":13.0,"enemies":"Giant Head","floor":40.0,"turns":10.0},{"damage":4.0,"enemies":"Nemesis","floor":42.0,"turns":9.0},{"damage":25.0,"enemies":"Reptomancer","floor":44.0,"turns":7.0},{"damage":10.0,"enemies":"Sphere and 2 Shapes","floor":46.0,"turns":7.0},{"damage":8.0,"enemies":"Writhing Mass","floor":47.0,"turns":10.0},{"damage":0.0,"enemies":"R_Hoarder","floor":48.0,"turns":8.0},{"damage":67,"enemies":"Replay:Hell Engine","floor":50,"turns":25}],"seed_played":"9202294565766708368","potions_obtained":[{"floor":5.0,"key":"DistilledChaos"},{"floor":10.0,"key":"SkillPotion"},{"floor":11.0,"key":"Energy Potion"},{"floor":13.0,"key":"FocusPotion"},{"floor":16.0,"key":"Swift Potion"},{"floor":19.0,"key":"DuplicationPotion"},{"floor":22.0,"key":"Adrenaline Potion"},{"floor":23.0,"key":"DistilledChaos"},{"floor":31.0,"key":"AttackPotion"},{"floor":33.0,"key":"DuplicationPotion"},{"floor":35.0,"key":"ColorlessPotion"},{"floor":36.0,"key":"SneckoOil"},{"floor":39.0,"key":"Fruit Juice"},{"floor":40.0,"key":"Block Potion"},{"floor":42.0,"key":"Swift Potion"},{"floor":43.0,"key":"Adrenaline Potion"},{"floor":43.0,"key":"Elixir"},{"floor":44.0,"key":"Death Potion"},{"floor":46.0,"key":"DuplicationPotion"},{"floor":47.0,"key":"Block Potion"}],"is_trial":false,"path_per_floor":["M","?","$","?","M","R","E","R","T","E","M","R","?","T","R","B",null,"M","M","$","?","M","E","R","?","T","?","R","?","R","M","R","B",null,"M","M","$","?","M","E","R","E","T","E","?","M","M","E","R","B"],"character_chosen":"DEFECT","items_purchased":["Defragment","Potion Belt","DollysMirror","Loop"],"campfire_rested":0,"item_purchase_floors":[3,20,20,37],"current_hp_per_floor":[68,53,53,53,53,53,53,53,53,44,44,44,44,44,44,24,62,62,61,61,61,51,51,51,45,45,45,45,45,45,45,45,40,66,66,66,66,66,66,53,53,49,69,54,54,49,41,44,44,0,0],"gold":282,"neow_bonus":"THREE_ENEMY_KILL","is_daily":false,"chose_seed":false,"campfire_upgraded":7,"win_rate":0.0,"timestamp":1610174520,"path_taken":["M","?","$","?","?","R","E","R","T","E","M","R","?","?","R","BOSS","M","M","$","?","?","E","R","?","T","?","R","?","R","?","R","BOSS","M","M","$","?","M","E","R","E","T","E","?","M","M","E","R","BOSS"],"items_purchased_type":["Card","Relic","Relic","Card"],"build_version":"2020-12-22","purchased_purges":1,"victory":false,"max_hp_per_floor":[75,75,75,75,75,75,75,75,75,75,75,75,75,75,75,75,75,75,75,75,75,75,75,75,75,75,75,75,75,75,75,75,75,75,75,75,75,75,75,75,75,75,90,90,90,90,90,93,93,93,93],"relic_stats":{"Inserter":[62],"counters":[23,156],"Ornamental Fan":[0],"PreservedInsect":391,"War Paint":["Dualcast","Zap"],"obtain_stats":[{"Potion Belt":20,"Girya":14,"Inserter":17,"ReplayTheSpireMod:Ninjato":23,"Replay:PocketPolymizer":40,"NeowsBlessing":0,"SacredBark":34,"ReplayTheSpireMod:Ring of Addiction":43,"Blue Doll":44,"PreservedInsect":10,"War Paint":9,"Odd Mushroom":13,"Replay:Mystery Machine":26,"White Beast Statue":7,"Replay:Ringing Soul":42,"Chameleon Ring":43,"DollysMirror":20,"Ornamental Fan":48,"ReplayTheSpireMod:Ring of Collecting":38,"Cracked Core":0,"Toy Ornithopter":43},{"Potion Belt":9,"Girya":6,"Inserter":7,"ReplayTheSpireMod:Ninjato":11,"Replay:PocketPolymizer":17,"NeowsBlessing":0,"SacredBark":13,"ReplayTheSpireMod:Ring of Addiction":18,"Blue Doll":19,"PreservedInsect":4,"War Paint":3,"Odd Mushroom":6,"Replay:Mystery Machine":11,"White Beast Statue":3,"Replay:Ringing Soul":18,"Chameleon Ring":18,"DollysMirror":9,"Ornamental Fan":22,"ReplayTheSpireMod:Ring of Collecting":15,"Cracked Core":0,"Toy Ornithopter":18},{"Potion Belt":31,"Girya":13,"Inserter":18,"ReplayTheSpireMod:Ninjato":41,"Replay:PocketPolymizer":90,"NeowsBlessing":0,"SacredBark":61,"ReplayTheSpireMod:Ring of Addiction":99,"Blue Doll":106,"PreservedInsect":6,"War Paint":3,"Odd Mushroom":13,"Replay:Mystery Machine":41,"White Beast Statue":3,"Replay:Ringing Soul":99,"Chameleon Ring":99,"DollysMirror":31,"Ornamental Fan":131,"ReplayTheSpireMod:Ring of Collecting":72,"Cracked Core":0,"Toy Ornithopter":99}],"Toy Ornithopter":30},"card_choices":[{"not_picked":["Compile Driver","ReplayTheSpireMod:Calculation Training"],"picked":"Doom and Gloom","floor":1.0},{"not_picked":["Ball Lightning","Coolheaded"],"picked":"Cold Snap","floor":5.0},{"not_picked":["Conserve Battery","Gash"],"picked":"Genetic Algorithm","floor":7.0},{"not_picked":["Gash","Compile Driver"],"picked":"Static Discharge","floor":10.0},{"not_picked":["Ball Lightning","Double Energy"],"picked":"Chill","floor":11.0},{"not_picked":["Meteor Strike","Creative AI"],"picked":"Rainbow","floor":16.0},{"not_picked":["Leap","Storm+1","Sweeping Beam"],"picked":"SKIP","floor":18.0},{"not_picked":["Sunder","Reprogram"],"picked":"Compile Driver+1","floor":19.0},{"not_picked":["Sweeping Beam+1","Beam Cell+1"],"picked":"Glacier","floor":22.0},{"not_picked":["Conserve Battery","ReplaySort"],"picked":"Hologram","floor":23.0},{"not_picked":["ReplaySolidLightProjector","Beam Cell","Rebound"],"picked":"SKIP","floor":31.0},{"not_picked":["Buffer","Seek"],"picked":"Biased Cognition","floor":33.0},{"not_picked":["Sweeping Beam+1","Rebound+1"],"picked":"Double Energy","floor":35.0},{"not_picked":["Skim","Compile Driver","Conserve Battery"],"picked":"SKIP","floor":36.0},{"not_picked":["Tempest","Reboot"],"picked":"Conserve Battery+1","floor":39.0},{"not_picked":["ReplayTheSpireMod:Repulse","Steam+1"],"picked":"Undo+1","floor":40.0},{"not_picked":["Beam Cell","Compile Driver+1","Conserve Battery"],"picked":"SKIP","floor":42.0},{"not_picked":["Go for the Eyes","Gash","Ball Lightning"],"picked":"SKIP","floor":44.0},{"not_picked":["Conserve Battery","Ball Lightning","Rebound"],"picked":"SKIP","floor":46.0},{"not_picked":["Skim","Thunder Strike","Sweeping Beam+1"],"picked":"SKIP","floor":47.0},{"not_picked":["Streamline","Glacier+1"],"picked":"Mirror Shield","floor":48.0}],"player_experience":312632,"relics_obtained":[{"floor":7.0,"key":"White Beast Statue"},{"floor":9.0,"key":"War Paint"},{"floor":10.0,"key":"PreservedInsect"},{"floor":13.0,"key":"Odd Mushroom"},{"floor":14.0,"key":"Girya"},{"floor":23.0,"key":"ReplayTheSpireMod:Ninjato"},{"floor":26.0,"key":"Replay:Mystery Machine"},{"floor":38.0,"key":"ReplayTheSpireMod:Ring of Collecting"},{"floor":40.0,"key":"Replay:PocketPolymizer"},{"floor":42.0,"key":"Replay:Ringing Soul"},{"floor":43.0,"key":"ReplayTheSpireMod:Ring of Addiction"},{"floor":43.0,"key":"Chameleon Ring"},{"floor":43.0,"key":"Toy Ornithopter"},{"floor":44.0,"key":"Blue Doll"},{"floor":48.0,"key":"Ornamental Fan"}],"event_choices":[{"damage_healed":0.0,"max_hp_gain":0.0,"max_hp_loss":0.0,"gold_gain":0.0,"event_name":"Shining Light","player_choice":"Entered Light","floor":2.0,"gold_loss":0.0,"damage_taken":15.0,"cards_upgraded":["Defend_B","Defend_B"]},{"cards_removed":["Strike_B"],"damage_healed":0.0,"max_hp_gain":0.0,"max_hp_loss":0.0,"gold_gain":0.0,"event_name":"Bonfire Elementals","player_choice":"Offered Basic","floor":4.0,"gold_loss":0.0,"damage_taken":0.0},{"damage_healed":0.0,"max_hp_gain":0.0,"max_hp_loss":0.0,"gold_gain":0.0,"event_name":"Mushrooms","player_choice":"Fought Mushrooms","floor":13.0,"gold_loss":0.0,"damage_taken":0.0},{"damage_healed":0.0,"max_hp_gain":0.0,"max_hp_loss":0.0,"gold_gain":0.0,"event_name":"Match and Keep!","player_choice":"3 cards matched","floor":21.0,"gold_loss":0.0,"damage_taken":0.0,"cards_obtained":["Delirium","ReplayRNGCard","Blind"]},{"damage_healed":0.0,"max_hp_gain":0.0,"max_hp_loss":0.0,"gold_gain":0.0,"event_name":"Nest","player_choice":"Joined the Cult","floor":25.0,"gold_loss":0.0,"damage_taken":6.0,"cards_obtained":["RitualDagger"]},{"damage_healed":0.0,"max_hp_gain":0.0,"max_hp_loss":0.0,"gold_gain":0.0,"event_name":"Vampires","player_choice":"Ignored","floor":27.0,"gold_loss":0.0,"damage_taken":0.0},{"cards_removed":["Delirium"],"damage_healed":0.0,"max_hp_gain":0.0,"max_hp_loss":0.0,"gold_gain":0.0,"event_name":"Fountain of Cleansing","player_choice":"Removed Curses","floor":29.0,"gold_loss":0.0,"damage_taken":0.0},{"cards_removed":["Double Energy"],"damage_healed":0.0,"max_hp_gain":0.0,"max_hp_loss":0.0,"gold_gain":0.0,"event_name":"Falling","player_choice":"Removed Skill","floor":45.0,"gold_loss":0.0,"damage_taken":0.0}],"is_beta":false,"boss_relics":[{"not_picked":["Nuclear Battery","Sozu"],"picked":"Inserter"},{"not_picked":["Busted Crown","Cursed Key"],"picked":"SacredBark"}],"items_purged_floors":[37],"is_endless":false,"potions_floor_spawned":[5,10,11,13,16,18,19,22,23,31,33,35,36,39,40,42,44,46,47,48],"killed_by":"Replay:Hell Engine","ascension_level":11}}