{"host":"9tzam4717zt8ei1o","time":1610213917,"event":{"mods":["BaseMod","Colored Map","Keyboard Shortcuts","Minty Spire (QoL Compilation)","Quick Restart","StSLib","SuperFastMode"],"gold_per_floor":[112,187,203,203,219,219,199,40,40,53,85,85,102,136,136,213,213,225,241,241,241],"floor_reached":20,"playtime":377,"items_purged":["Strike_G"],"score":368,"play_id":"889cad93-34f4-420e-8e14-c874aaf0a693","local_time":"20210110023837","is_ascension_mode":true,"campfire_choices":[{"data":"Glass Knife","floor":6,"key":"SMITH"},{"floor":12,"key":"REST"},{"data":"Noxious Fumes","floor":15,"key":"SMITH"}],"circlet_count":0,"master_deck":["AscendersBane","Strike_G","Defend_G","Defend_G","Defend_G","Defend_G","Defend_G","Survivor","Neutralize","Glass Knife+1","Acrobatics","Backstab+1","Adrenaline","Blade Dance","Well Laid Plans","Noxious Fumes+1","A Thousand Cuts","Blade Dance+1","Tactician"],"relics":["Ring of the Snake","Pantograph","Ancient Tea Set","Whetstone","Empty Cage"],"acts_visited":["Exordium","TheCity"],"potions_floor_usage":[11,13,16],"damage_taken":[{"damage":1,"enemies":"Jaw Worm","floor":1,"turns":5},{"damage":0,"enemies":"2 Louse","floor":3,"turns":4},{"damage":7,"enemies":"Cultist","floor":5,"turns":4},{"damage":10,"enemies":"Exordium Wildlife","floor":10,"turns":4},{"damage":7,"enemies":"Lagavulin","floor":11,"turns":5},{"damage":4,"enemies":"Blue Slaver","floor":13,"turns":3},{"damage":15,"enemies":"3 Sentries","floor":14,"turns":7},{"damage":14,"enemies":"The Guardian","floor":16,"turns":10},{"damage":22,"enemies":"Spheric Guardian","floor":18,"turns":4},{"damage":11,"enemies":"2 Thieves","floor":19,"turns":3},{"damage":21,"enemies":"Snake Plant","floor":20,"turns":2}],"seed_played":"6785273411705320287","potions_obtained":[{"floor":7,"key":"Ancient Potion"},{"floor":10,"key":"SteroidPotion"},{"floor":11,"key":"SkillPotion"},{"floor":14,"key":"DistilledChaos"}],"is_trial":false,"path_per_floor":["M","?","M","?","M","R","?","$","T","M","E","R","M","E","R","B",null,"M","M","M"],"character_chosen":"THE_SILENT","items_purchased":["Adrenaline"],"campfire_rested":1,"item_purchase_floors":[8],"current_hp_per_floor":[43,32,32,32,25,25,25,25,25,15,8,27,23,8,8,19,54,32,21,0,0],"gold":241,"neow_bonus":"THREE_RARE_CARDS","is_daily":false,"chose_seed":false,"campfire_upgraded":2,"win_rate":0.0,"timestamp":1610213917,"path_taken":["M","?","M","?","M","R","?","$","T","M","E","R","M","E","R","BOSS","M","M","?"],"items_purchased_type":["Card"],"build_version":"2020-12-22","purchased_purges":1,"victory":false,"max_hp_per_floor":[66,66,66,66,66,66,66,66,66,66,66,66,66,66,66,66,66,66,66,66,66],"card_choices":[{"not_picked":["Corpse Explosion","Wraith Form v2"],"picked":"Glass Knife","floor":0},{"not_picked":["Outmaneuver","Slice","Bane"],"picked":"SKIP","floor":1},{"not_picked":["Deflect","Dash"],"picked":"Acrobatics","floor":3},{"not_picked":["Outmaneuver","Deadly Poison"],"picked":"Backstab","floor":5},{"not_picked":["Dash","Cloak And Dagger","Backflip"],"picked":"SKIP","floor":10},{"not_picked":["Flying Knee","Sucker Punch"],"picked":"Blade Dance","floor":11},{"not_picked":["Backflip","Dagger Throw"],"picked":"Well Laid Plans","floor":13},{"not_picked":["Poisoned Stab","Dash"],"picked":"Noxious Fumes","floor":14},{"not_picked":["Storm of Steel","Bullet Time"],"picked":"A Thousand Cuts","floor":16},{"not_picked":["Dagger Throw","Dodge and Roll"],"picked":"Blade Dance+1","floor":18},{"not_picked":["Deflect","Dash"],"picked":"Tactician","floor":19}],"player_experience":175797,"relics_obtained":[{"floor":9,"key":"Pantograph"},{"floor":11,"key":"Ancient Tea Set"},{"floor":14,"key":"Whetstone"}],"event_choices":[{"damage_healed":0,"gold_gain":75,"player_choice":"Gather Gold","damage_taken":11,"max_hp_gain":0,"max_hp_loss":0,"event_name":"World of Goop","floor":2,"gold_loss":0},{"cards_removed":["Strike_G"],"damage_healed":0,"gold_gain":0,"player_choice":"Forget","damage_taken":0,"max_hp_gain":0,"max_hp_loss":0,"event_name":"Living Wall","floor":4,"gold_loss":0},{"damage_healed":0,"gold_gain":0,"player_choice":"Bought 1 Potion","damage_taken":0,"max_hp_gain":0,"max_hp_loss":0,"event_name":"The Woman in Blue","floor":7,"gold_loss":0}],"is_beta":false,"boss_relics":[{"not_picked":["Coffee Dripper","Ring of the Serpent"],"picked":"Empty Cage"}],"items_purged_floors":[8],"is_endless":false,"potions_floor_spawned":[10,11,14],"killed_by":"Snake Plant","ascension_level":20}}