{"host":"dmdprxj8bosbz96f","time":1610235294,"event":{"mods":["AchievementEnabler","BaseMod","Colored Map","DeckTracker","Minty Spire (QoL Compilation)","Permanent Neow","Quick Restart","SuperFastMode","everything is the same but u backflip on backflip"],"gold_per_floor":[113,43,61,78,153,153,72,72,72,92,92,111,125,141,141,239,239,257,270,280,291,291,291,307,307,307],"floor_reached":25,"playtime":1100,"items_purged":[],"score":280,"play_id":"44c5c683-9866-4d0b-9378-5c6261ccd27e","local_time":"20210110083454","is_ascension_mode":true,"campfire_choices":[{"data":"Corpse Explosion","floor":6.0,"key":"SMITH"},{"data":"Bouncing Flask","floor":8.0,"key":"SMITH"},{"floor":11.0,"key":"REST"},{"floor":15.0,"key":"REST"},{"floor":23.0,"key":"REST"}],"circlet_count":0,"master_deck":["Strike_G","Strike_G","Strike_G","Strike_G","Strike_G","Defend_G","Defend_G","Defend_G","Defend_G","Defend_G","Survivor","Neutralize","Corpse Explosion+1","Dodge and Roll","Footwork","Concentrate","Bouncing Flask+1","Acrobatics","Noxious Fumes","Acrobatics","Adrenaline","A Thousand Cuts","Deadly Poison","Calculated Gamble","Poisoned Stab+1","PiercingWail","Neutralize","Swift Strike","Backflip+1"],"relics":["Ring of the Serpent","Blue Candle","Bag of Preparation"],"acts_visited":["Exordium","TheCity"],"potions_floor_usage":[25],"damage_taken":[{"damage":0.0,"enemies":"Small Slimes","floor":1.0,"turns":3.0},{"damage":0.0,"enemies":"Jaw Worm","floor":3.0,"turns":6.0},{"damage":3.0,"enemies":"Cultist","floor":4.0,"turns":5.0},{"damage":3.0,"enemies":"Large Slime","floor":10.0,"turns":8.0},{"damage":14.0,"enemies":"Exordium Thugs","floor":12.0,"turns":4.0},{"damage":8.0,"enemies":"3 Louse","floor":13.0,"turns":3.0},{"damage":1.0,"enemies":"Looter","floor":14.0,"turns":3.0},{"damage":12.0,"enemies":"Hexaghost","floor":16.0,"turns":9.0},{"damage":8.0,"enemies":"Chosen","floor":18.0,"turns":4.0},{"damage":11.0,"enemies":"3 Byrds","floor":19.0,"turns":3.0},{"damage":23.0,"enemies":"Centurion and Healer","floor":20.0,"turns":5.0},{"damage":13.0,"enemies":"Chosen and Byrds","floor":21.0,"turns":6.0},{"damage":32.0,"enemies":"Sentry and Sphere","floor":24.0,"turns":7.0},{"damage":0,"enemies":"Snecko","floor":25,"turns":3}],"seed_played":"1104592039788841865","potions_obtained":[{"floor":3.0,"key":"AttackPotion"},{"floor":4.0,"key":"Energy Potion"},{"floor":10.0,"key":"SpeedPotion"},{"floor":14.0,"key":"Dexterity Potion"},{"floor":20.0,"key":"Weak Potion"},{"floor":21.0,"key":"Poison Potion"},{"floor":24.0,"key":"BlessingOfTheForge"}],"is_trial":false,"path_per_floor":["M","$","M","M","?","R","?","R","T","M","R","M","M","M","R","B",null,"M","M","M","M","?","R","M","M"],"character_chosen":"THE_SILENT","items_purchased":["Footwork"],"campfire_rested":3,"item_purchase_floors":[2],"current_hp_per_floor":[70,70,70,67,56,56,56,56,56,53,70,56,48,47,68,56,67,59,48,25,12,12,33,1,1,1],"gold":307,"neow_bonus":"ONE_RANDOM_RARE_CARD","is_daily":false,"chose_seed":false,"campfire_upgraded":2,"win_rate":0.0,"timestamp":1610235294,"path_taken":["M","$","M","M","?","R","?","R","T","M","R","M","?","M","R","BOSS","M","M","M","M","?","R","M","?"],"items_purchased_type":["Card"],"build_version":"2020-12-22","purchased_purges":0,"victory":false,"max_hp_per_floor":[70,70,70,70,70,70,70,70,70,70,70,70,70,70,70,70,70,70,70,70,70,70,70,70,70,70],"card_choices":[{"not_picked":["Poisoned Stab","Accuracy"],"picked":"Dodge and Roll","floor":1.0},{"not_picked":["Caltrops","Bane"],"picked":"Concentrate","floor":3.0},{"not_picked":["Dagger Throw","Riddle With Holes"],"picked":"Bouncing Flask","floor":4.0},{"not_picked":["Slice","Outmaneuver"],"picked":"Acrobatics","floor":10.0},{"not_picked":["Accuracy","Cloak And Dagger"],"picked":"Noxious Fumes","floor":12.0},{"not_picked":["Dash","Caltrops"],"picked":"Acrobatics","floor":13.0},{"not_picked":["Blur","Underhanded Strike"],"picked":"Adrenaline","floor":14.0},{"not_picked":["Envenom","Doppelganger"],"picked":"A Thousand Cuts","floor":16.0},{"not_picked":["Dagger Spray+1","Finisher+1"],"picked":"Deadly Poison","floor":18.0},{"not_picked":["All Out Attack","Quick Slash"],"picked":"Calculated Gamble","floor":19.0},{"not_picked":["Dagger Spray","Slice"],"picked":"Poisoned Stab+1","floor":20.0},{"not_picked":["Bouncing Flask","Tactician"],"picked":"PiercingWail","floor":21.0},{"not_picked":["Blade Dance","Sucker Punch+1"],"picked":"Backflip+1","floor":24.0}],"player_experience":173937,"relics_obtained":[{"floor":9.0,"key":"Bag of Preparation"}],"event_choices":[{"damage_healed":0.0,"max_hp_gain":0.0,"max_hp_loss":0.0,"gold_gain":75.0,"event_name":"World of Goop","player_choice":"Gather Gold","floor":5.0,"gold_loss":0.0,"damage_taken":11.0},{"damage_healed":0.0,"max_hp_gain":0.0,"max_hp_loss":0.0,"gold_gain":0.0,"event_name":"WeMeetAgain","player_choice":"Paid Gold","floor":7.0,"gold_loss":81.0,"damage_taken":0.0,"relics_obtained":["Blue Candle"]},{"damage_healed":0.0,"max_hp_gain":0.0,"max_hp_loss":0.0,"gold_gain":0.0,"event_name":"Match and Keep!","player_choice":"2 cards matched","floor":22.0,"gold_loss":0.0,"damage_taken":0.0,"cards_obtained":["Neutralize","Swift Strike"]}],"is_beta":false,"boss_relics":[{"not_picked":["Black Star","SacredBark"],"picked":"Ring of the Serpent"}],"items_purged_floors":[],"is_endless":false,"potions_floor_spawned":[3,4,10,14,20,21,24],"killed_by":"Snecko","ascension_level":5}}