{"host":"pgqkv8mh62pnrbci","time":1610168915,"event":{"mods":["2.2 Compatiblity","AchievementEnabler","BaseMod","Custom Start","DeckTracker","Minty Spire (QoL Compilation)","StSLib","SuperFastMode"],"gold_per_floor":[111,123,134,134,134,134,153,153,153,228,256,256,256,276,276,350,350,365,365,379,393,2,2,79,98,98,98,110,110,110,120,120,191,191,204,204,204,19,19,19,19,44,67,81,6,331,331,344,344,344],"floor_reached":51,"playtime":2063,"items_purged":["Endless Agony"],"score":1334,"play_id":"3efd5ceb-f3d9-4acb-997b-c00e55bc3532","local_time":"20210109140835","is_ascension_mode":true,"campfire_choices":[{"data":"Neutralize","floor":6.0,"key":"SMITH"},{"data":"Noxious Fumes","floor":8.0,"key":"SMITH"},{"data":"Phantasmal Killer","floor":15.0,"key":"SMITH"},{"data":"Tactician","floor":27.0,"key":"SMITH"},{"data":"After Image","floor":30.0,"key":"SMITH"},{"floor":32.0,"key":"REST"},{"data":"A Thousand Cuts","floor":40,"key":"SMITH"},{"floor":49,"key":"REST"}],"circlet_count":0,"master_deck":["AscendersBane","Survivor","Neutralize+1","Tactician+1","Blade Dance","Backstab","Noxious Fumes+1","Phantasmal Killer+1","After Image+1","Choke","Doppelganger","Riddle With Holes","Caltrops","Die Die Die","Phantasmal Killer","Dash","Grand Finale","Bouncing Flask","Grand Finale","PiercingWail","Decay","PiercingWail","PiercingWail+1","A Thousand Cuts+1","Calculated Gamble+1","Madness","Apotheosis","Tools of the Trade","Outmaneuver"],"relics":["Ring of the Snake","Tiny Chest","Anchor","Kunai","Dead Branch","Pandora\u0027s Box","Nunchaku","Medical Kit","Bottled Lightning","Thread and Needle","Snecko Eye","Art of War","Girya","Oddly Smooth Stone","Old Coin","The Courier"],"acts_visited":["Exordium","TheCity","TheBeyond"],"potions_floor_usage":[42,48],"damage_taken":[{"damage":9.0,"enemies":"Jaw Worm","floor":1.0,"turns":7.0},{"damage":1.0,"enemies":"2 Louse","floor":2.0,"turns":3.0},{"damage":5.0,"enemies":"Small Slimes","floor":3.0,"turns":3.0},{"damage":0.0,"enemies":"Looter","floor":7.0,"turns":4.0},{"damage":19.0,"enemies":"3 Sentries","floor":11.0,"turns":9.0},{"damage":0.0,"enemies":"Gremlin Nob","floor":13.0,"turns":1.0},{"damage":0.0,"enemies":"Red Slaver","floor":14.0,"turns":2.0},{"damage":2.0,"enemies":"Hexaghost","floor":16.0,"turns":11.0},{"damage":16.0,"enemies":"2 Thieves","floor":18.0,"turns":3.0},{"damage":0.0,"enemies":"3 Byrds","floor":20.0,"turns":3.0},{"damage":14.0,"enemies":"Shelled Parasite and Fungi","floor":21.0,"turns":3.0},{"damage":6.0,"enemies":"Chosen and Byrds","floor":25.0,"turns":5.0},{"damage":0.0,"enemies":"Sentry and Sphere","floor":28.0,"turns":4.0},{"damage":0.0,"enemies":"Snake Plant","floor":31.0,"turns":4.0},{"damage":10.0,"enemies":"Champ","floor":33.0,"turns":8.0},{"damage":52.0,"enemies":"3 Darklings","floor":35.0,"turns":6.0},{"damage":55,"enemies":"Nemesis","floor":42,"turns":9},{"damage":0,"enemies":"Orb Walker","floor":44,"turns":2},{"damage":0,"enemies":"Mind Bloom Boss Battle","floor":46,"turns":5},{"damage":0,"enemies":"3 Darklings","floor":48,"turns":4},{"damage":24,"enemies":"Donu and Deca","floor":50,"turns":8}],"seed_played":"7455984573256229539","potions_obtained":[{"floor":1.0,"key":"CunningPotion"},{"floor":3.0,"key":"SteroidPotion"},{"floor":11.0,"key":"SmokeBomb"},{"floor":18.0,"key":"LiquidMemories"},{"floor":25.0,"key":"Fruit Juice"},{"floor":31.0,"key":"CultistPotion"},{"floor":33.0,"key":"Energy Potion"},{"floor":35,"key":"EssenceOfSteel"},{"floor":42,"key":"Block Potion"},{"floor":46,"key":"FairyPotion"}],"is_trial":false,"path_per_floor":["M","M","M","?","?","R","M","R","T","?","E","T","E","M","R","B",null,"M","?","M","M","$","?","T","M","T","R","M","?","R","M","R","B",null,"M","?","?","$","T","R","$","E","T","M","$","?","T","M","R","B",null],"character_chosen":"THE_SILENT","items_purchased":["Nunchaku","Medical Kit","Energy Potion","Apotheosis"],"campfire_rested":2,"item_purchase_floors":[22,22,22,38],"current_hp_per_floor":[50,49,44,44,44,44,44,44,44,33,14,14,14,14,14,12,53,37,37,37,23,23,23,23,22,22,22,22,22,22,22,43,33,62,10,10,58,58,58,58,58,3,3,3,3,3,3,3,20,17],"gold":344,"neow_bonus":"RANDOM_COMMON_RELIC","is_daily":false,"chose_seed":false,"campfire_upgraded":6,"win_rate":0.0,"timestamp":1610168915,"path_taken":["M","M","M","?","?","R","M","R","T","?","E","?","E","M","R","BOSS","M","?","M","?","$","?","?","M","T","R","M","?","R","M","R","BOSS","M","?","?","$","?","R","?","E","T","M","?","?","?","M","R","BOSS"],"items_purchased_type":["Relic","Relic","Potion","Card"],"build_version":"2020-12-22","purchased_purges":1,"victory":true,"max_hp_per_floor":[66,66,66,66,66,66,66,66,66,66,66,66,66,66,66,66,66,66,66,66,66,66,66,66,71,71,71,71,71,71,71,71,71,71,71,71,58,58,58,58,58,58,58,58,58,58,58,58,58,58],"card_choices":[{"not_picked":["Catalyst","Escape Plan"],"picked":"Endless Agony","floor":1.0},{"not_picked":["Flying Knee","Flechettes"],"picked":"Tactician","floor":2.0},{"not_picked":["Underhanded Strike","Outmaneuver"],"picked":"Blade Dance","floor":3.0},{"not_picked":["Riddle With Holes","Dodge and Roll"],"picked":"Noxious Fumes","floor":7.0},{"not_picked":["Backflip","Concentrate"],"picked":"Phantasmal Killer","floor":11.0},{"not_picked":["Quick Slash","Slice","Distraction"],"picked":"SKIP","floor":14.0},{"not_picked":["Grand Finale","Corpse Explosion"],"picked":"After Image","floor":16.0},{"not_picked":["Skewer","Bane","Leg Sweep+1"],"picked":"SKIP","floor":18.0},{"not_picked":["Slice","Bane","Sucker Punch"],"picked":"SKIP","floor":20.0},{"not_picked":["Sucker Punch","Acrobatics"],"picked":"PiercingWail","floor":21.0},{"not_picked":["Distraction","Poisoned Stab"],"picked":"PiercingWail","floor":25.0},{"not_picked":["Dagger Throw","Bane","Acrobatics+1"],"picked":"SKIP","floor":28.0},{"not_picked":["Prepared","Dash+1"],"picked":"PiercingWail+1","floor":31.0},{"not_picked":["After Image","Phantasmal Killer"],"picked":"A Thousand Cuts","floor":33.0},{"not_picked":["Cloak And Dagger","Deadly Poison+1"],"picked":"Calculated Gamble+1","floor":35},{"not_picked":["Swift Strike","Jack Of All Trades"],"picked":"Madness","floor":36},{"not_picked":["Tools of the Trade","Masterful Stab","Crippling Poison"],"picked":"SKIP","floor":42},{"not_picked":["Masterful Stab","Crippling Poison"],"picked":"Tools of the Trade","floor":42},{"not_picked":["Deadly Poison+1","Backstab","Cloak And Dagger+1"],"picked":"SKIP","floor":44},{"not_picked":["Eviscerate","Quick Slash"],"picked":"Outmaneuver","floor":46},{"not_picked":["Dodge and Roll","Prepared","Flying Knee+1"],"picked":"SKIP","floor":48}],"player_experience":597182,"relics_obtained":[{"floor":9.0,"key":"Anchor"},{"floor":11.0,"key":"Kunai"},{"floor":12.0,"key":"Dead Branch"},{"floor":24.0,"key":"Bottled Lightning"},{"floor":26.0,"key":"Thread and Needle"},{"floor":39,"key":"Art of War"},{"floor":42,"key":"Girya"},{"floor":43,"key":"Oddly Smooth Stone"},{"floor":46,"key":"Old Coin"},{"floor":47,"key":"The Courier"}],"event_choices":[{"damage_healed":0.0,"max_hp_gain":0.0,"max_hp_loss":0.0,"gold_gain":0.0,"cards_transformed":["Strike_G"],"event_name":"Living Wall","player_choice":"Change","floor":4.0,"gold_loss":0.0,"damage_taken":0.0,"cards_obtained":["Backstab"]},{"damage_healed":0.0,"max_hp_gain":0.0,"max_hp_loss":0.0,"gold_gain":0.0,"event_name":"Liars Game","player_choice":"Ignored","floor":5.0,"gold_loss":0.0,"damage_taken":0.0},{"damage_healed":0.0,"max_hp_gain":0.0,"max_hp_loss":0.0,"gold_gain":75.0,"event_name":"World of Goop","player_choice":"Gather Gold","floor":10.0,"gold_loss":0.0,"damage_taken":11.0},{"damage_healed":0.0,"max_hp_gain":0.0,"max_hp_loss":0.0,"gold_gain":0.0,"event_name":"Duplicator","player_choice":"Copied","floor":19.0,"gold_loss":0.0,"damage_taken":0.0,"cards_obtained":["Grand Finale"]},{"damage_healed":0.0,"max_hp_gain":0.0,"max_hp_loss":0.0,"gold_gain":0.0,"event_name":"Forgotten Altar","player_choice":"Smashed Altar","floor":23.0,"gold_loss":0.0,"damage_taken":0.0,"cards_obtained":["Decay"]},{"damage_healed":0.0,"max_hp_gain":0.0,"max_hp_loss":0.0,"gold_gain":0.0,"event_name":"Vampires","player_choice":"Ignored","floor":29.0,"gold_loss":0.0,"damage_taken":0.0},{"damage_healed":0,"gold_gain":0,"player_choice":"Memory 1","damage_taken":0,"max_hp_gain":0,"max_hp_loss":0,"event_name":"SensoryStone","floor":36,"gold_loss":0},{"damage_healed":58,"gold_gain":0,"player_choice":"Heal","damage_taken":0,"max_hp_gain":0,"max_hp_loss":13,"event_name":"The Moai Head","floor":37,"gold_loss":0},{"damage_healed":0,"gold_gain":0,"player_choice":"Fight","damage_taken":0,"max_hp_gain":0,"max_hp_loss":0,"event_name":"MindBloom","floor":46,"gold_loss":0}],"is_beta":false,"boss_relics":[{"not_picked":["Runic Dome","Coffee Dripper"],"picked":"Pandora\u0027s Box"},{"not_picked":["Runic Pyramid","Astrolabe"],"picked":"Snecko Eye"}],"items_purged_floors":[45],"is_endless":false,"potions_floor_spawned":[1,3,11,18,25,31,33,35,42,46],"ascension_level":19}}