{"host":"rolltorest","time":1610157442,"event":{"mods":["BaseMod","Minty Spire (QoL Compilation)","Relic Stats","Robot Space Explorer","Slay the Relics Exporter","StSLib"],"gold_per_floor":[119,181,181,106,106,131,131,151,151,166,194,209,223,53,53,130,130,149,149,149,167,180,180,191,220,220,220,21,48,48,48,48],"floor_reached":31,"playtime":770,"items_purged":["Decay"],"score":524,"play_id":"4131db35-fe0a-40e2-ac6b-f2c0f9d0ddf5","local_time":"20210108175722","is_ascension_mode":true,"campfire_choices":[{"data":"RobotSpaceExplorer:HighVoltage","floor":7,"key":"SMITH"},{"data":"RobotSpaceExplorer:DoubleFind","floor":15,"key":"SMITH"},{"floor":23,"key":"REST"},{"data":"Ghostly","floor":27,"key":"SMITH"},{"data":"Ghostly","floor":30,"key":"SMITH"}],"circlet_count":0,"master_deck":["AscendersBane","RobotSpaceExplorer:Strike","RobotSpaceExplorer:Strike","RobotSpaceExplorer:Strike","RobotSpaceExplorer:Defend","RobotSpaceExplorer:Defend","RobotSpaceExplorer:Defend","RobotSpaceExplorer:Defend","RobotSpaceExplorer:Scan","RobotSpaceExplorer:MiniLasers","RobotSpaceExplorer:Blitz+1","RobotSpaceExplorer:HighVoltage+1","RobotSpaceExplorer:PlasmaMissile","RobotSpaceExplorer:GearShield","RobotSpaceExplorer:PlasmaMissile","RobotSpaceExplorer:Blitz","RobotSpaceExplorer:Electropulse","RobotSpaceExplorer:DoubleFind+1","RobotSpaceExplorer:Explosion","RobotSpaceExplorer:Calculate","Ghostly+1","Ghostly","Ghostly+1","RobotSpaceExplorer:Explosion","RobotSpaceExplorer:ScrapShield+1"],"relics":["Philosopher\u0027s Stone","Peace Pipe","MealTicket","PreservedInsect","Cursed Key","Strawberry","RobotSpaceExplorer:PlasmaHourglass","Membership Card","Tiny Chest"],"acts_visited":["Exordium","TheCity"],"potions_floor_usage":[22,29],"damage_taken":[{"damage":0,"enemies":"2 Louse","floor":1,"turns":3},{"damage":3,"enemies":"Gremlin Nob","floor":6,"turns":5},{"damage":0,"enemies":"Small Slimes","floor":8,"turns":2},{"damage":0,"enemies":"Jaw Worm","floor":10,"turns":3},{"damage":25,"enemies":"Lagavulin","floor":11,"turns":9},{"damage":0,"enemies":"2 Fungi Beasts","floor":12,"turns":3},{"damage":2,"enemies":"Exordium Thugs","floor":13,"turns":2},{"damage":29,"enemies":"Slime Boss","floor":16,"turns":7},{"damage":17,"enemies":"2 Thieves","floor":18,"turns":3},{"damage":9,"enemies":"3 Byrds","floor":21,"turns":5},{"damage":20,"enemies":"Cultist and Chosen","floor":22,"turns":7},{"damage":2,"enemies":"Snake Plant","floor":24,"turns":5},{"damage":1,"enemies":"Gremlin Leader","floor":25,"turns":6},{"damage":19,"enemies":"Book of Stabbing","floor":29,"turns":4},{"damage":11,"enemies":"Shelled Parasite and Fungi","floor":31,"turns":2}],"seed_played":"-4310724606659487152","potions_obtained":[{"floor":6,"key":"SteroidPotion"},{"floor":10,"key":"FearPotion"},{"floor":20,"key":"RobotSpaceExplorer:LiquidFusion"},{"floor":25,"key":"Swift Potion"}],"is_trial":false,"path_per_floor":["M","?","?","?","?","E","R","M","T","M","E","M","M","$","R","B",null,"M","?","?","M","M","R","M","E","T","R","$","E","R","M"],"character_chosen":"RobotSpaceExplorer","items_purchased":["RobotSpaceExplorer:Electropulse","RobotSpaceExplorer:DoubleFind","Membership Card"],"campfire_rested":1,"item_purchase_floors":[14,14,28],"current_hp_per_floor":[64,64,64,64,64,61,61,61,61,61,36,36,34,49,49,20,58,41,35,35,26,6,16,14,20,20,20,35,16,16,5,5],"gold":48,"neow_bonus":"BOSS_RELIC","is_daily":false,"chose_seed":false,"campfire_upgraded":4,"win_rate":0.0,"timestamp":1610157442,"path_taken":["M","?","?","?","?","E","R","M","T","M","E","?","M","$","R","BOSS","M","?","?","M","?","R","M","E","T","R","$","E","R","M"],"items_purchased_type":["Card","Card","Relic"],"build_version":"2020-12-18","purchased_purges":1,"victory":false,"max_hp_per_floor":[71,71,71,71,71,71,71,71,71,71,71,71,71,71,71,71,71,71,35,35,35,35,35,35,42,42,42,42,42,42,42,42],"relic_stats":{"Peace Pipe":0,"counters":[15,66],"MealTicket":30,"Tiny Chest":0,"PreservedInsect":88,"Cursed Key":1,"obtain_stats":[{"Peace Pipe":6,"Strawberry":25,"RobotSpaceExplorer:PlasmaHourglass":26,"RobotSpaceExplorer:RoboCore":0,"Philosopher\u0027s Stone":0,"MealTicket":9,"Tiny Chest":29,"PreservedInsect":11,"Membership Card":28,"Cursed Key":17},{"Peace Pipe":2,"Strawberry":13,"RobotSpaceExplorer:PlasmaHourglass":13,"RobotSpaceExplorer:RoboCore":0,"Philosopher\u0027s Stone":0,"MealTicket":3,"Tiny Chest":14,"PreservedInsect":5,"Membership Card":13,"Cursed Key":8},{"Peace Pipe":8,"Strawberry":60,"RobotSpaceExplorer:PlasmaHourglass":60,"RobotSpaceExplorer:RoboCore":0,"Philosopher\u0027s Stone":0,"MealTicket":10,"Tiny Chest":64,"PreservedInsect":22,"Membership Card":60,"Cursed Key":34}]},"card_choices":[{"not_picked":["RobotSpaceExplorer:Jetpack","RobotSpaceExplorer:Ammunition"],"picked":"RobotSpaceExplorer:Blitz","floor":1},{"not_picked":["RobotSpaceExplorer:MiniDrones","RobotSpaceExplorer:ShockKick"],"picked":"RobotSpaceExplorer:HighVoltage","floor":6},{"not_picked":["RobotSpaceExplorer:Calculate","RobotSpaceExplorer:ExhaustFan","RobotSpaceExplorer:Probe"],"picked":"SKIP","floor":8},{"not_picked":["RobotSpaceExplorer:StunGrenade","RobotSpaceExplorer:FrostMissile"],"picked":"RobotSpaceExplorer:PlasmaMissile","floor":10},{"not_picked":["RobotSpaceExplorer:Electroshield","RobotSpaceExplorer:Ammunition"],"picked":"RobotSpaceExplorer:GearShield","floor":11},{"not_picked":["RobotSpaceExplorer:SurgingShield","RobotSpaceExplorer:ScrapMissile"],"picked":"RobotSpaceExplorer:PlasmaMissile","floor":12},{"not_picked":["RobotSpaceExplorer:Smokescreen","RobotSpaceExplorer:SelfCleaning"],"picked":"RobotSpaceExplorer:Blitz","floor":13},{"not_picked":["RobotSpaceExplorer:Accelerator","RobotSpaceExplorer:Blaster"],"picked":"RobotSpaceExplorer:Explosion","floor":16},{"not_picked":["RobotSpaceExplorer:SurgingStrike+1","RobotSpaceExplorer:ScrapMissile"],"picked":"RobotSpaceExplorer:Calculate","floor":18},{"not_picked":["RobotSpaceExplorer:SlimeMissile","RobotSpaceExplorer:Counterblock","RobotSpaceExplorer:ScrapMissile"],"picked":"SKIP","floor":21},{"not_picked":["RobotSpaceExplorer:SwiftStep","RobotSpaceExplorer:ImprovisedAttack"],"picked":"RobotSpaceExplorer:Explosion","floor":22},{"not_picked":["RobotSpaceExplorer:SlimeMissile","RobotSpaceExplorer:DualCore","RobotSpaceExplorer:GearShield"],"picked":"SKIP","floor":24},{"not_picked":["RobotSpaceExplorer:GlueShot","RobotSpaceExplorer:FreezingShield"],"picked":"RobotSpaceExplorer:ScrapShield+1","floor":25},{"not_picked":["RobotSpaceExplorer:Probe","RobotSpaceExplorer:Ammunition","RobotSpaceExplorer:StunGrenade"],"picked":"SKIP","floor":29}],"player_experience":1792191,"relics_obtained":[{"floor":6,"key":"Peace Pipe"},{"floor":9,"key":"MealTicket"},{"floor":11,"key":"PreservedInsect"},{"floor":25,"key":"Strawberry"},{"floor":26,"key":"RobotSpaceExplorer:PlasmaHourglass"},{"floor":29,"key":"Tiny Chest"}],"event_choices":[{"damage_healed":0,"gold_gain":62,"player_choice":"Gained Gold","damage_taken":0,"max_hp_gain":0,"max_hp_loss":0,"event_name":"Golden Wing","floor":2,"gold_loss":0},{"damage_healed":0,"gold_gain":0,"player_choice":"Grow","damage_taken":0,"max_hp_gain":0,"max_hp_loss":0,"event_name":"Living Wall","floor":3,"gold_loss":0,"cards_upgraded":["RobotSpaceExplorer:Blitz"]},{"cards_removed":["RobotSpaceExplorer:Strike"],"damage_healed":0,"gold_gain":0,"player_choice":"Card Removal","damage_taken":0,"max_hp_gain":0,"max_hp_loss":0,"event_name":"The Cleric","floor":4,"gold_loss":75},{"damage_healed":0,"gold_gain":0,"player_choice":"0 cards matched","damage_taken":0,"max_hp_gain":0,"max_hp_loss":0,"event_name":"Match and Keep!","floor":5,"gold_loss":0,"cards_obtained":[]},{"damage_healed":0,"gold_gain":0,"player_choice":"Became a Ghost","damage_taken":0,"max_hp_gain":0,"max_hp_loss":36,"event_name":"Ghosts","floor":19,"gold_loss":0,"cards_obtained":["Ghostly","Ghostly","Ghostly"]},{"damage_healed":0,"gold_gain":0,"player_choice":"Got Potions","damage_taken":0,"max_hp_gain":0,"max_hp_loss":0,"event_name":"Lab","floor":20,"gold_loss":0}],"is_beta":true,"boss_relics":[{"not_picked":["Astrolabe","RobotSpaceExplorer:Reprocessor"],"picked":"Cursed Key"}],"items_purged_floors":[28],"is_endless":false,"potions_floor_spawned":[6,10,12,18,21,25],"killed_by":"Shelled Parasite and Fungi","ascension_level":17}}