{"host":"9hmnsypyq1c5u7i3","time":1610223284,"event":{"mods":["BaseMod","Bestiary","Hermit","Marisa????????","Minty Spire (QoL Compilation)","Quick Restart","Relic Stats","StSLib","The Cursed","The Hierophant"],"gold_per_floor":[114,114,39,57,57,57,57,45,72,91,115,38,50,42,42,84,84,101,101,26,21,36,54,0,0,0,42,42,42,98,16,16,0,0],"floor_reached":33,"playtime":2675,"items_purged":[],"score":483,"play_id":"7ec4483b-d726-455a-972d-858773cf653d","local_time":"20210109141444","is_ascension_mode":true,"campfire_choices":[{"data":"hierophant:Punish","floor":6.0,"key":"SMITH"},{"data":"hierophant:OrnateBuckler","floor":15.0,"key":"SMITH"},{"floor":25.0,"key":"REST"},{"floor":32.0,"key":"REST"}],"circlet_count":0,"master_deck":["AscendersBane","hierophant:Strike_Hierophant+1","hierophant:Strike_Hierophant+1","hierophant:Punish+1","hierophant:Defend_Hierophant+1","hierophant:Defend_Hierophant+1","hierophant:Defend_Hierophant+1","hierophant:Defend_Hierophant+1","hierophant:ChurchCoffers","hierophant:HolyVerse+1","hierophant:SolarFlare+1","hierophant:Doomsaying","hierophant:DivineIntervention","hierophant:Levitation","hierophant:OrnateBuckler+1","hierophant:LocustPlague","Necronomicurse","hierophant:SecretStash","hierophant:Chorus+1","hierophant:Glossolalia"],"relics":["hierophant:PropheticMaskRelic","Blue Candle","Lantern","Potion Belt","Pen Nib","Smiling Mask","Black Star","Necronomicon","Anchor","Matryoshka","MutagenicStrength","Singing Bowl","Molten Egg 2"],"acts_visited":["Exordium","TheCity"],"potions_floor_usage":[33],"damage_taken":[{"damage":0.0,"enemies":"2 Louse","floor":1.0,"turns":2.0},{"damage":0.0,"enemies":"Small Slimes","floor":4.0,"turns":2.0},{"damage":5.0,"enemies":"3 Sentries","floor":8.0,"turns":5.0},{"damage":1.0,"enemies":"Cultist","floor":10.0,"turns":4.0},{"damage":8.0,"enemies":"Gremlin Nob","floor":11.0,"turns":3.0},{"damage":0.0,"enemies":"2 Fungi Beasts","floor":13.0,"turns":3.0},{"damage":6.0,"enemies":"Lagavulin","floor":14.0,"turns":5.0},{"damage":1.0,"enemies":"Slime Boss","floor":16.0,"turns":7.0},{"damage":3.0,"enemies":"Shell Parasite","floor":18.0,"turns":3.0},{"damage":3.0,"enemies":"2 Thieves","floor":21.0,"turns":3.0},{"damage":4.0,"enemies":"Shelled Parasite and Fungi","floor":22.0,"turns":3.0},{"damage":21.0,"enemies":"Book of Stabbing","floor":23.0,"turns":3.0},{"damage":32.0,"enemies":"Snecko","floor":27.0,"turns":4.0},{"damage":0.0,"enemies":"Slavers","floor":30.0,"turns":2.0},{"damage":62,"enemies":"Champ","floor":33,"turns":10}],"seed_played":"-3554141218080678887","potions_obtained":[{"floor":1.0,"key":"AttackPotion"},{"floor":10.0,"key":"Energy Potion"},{"floor":13.0,"key":"AttackPotion"},{"floor":14.0,"key":"FearPotion"},{"floor":16.0,"key":"SteroidPotion"},{"floor":18.0,"key":"Energy Potion"},{"floor":22.0,"key":"SpeedPotion"},{"floor":23.0,"key":"Swift Potion"}],"is_trial":false,"path_per_floor":["M","?","?","M","?","R","?","E","T","M","E","$","M","E","R","B",null,"M","?","?","M","M","E","?","R","T","M","?","?","E","$","R","B"],"character_chosen":"HIEROPHANT","items_purchased":["hierophant:Levitation","hierophant:Glossolalia"],"campfire_rested":2,"item_purchase_floors":[12,31],"current_hp_per_floor":[75,64,64,64,64,64,64,59,59,58,50,50,50,44,44,43,72,69,48,48,45,41,20,20,44,44,12,12,12,14,14,39,0,0],"gold":0,"neow_bonus":"TEN_PERCENT_HP_BONUS","is_daily":false,"chose_seed":false,"campfire_upgraded":2,"win_rate":0.0,"timestamp":1610223284,"path_taken":["M","?","?","M","?","R","?","E","T","M","E","$","?","E","R","BOSS","M","?","?","?","M","E","?","R","T","M","?","?","E","$","R","BOSS"],"items_purchased_type":["Card","Card"],"build_version":"2020-12-22","purchased_purges":0,"victory":false,"max_hp_per_floor":[82,82,82,82,82,82,82,82,82,82,82,82,82,82,82,82,82,82,82,82,82,82,82,82,82,82,82,82,82,84,84,84,84,84],"relic_stats":{"Singing Bowl":2,"counters":[15,59],"Blue Candle":[1],"Pen Nib":[5],"Black Star":2,"Necronomicon":[13],"Smiling Mask":0,"obtain_stats":[{"Potion Belt":9,"Lantern":8,"Singing Bowl":30,"hierophant:PropheticMaskRelic":0,"Blue Candle":2,"Pen Nib":11,"Smiling Mask":14,"Anchor":23,"Matryoshka":26,"MutagenicStrength":29,"Molten Egg 2":30,"Black Star":17,"Necronomicon":19},{"Potion Belt":3,"Lantern":3,"Singing Bowl":14,"hierophant:PropheticMaskRelic":0,"Blue Candle":1,"Pen Nib":5,"Smiling Mask":7,"Anchor":12,"Matryoshka":12,"MutagenicStrength":13,"Molten Egg 2":14,"Black Star":8,"Necronomicon":9},{"Potion Belt":9,"Lantern":9,"Singing Bowl":49,"hierophant:PropheticMaskRelic":0,"Blue Candle":2,"Pen Nib":16,"Smiling Mask":24,"Anchor":43,"Matryoshka":43,"MutagenicStrength":47,"Molten Egg 2":49,"Black Star":31,"Necronomicon":34}]},"card_choices":[{"not_picked":["hierophant:RecallFunds","hierophant:Remorse"],"picked":"hierophant:HolyVerse","floor":1.0},{"not_picked":["hierophant:FieryStrike","hierophant:RepressedViolence"],"picked":"hierophant:SolarFlare","floor":4.0},{"not_picked":["hierophant:Community","hierophant:MorningPrayer","hierophant:FaithHealing"],"picked":"SKIP","floor":8.0},{"not_picked":["hierophant:Bribe","hierophant:Doubloon"],"picked":"hierophant:Doomsaying","floor":10.0},{"not_picked":["hierophant:Shelter","hierophant:AuricBeam"],"picked":"hierophant:DivineIntervention","floor":11.0},{"not_picked":["hierophant:RustyCrate","hierophant:Doomsaying","hierophant:Remorse"],"picked":"SKIP","floor":13.0},{"not_picked":["hierophant:ConvertCurrency","hierophant:RustyCrate"],"picked":"hierophant:OrnateBuckler","floor":14.0},{"not_picked":["hierophant:Generosity","hierophant:MintersHammer"],"picked":"hierophant:LocustPlague","floor":16.0},{"not_picked":["hierophant:AuricBeam","hierophant:OrnateBuckler","hierophant:HolyVerse"],"picked":"SKIP","floor":18.0},{"not_picked":["hierophant:Encroach","hierophant:Doubloon","hierophant:HolyVerse"],"picked":"SKIP","floor":21.0},{"not_picked":["hierophant:Sermon","hierophant:AuricBeam"],"picked":"hierophant:SecretStash","floor":22.0},{"not_picked":["hierophant:ThreeLashes","hierophant:OrnateJavelin"],"picked":"hierophant:Chorus+1","floor":23.0},{"not_picked":["hierophant:Purify","hierophant:Rebuild","hierophant:MorningPrayer"],"picked":"SKIP","floor":27.0},{"not_picked":["hierophant:Generosity","hierophant:Doubloon","hierophant:RustyCrate"],"picked":"Singing Bowl","floor":30.0}],"player_experience":821650,"relics_obtained":[{"floor":8.0,"key":"Lantern"},{"floor":9.0,"key":"Potion Belt"},{"floor":11.0,"key":"Pen Nib"},{"floor":14.0,"key":"Smiling Mask"},{"floor":19.0,"key":"Necronomicon"},{"floor":23.0,"key":"Anchor"},{"floor":26.0,"key":"Matryoshka"},{"floor":30.0,"key":"Singing Bowl"},{"floor":30.0,"key":"Molten Egg 2"}],"event_choices":[{"damage_healed":0.0,"max_hp_gain":0.0,"max_hp_loss":0.0,"gold_gain":0.0,"event_name":"Scrap Ooze","player_choice":"Success","floor":2.0,"gold_loss":0.0,"damage_taken":11.0,"relics_obtained":["Blue Candle"]},{"cards_removed":["hierophant:Strike_Hierophant"],"damage_healed":0.0,"max_hp_gain":0.0,"max_hp_loss":0.0,"gold_gain":0.0,"event_name":"The Cleric","player_choice":"Card Removal","floor":3.0,"gold_loss":75.0,"damage_taken":0.0},{"damage_healed":0.0,"max_hp_gain":0.0,"max_hp_loss":0.0,"gold_gain":0.0,"event_name":"Living Wall","player_choice":"Grow","floor":5.0,"gold_loss":0.0,"damage_taken":0.0,"cards_upgraded":["hierophant:SolarFlare"]},{"damage_healed":0.0,"max_hp_gain":0.0,"max_hp_loss":0.0,"gold_gain":0.0,"event_name":"Upgrade Shrine","player_choice":"Upgraded","floor":7.0,"gold_loss":0.0,"damage_taken":0.0,"cards_upgraded":["hierophant:HolyVerse"]},{"damage_healed":0.0,"max_hp_gain":0.0,"max_hp_loss":0.0,"gold_gain":0.0,"event_name":"Cursed Tome","player_choice":"Obtained Book","floor":19.0,"gold_loss":0.0,"damage_taken":21.0},{"cards_removed":["hierophant:Strike_Hierophant"],"damage_healed":0.0,"max_hp_gain":0.0,"max_hp_loss":0.0,"gold_gain":0.0,"event_name":"Beggar","player_choice":"Gave Gold","floor":20.0,"gold_loss":75.0,"damage_taken":0.0},{"damage_healed":0.0,"max_hp_gain":0.0,"max_hp_loss":0.0,"gold_gain":0.0,"event_name":"Masked Bandits","player_choice":"Paid Fearfully","floor":24.0,"gold_loss":54.0,"damage_taken":0.0},{"damage_healed":0.0,"max_hp_gain":0.0,"max_hp_loss":0.0,"gold_gain":0.0,"event_name":"Back to Basics","player_choice":"Simplicity","floor":28.0,"gold_loss":0.0,"damage_taken":0.0,"cards_upgraded":["hierophant:Strike_Hierophant","hierophant:Strike_Hierophant","hierophant:Defend_Hierophant","hierophant:Defend_Hierophant","hierophant:Defend_Hierophant","hierophant:Defend_Hierophant"]},{"damage_healed":0.0,"max_hp_gain":0.0,"max_hp_loss":0.0,"gold_gain":0.0,"event_name":"Drug Dealer","player_choice":"Inject Mutagens","floor":29.0,"gold_loss":0.0,"damage_taken":0.0,"relics_obtained":["MutagenicStrength"]}],"is_beta":false,"boss_relics":[{"not_picked":["Busted Crown","Calling Bell"],"picked":"Black Star"}],"items_purged_floors":[],"is_endless":false,"potions_floor_spawned":[1,10,13,14,16,18,22,23],"killed_by":"Champ","ascension_level":15}}