{"host":"gf95gjygaqy6b70i","time":1610202136,"event":{"mods":["BaseMod","Colored Map","Colored Powertips","Minty Spire (QoL Compilation)"],"gold_per_floor":[113,25,25,41,2,2,35,35,60,72,87,115,133,168,168,272,272,291,291,301,312,327,356,356,126,206,206,225,245,261,261,261,361,361,379,379,259,275,322,322,347,365,391,408,418,418,432,121,121,121],"floor_reached":51,"playtime":2506,"items_purged":["Strike_R"],"score":771,"play_id":"4e599d12-282a-43ec-bf5d-b2e83dcadf12","local_time":"20210109152216","is_ascension_mode":false,"campfire_choices":[{"data":"Heavy Blade","floor":6,"key":"SMITH"},{"floor":8,"key":"REST"},{"floor":15,"key":"REST"},{"floor":24,"key":"REST"},{"data":"Flex","floor":27,"key":"SMITH"},{"floor":32,"key":"REST"},{"floor":40,"key":"REST"},{"floor":46,"key":"REST"},{"data":"1","floor":49,"key":"LIFT"}],"circlet_count":0,"master_deck":["Strike_R","Strike_R","Defend_R","Defend_R","Bash","Inflame","Panacea","Heavy Blade+1","Inflame","Flex+1","Clothesline+1","Shrug It Off","Pommel Strike+1","Rampage+1","Whirlwind+1","Limit Break","CurseOfTheBell","Metallicize+1","Ghostly Armor","Warcry","Fire Breathing","Iron Wave+1","Metallicize","Carnage+1","Inflame","Disarm","Flame Barrier","Seeing Red","Feed+1","Bandage Up","Uppercut+1","Shrug It Off","Thunderclap+1","Twin Strike+1","Sword Boomerang+1","Power Through+1","Intimidate+1","Battle Trance","Feel No Pain"],"relics":["Empty Cage","Molten Egg 2","PreservedInsect","Bottled Tornado","CaptainsWheel","Calling Bell","MealTicket","Mummified Hand","Incense Burner","Ornamental Fan","Membership Card","Sundial","Runic Dome","Girya","Oddly Smooth Stone","Anchor","Champion Belt","TheAbacus"],"acts_visited":["Exordium","TheCity","TheBeyond"],"potions_floor_usage":[12,13,23,23,33,38,39,50,50],"damage_taken":[{"damage":11,"enemies":"Jaw Worm","floor":1,"turns":4},{"damage":1,"enemies":"Cultist","floor":4,"turns":3},{"damage":16,"enemies":"3 Sentries","floor":7,"turns":6},{"damage":7,"enemies":"2 Louse","floor":10,"turns":3},{"damage":4,"enemies":"2 Fungi Beasts","floor":11,"turns":3},{"damage":3,"enemies":"Gremlin Nob","floor":12,"turns":3},{"damage":19,"enemies":"Exordium Thugs","floor":13,"turns":4},{"damage":26,"enemies":"Lagavulin","floor":14,"turns":4},{"damage":35,"enemies":"Hexaghost","floor":16,"turns":8},{"damage":23,"enemies":"Shell Parasite","floor":18,"turns":4},{"damage":11,"enemies":"2 Thieves","floor":20,"turns":3},{"damage":0,"enemies":"Sentry and Sphere","floor":21,"turns":5},{"damage":18,"enemies":"3 Cultists","floor":22,"turns":5},{"damage":11,"enemies":"Book of Stabbing","floor":23,"turns":5},{"damage":0,"enemies":"Cultist and Chosen","floor":28,"turns":4},{"damage":29,"enemies":"Centurion and Healer","floor":29,"turns":6},{"damage":0,"enemies":"Snecko","floor":30,"turns":4},{"damage":36,"enemies":"Champ","floor":33,"turns":10},{"damage":3,"enemies":"Orb Walker","floor":35,"turns":3},{"damage":30,"enemies":"3 Darklings","floor":38,"turns":8},{"damage":21,"enemies":"2 Orb Walkers","floor":39,"turns":4},{"damage":4,"enemies":"Nemesis","floor":41,"turns":5},{"damage":0,"enemies":"Transient","floor":42,"turns":5},{"damage":14,"enemies":"Writhing Mass","floor":44,"turns":5},{"damage":2,"enemies":"Jaw Worm Horde","floor":45,"turns":3},{"damage":1,"enemies":"4 Shapes","floor":47,"turns":5},{"damage":30,"enemies":"Time Eater","floor":50,"turns":9}],"seed_played":"-7453877607782221162","potions_obtained":[{"floor":7,"key":"BloodPotion"},{"floor":11,"key":"ColorlessPotion"},{"floor":13,"key":"BloodPotion"},{"floor":18,"key":"Weak Potion"},{"floor":23,"key":"Fire Potion"},{"floor":28,"key":"LiquidMemories"},{"floor":35,"key":"DuplicationPotion"},{"floor":42,"key":"SpeedPotion"},{"floor":44,"key":"EssenceOfSteel"},{"floor":45,"key":"Explosive Potion"}],"is_trial":false,"path_per_floor":["M","$","?","M","$","R","E","R","T","M","M","E","M","E","R","B",null,"M","?","M","M","M","E","R","$","T","R","M","M","M","?","R","B",null,"M","?","$","M","?","R","E","M","T","M","M","R","M","$","R","B",null],"character_chosen":"IRONCLAD","items_purchased":["Panacea","Inflame","Carnage+1","Membership Card","Inflame","Bandage Up","Uppercut+1","Battle Trance","Champion Belt","Feel No Pain","TheAbacus"],"campfire_rested":6,"item_purchase_floors":[2,5,25,25,25,37,37,48,48,48,48],"current_hp_per_floor":[69,69,69,68,68,68,52,76,76,69,65,62,59,33,57,22,80,57,57,46,46,28,33,57,72,72,72,72,43,43,43,67,31,80,77,77,80,54,33,57,57,57,57,43,45,70,73,84,84,58],"gold":121,"neow_bonus":"BOSS_RELIC","is_daily":false,"chose_seed":false,"campfire_upgraded":2,"win_rate":0.0,"timestamp":1610202136,"path_taken":["M","$","?","M","?","R","E","R","T","M","M","E","?","E","R","BOSS","M","?","M","?","M","E","R","$","T","R","M","M","M","?","R","BOSS","M","?","$","M","?","R","E","M","T","M","?","R","M","$","R","BOSS"],"items_purchased_type":["Card","Card","Card","Relic","Card","Card","Card","Card","Relic","Card","Relic"],"build_version":"2020-12-22","purchased_purges":1,"victory":true,"max_hp_per_floor":[80,80,80,80,80,80,80,80,80,80,80,80,80,80,80,80,80,80,80,80,80,80,80,80,80,80,80,80,80,80,80,80,80,80,80,80,80,80,80,80,80,80,80,80,84,84,84,84,84,84],"card_choices":[{"not_picked":["Flex","Disarm"],"picked":"Inflame","floor":1},{"not_picked":["Headbutt","Clothesline"],"picked":"Heavy Blade","floor":4},{"not_picked":["Armaments","Headbutt+1"],"picked":"Flex","floor":7},{"not_picked":["Rupture","Anger+1"],"picked":"Clothesline+1","floor":10},{"not_picked":["Clash+1","Warcry"],"picked":"Shrug It Off","floor":11},{"not_picked":["Clothesline+1","Thunderclap+1"],"picked":"Pommel Strike+1","floor":12},{"not_picked":["Combust","Sever Soul+1"],"picked":"Rampage+1","floor":13},{"not_picked":["Impervious","Headbutt+1"],"picked":"Whirlwind+1","floor":14},{"not_picked":["Fiend Fire+1","Bludgeon+1"],"picked":"Limit Break","floor":16},{"not_picked":["Rage","Twin Strike+1"],"picked":"Metallicize+1","floor":18},{"not_picked":["Bloodletting","Headbutt+1"],"picked":"Warcry","floor":20},{"not_picked":["Intimidate+1","Perfected Strike+1"],"picked":"Fire Breathing","floor":21},{"not_picked":["Carnage+1","Reckless Charge+1"],"picked":"Iron Wave+1","floor":22},{"not_picked":["Hemokinesis+1","Iron Wave+1"],"picked":"Metallicize","floor":23},{"not_picked":["Clothesline+1","Bludgeon+1"],"picked":"Disarm","floor":28},{"not_picked":["Heavy Blade+1","Pommel Strike+1"],"picked":"Flame Barrier","floor":29},{"not_picked":["Ghostly Armor","Entrench+1"],"picked":"Seeing Red","floor":30},{"not_picked":["Corruption","Brutality"],"picked":"Feed+1","floor":33},{"not_picked":["Second Wind","Warcry","Combust"],"picked":"SKIP","floor":35},{"not_picked":["Disarm","Body Slam+1"],"picked":"Shrug It Off","floor":38},{"not_picked":["Sword Boomerang+1","Clothesline+1"],"picked":"Thunderclap+1","floor":39},{"not_picked":["Rampage+1","Ghostly Armor"],"picked":"Twin Strike+1","floor":41},{"not_picked":["Entrench+1","Twin Strike+1"],"picked":"Sword Boomerang+1","floor":42},{"not_picked":["Dual Wield","Flame Barrier+1"],"picked":"Power Through+1","floor":44},{"not_picked":["Clash+1","Flex+1","Shrug It Off+1"],"picked":"SKIP","floor":45},{"not_picked":["Shrug It Off+1","Clash+1"],"picked":"Intimidate+1","floor":47}],"player_experience":18162,"relics_obtained":[{"floor":7,"key":"Molten Egg 2"},{"floor":9,"key":"PreservedInsect"},{"floor":12,"key":"Bottled Tornado"},{"floor":14,"key":"CaptainsWheel"},{"floor":17,"key":"MealTicket"},{"floor":17,"key":"Mummified Hand"},{"floor":17,"key":"Incense Burner"},{"floor":23,"key":"Ornamental Fan"},{"floor":26,"key":"Sundial"},{"floor":39,"key":"Girya"},{"floor":41,"key":"Oddly Smooth Stone"},{"floor":43,"key":"Anchor"}],"event_choices":[{"cards_removed":["Defend_R"],"damage_healed":0,"gold_gain":0,"player_choice":"Took Card","damage_taken":0,"max_hp_gain":0,"max_hp_loss":0,"event_name":"NoteForYourself","floor":3,"gold_loss":0,"cards_obtained":["Iron Wave"]},{"damage_healed":0,"gold_gain":0,"cards_transformed":["Strike_R"],"player_choice":"Transformed","damage_taken":0,"max_hp_gain":0,"max_hp_loss":0,"event_name":"Transmorgrifier","floor":19,"gold_loss":0,"cards_obtained":["Ghostly Armor"]},{"damage_healed":0,"gold_gain":0,"player_choice":"Ignored","damage_taken":0,"max_hp_gain":0,"max_hp_loss":0,"event_name":"Vampires","floor":31,"gold_loss":0},{"cards_removed":["Iron Wave"],"damage_healed":0,"gold_gain":0,"player_choice":"Removed Attack","damage_taken":0,"max_hp_gain":0,"max_hp_loss":0,"event_name":"Falling","floor":36,"gold_loss":0},{"damage_healed":0,"gold_gain":0,"player_choice":"Fight","damage_taken":0,"max_hp_gain":0,"max_hp_loss":0,"event_name":"Mysterious Sphere","floor":39,"gold_loss":0}],"is_beta":false,"boss_relics":[{"not_picked":["Astrolabe","Coffee Dripper"],"picked":"Calling Bell"},{"not_picked":["Runic Cube","Black Star"],"picked":"Runic Dome"}],"items_purged_floors":[37],"is_endless":false,"potions_floor_spawned":[7,11,13,18,23,28,35,42,44,45],"ascension_level":0}}