{"host":"fubl5olmpa6illow","time":1610204952,"event":{"mods":["BaseMod","Colored Map","Colored Powertips","Highlight Path","Minty Spire (QoL Compilation)","Quick Restart","Random Character Button","Relic Sorter","Relic Stats"],"gold_per_floor":[119,69,169,182,193,205,205,230,242,273,314,326,350,392,404,518,530,557,569,581,608,637,649,371,384,384,384,401,401,416,428,428,529,579,597,607,283,331,346,376,395,395,395,405,440,460,460,479,479,479,479,479,0,35,35,35],"floor_reached":55,"playtime":10914,"items_purged":["Strike_P","Defend_P"],"score":1055,"play_id":"11aa8b9a-e432-4aa1-96e4-017faeb4e690","local_time":"20210109160912","is_ascension_mode":false,"campfire_choices":[{"data":"Crescendo","floor":7,"key":"SMITH"},{"data":"Blasphemy","floor":12,"key":"SMITH"},{"floor":15,"key":"REST"},{"data":"DevaForm","floor":23,"key":"SMITH"},{"floor":27,"key":"RECALL"},{"floor":29,"key":"REST"},{"data":"SpiritShield","floor":32,"key":"SMITH"},{"floor":47,"key":"REST"},{"data":"Fasting2","floor":49,"key":"SMITH"},{"data":"Fasting2","floor":52,"key":"SMITH"}],"circlet_count":0,"master_deck":["Strike_P","Strike_P","Strike_P","Defend_P+1","Defend_P","Defend_P","Eruption","Vigilance","FollowUp","CutThroughFate","Crescendo+1","WaveOfTheHand","SpiritShield+1","FlyingSleeves","Blasphemy+1","CrushJoints","Halt","DevaForm+1","SashWhip+1","Fasting2+1","ReachHeaven","ClearTheMind+1","MentalFortress","SpiritShield","Halt+1","Conclude","EmptyMind+1","FlurryOfBlows+1","FlurryOfBlows+1","CarveReality+1","BowlingBash+1","Alpha+1","Fasting2+1","ThirdEye+1","Omniscience+1"],"relics":["Runic Pyramid","MawBank","Bag of Preparation","The Courier","Question Card","Philosopher\u0027s Stone","Nilry\u0027s Codex","Thread and Needle","Tiny House","Frozen Eye","Lantern","Gambling Chip","Nunchaku","Toxic Egg 2","Juzu Bracelet","Oddly Smooth Stone","Anchor","Mummified Hand","Orichalcum"],"acts_visited":["TheCity","TheBeyond","TheEnding"],"potions_floor_usage":[21,22,22,30,38,45,46,50,54,55,55],"damage_taken":[{"damage":0,"enemies":"Cultist","floor":1,"turns":3},{"damage":0,"enemies":"2 Louse","floor":4,"turns":2},{"damage":0,"enemies":"Small Slimes","floor":5,"turns":2},{"damage":0,"enemies":"Looter","floor":6,"turns":4},{"damage":10,"enemies":"Lagavulin","floor":8,"turns":5},{"damage":0,"enemies":"3 Louse","floor":10,"turns":3},{"damage":28,"enemies":"Gremlin Nob","floor":11,"turns":4},{"damage":3,"enemies":"Red Slaver","floor":13,"turns":2},{"damage":8,"enemies":"3 Sentries","floor":14,"turns":4},{"damage":17,"enemies":"The Guardian","floor":16,"turns":10},{"damage":0,"enemies":"Spheric Guardian","floor":18,"turns":4},{"damage":9,"enemies":"Shell Parasite","floor":21,"turns":4},{"damage":9,"enemies":"Sentry and Sphere","floor":22,"turns":4},{"damage":0,"enemies":"Snecko","floor":25,"turns":4},{"damage":3,"enemies":"3 Cultists","floor":28,"turns":5},{"damage":0,"enemies":"Centurion and Healer","floor":30,"turns":3},{"damage":3,"enemies":"Snecko","floor":31,"turns":4},{"damage":0,"enemies":"Automaton","floor":33,"turns":8},{"damage":5,"enemies":"Orb Walker","floor":35,"turns":4},{"damage":0,"enemies":"3 Shapes","floor":36,"turns":3},{"damage":11,"enemies":"2 Orb Walkers","floor":38,"turns":6},{"damage":0,"enemies":"Maw","floor":39,"turns":7},{"damage":0,"enemies":"Giant Head","floor":40,"turns":8},{"damage":6,"enemies":"3 Darklings","floor":41,"turns":4},{"damage":9,"enemies":"4 Shapes","floor":44,"turns":2},{"damage":4,"enemies":"Reptomancer","floor":45,"turns":4},{"damage":21,"enemies":"Transient","floor":46,"turns":5},{"damage":0,"enemies":"Maw","floor":48,"turns":6},{"damage":23,"enemies":"Donu and Deca","floor":50,"turns":7},{"damage":37,"enemies":"Shield and Spear","floor":54,"turns":8},{"damage":42,"enemies":"The Heart","floor":55,"turns":5}],"seed_played":"-3439862636595835210","potions_obtained":[{"floor":4,"key":"Ancient Potion"},{"floor":6,"key":"Strength Potion"},{"floor":11,"key":"EntropicBrew"},{"floor":13,"key":"LiquidMemories"},{"floor":16,"key":"StancePotion"},{"floor":22,"key":"SpeedPotion"},{"floor":28,"key":"Fire Potion"},{"floor":34,"key":"StancePotion"},{"floor":35,"key":"EssenceOfSteel"},{"floor":38,"key":"GamblersBrew"},{"floor":45,"key":"LiquidMemories"},{"floor":46,"key":"PowerPotion"},{"floor":48,"key":"DuplicationPotion"},{"floor":54,"key":"Strength Potion"}],"is_trial":false,"path_per_floor":["M","$","?","M","M","M","R","E","T","M","E","R","M","E","R","B",null,"M","?","?","M","M","R","$","M","T","R","M","R","M","M","R","B",null,"M","M","$","?","M","E","M","?","T","M","E","M","R","M","R","B",null,"R","$","E","B"],"character_chosen":"WATCHER","items_purchased":["CutThroughFate","Thread and Needle","Frozen Eye","Lantern","ThirdEye+1","Oddly Smooth Stone","Anchor","Mummified Hand"],"campfire_rested":3,"item_purchase_floors":[2,24,37,37,53,53,53,53],"current_hp_per_floor":[72,72,72,72,72,72,72,62,62,62,34,34,31,23,44,27,72,72,72,56,47,38,38,38,38,38,38,35,56,56,53,53,53,77,72,72,72,61,61,61,55,55,55,46,42,21,44,44,44,21,77,77,77,40,0,0],"gold":35,"neow_bonus":"BOSS_RELIC","is_daily":false,"chose_seed":false,"campfire_upgraded":6,"win_rate":0.0,"timestamp":1610204952,"path_taken":["M","?","?","M","M","M","R","E","T","M","E","R","M","E","R","BOSS","M","?","?","M","M","R","$","M","T","R","M","R","M","M","R","BOSS","M","M","$","?","M","E","M","?","T","?","E","M","R","M","R","BOSS","R","$","E","BOSS"],"items_purchased_type":["Card","Relic","Relic","Relic","Card","Relic","Relic","Relic"],"build_version":"2020-12-22","purchased_purges":2,"victory":false,"max_hp_per_floor":[72,72,72,72,72,72,72,72,72,72,72,72,72,72,72,72,72,72,72,72,72,72,72,72,72,72,72,72,72,72,72,72,72,77,77,77,77,77,77,77,77,77,77,77,77,77,77,77,77,77,77,77,77,77,77,77],"relic_stats":{"Nunchaku":[14],"counters":[31,144],"Mummified Hand":[9],"Gambling Chip":[41],"Bag of Preparation":[52],"Juzu Bracelet":0,"Orichalcum":[0],"MawBank":192,"Question Card":21,"obtain_stats":[{"Lantern":37,"Tiny House":34,"Nilry\u0027s Codex":20,"Oddly Smooth Stone":53,"Thread and Needle":24,"The Courier":11,"Bag of Preparation":9,"Juzu Bracelet":45,"Orichalcum":54,"MawBank":8,"Question Card":14,"Frozen Eye":37,"Nunchaku":40,"Anchor":53,"Mummified Hand":53,"Gambling Chip":38,"Philosopher\u0027s Stone":17,"Toxic Egg 2":43,"Runic Pyramid":0},{"Lantern":20,"Tiny House":18,"Nilry\u0027s Codex":11,"Oddly Smooth Stone":29,"Thread and Needle":13,"The Courier":7,"Bag of Preparation":5,"Juzu Bracelet":26,"Orichalcum":30,"MawBank":5,"Question Card":9,"Frozen Eye":20,"Nunchaku":23,"Anchor":29,"Mummified Hand":29,"Gambling Chip":21,"Philosopher\u0027s Stone":10,"Toxic Egg 2":24,"Runic Pyramid":0},{"Lantern":82,"Tiny House":75,"Nilry\u0027s Codex":43,"Oddly Smooth Stone":131,"Thread and Needle":51,"The Courier":23,"Bag of Preparation":16,"Juzu Bracelet":113,"Orichalcum":139,"MawBank":16,"Question Card":29,"Frozen Eye":82,"Nunchaku":103,"Anchor":131,"Mummified Hand":131,"Gambling Chip":88,"Philosopher\u0027s Stone":39,"Toxic Egg 2":107,"Runic Pyramid":0}]},"card_choices":[{"not_picked":["Protect","ClearTheMind"],"picked":"FollowUp","floor":1},{"not_picked":["Evaluate","PathToVictory"],"picked":"Crescendo","floor":4},{"not_picked":["Vengeance","WindmillStrike"],"picked":"WaveOfTheHand","floor":5},{"not_picked":["FlyingSleeves","Protect"],"picked":"SpiritShield","floor":6},{"not_picked":["FlyingSleeves","FollowUp","Tantrum"],"picked":"SKIP","floor":8},{"not_picked":["Fasting2","Crescendo"],"picked":"FlyingSleeves","floor":10},{"not_picked":["ThirdEye","Halt"],"picked":"Blasphemy","floor":11},{"not_picked":["BowlingBash","EmptyBody"],"picked":"CrushJoints","floor":13},{"not_picked":["BattleHymn","DeusExMachina"],"picked":"Halt","floor":14},{"not_picked":["Brilliance","Omniscience","Scrawl"],"picked":"DevaForm","floor":16},{"not_picked":["Prostrate","Study","JustLucky"],"picked":"SashWhip+1","floor":18},{"not_picked":["SignatureMove","Halt","PathToVictory","Tantrum"],"picked":"SKIP","floor":21},{"not_picked":["FlyingSleeves","Prostrate","JustLucky"],"picked":"Fasting2","floor":22},{"not_picked":["SashWhip","JustLucky","Evaluate","FlyingSleeves"],"picked":"SKIP","floor":25},{"not_picked":["CrushJoints","Swivel","Study"],"picked":"ReachHeaven","floor":28},{"not_picked":["FlurryOfBlows","FollowUp+1","Omniscience"],"picked":"ClearTheMind+1","floor":30},{"not_picked":["Wireheading+1","Protect","TalkToTheHand"],"picked":"MentalFortress","floor":31},{"not_picked":["ConjureBlade","Wish","Establishment"],"picked":"SpiritShield","floor":33},{"not_picked":["Prostrate","SignatureMove","EmptyBody"],"picked":"Halt+1","floor":34},{"not_picked":["JustLucky","Swivel+1","PathToVictory"],"picked":"Conclude","floor":35},{"not_picked":["InnerPeace","Adaptation","Crescendo+1","Halt+1"],"picked":"SKIP","floor":36},{"not_picked":["Consecrate","BowlingBash","SashWhip"],"picked":"EmptyMind+1","floor":38},{"not_picked":["Consecrate+1","FollowUp","Nirvana"],"picked":"FlurryOfBlows+1","floor":39},{"not_picked":["Prostrate","CutThroughFate+1","CrushJoints"],"picked":"FlurryOfBlows+1","floor":40},{"not_picked":["Blasphemy","CrushJoints+1","EmptyBody+1"],"picked":"CarveReality+1","floor":41},{"not_picked":["Prostrate+1","EmptyFist+1","Halt+1"],"picked":"BowlingBash+1","floor":44},{"not_picked":["JustLucky","CrushJoints+1","Evaluate+1","FlurryOfBlows"],"picked":"SKIP","floor":45},{"not_picked":["WaveOfTheHand+1","Protect+1","Crescendo+1"],"picked":"Alpha+1","floor":46},{"not_picked":["SashWhip+1","ForeignInfluence+1","Protect+1"],"picked":"Fasting2","floor":48},{"not_picked":["Consecrate+1","Crescendo+1","Protect+1"],"picked":"Omniscience+1","floor":54}],"player_experience":182455,"relics_obtained":[{"floor":8,"key":"MawBank"},{"floor":9,"key":"Bag of Preparation"},{"floor":11,"key":"The Courier"},{"floor":14,"key":"Question Card"},{"floor":20,"key":"Nilry\u0027s Codex"},{"floor":38,"key":"Gambling Chip"},{"floor":40,"key":"Nunchaku"},{"floor":43,"key":"Toxic Egg 2"},{"floor":45,"key":"Juzu Bracelet"},{"floor":54,"key":"Orichalcum"}],"event_choices":[{"damage_healed":0,"gold_gain":100,"player_choice":"Pray","damage_taken":0,"max_hp_gain":0,"max_hp_loss":0,"event_name":"Golden Shrine","floor":3,"gold_loss":0},{"damage_healed":0,"gold_gain":0,"player_choice":"Ignored","damage_taken":0,"max_hp_gain":0,"max_hp_loss":0,"event_name":"Ghosts","floor":19,"gold_loss":0},{"damage_healed":0,"gold_gain":0,"player_choice":"Obtained Book","damage_taken":16,"max_hp_gain":0,"max_hp_loss":0,"event_name":"Cursed Tome","floor":20,"gold_loss":0},{"damage_healed":0,"gold_gain":0,"player_choice":"Fight","damage_taken":0,"max_hp_gain":0,"max_hp_loss":0,"event_name":"Mysterious Sphere","floor":38,"gold_loss":0},{"damage_healed":0,"gold_gain":0,"player_choice":"Ignored","damage_taken":0,"max_hp_gain":0,"max_hp_loss":0,"event_name":"Transmorgrifier","floor":42,"gold_loss":0}],"is_beta":false,"boss_relics":[{"not_picked":["SlaversCollar","Sozu"],"picked":"Philosopher\u0027s Stone"},{"not_picked":["Fusion Hammer","Snecko Eye"],"picked":"Tiny House"}],"items_purged_floors":[24,37],"is_endless":false,"potions_floor_spawned":[4,6,11,13,16,18,22,28,35,38,41,45,46,48,54],"killed_by":"The Heart","ascension_level":0}}