{"host":"9oysz4knkucnjyyz","time":1610236259,"event":{"mods":["100% Spire Juice","2.2 Compatiblity","Act Like it!","BaseMod","Better Altar","Better Match","Better Note","Better Sensory Stone","Better Skull","Better Third Choice","BetterRewards","Displayed Cursed Tome","Downfall","Friendly Minions","Googly Eyes","GungeonMod","Hallownest","Hermit","Lobotomy","LobotomyExtend","Minty Spire (QoL Compilation)","Spicy Shops","Spire Birthday Party","StSLib","The Bug Knight","everything is the same but u backflip on backflip","slay the spire mod where everything is the same but ironclad has a cowboy hat"],"gold_per_floor":[116,126,144,157,109,139,154,34,34,34,45,62,72,85,85,182,182,194,90,100,114,125,5,16,16,42,54,83,105,136,167,59,174,186,198,225,247,276,308,355,367,379,391,7,19,19,29,47,47,47],"floor_reached":51,"playtime":2680,"items_purged":[],"score":897,"play_id":"f521581c-6808-4fbb-9b3a-3e3a92711bbe","local_time":"20210109185059","is_ascension_mode":false,"campfire_choices":[{"data":"Moonworks:IndiscriminateFireSupport","floor":8,"key":"SMITH"},{"data":"Moonworks:Ambush","floor":10,"key":"SMITH"},{"data":"Moonworks:UnpaidWork","floor":15,"key":"SMITH"},{"data":"Moonworks:AwakeningOfTalent","floor":23,"key":"SMITH"},{"data":"Moonworks:Dash","floor":27,"key":"SMITH"},{"data":"Moonworks:Dash","floor":32,"key":"SMITH"},{"data":"Moonworks:MetallicMonocoque","floor":42,"key":"SMITH"},{"data":"Moonworks:SubspaceTunnel","floor":46,"key":"SMITH"},{"data":"Secret Technique","floor":49,"key":"SMITH"}],"circlet_count":0,"master_deck":["Moonworks:Strike","Moonworks:Strike","Moonworks:Strike","Moonworks:Strike","Moonworks:Defend","Moonworks:Defend","Moonworks:Defend","Moonworks:Defend","Moonworks:Ambush+1","Moonworks:LongDistanceShot","Moonworks:UnpaidWork+1","Moonworks:Dash+1","Moonworks:IndiscriminateFireSupport+1","Moonworks:Poppoformation","Moonworks:SakisCookie","Moonworks:Dash+1","Moonworks:CookingTime","Moonworks:PlushieMaster","Moonworks:AwakeningOfTalent+1","Moonworks:UnpaidWork+1","Moonworks:MetallicMonocoque+1","Moonworks:SubspaceTunnel+1","Moonworks:BackdoorTrade+1","Secret Technique+1","Moonworks:FullSpeedAlicianrone+1"],"relics":["Moonworks:BrokenBomb","Moonworks:Homemark","LetterFromLob","betterThird:SlimedRelic","MealTicket","DemoMod:Orange","Runic Pyramid","MawBank","Coffee Dripper","HonorFeather","Art of War","Bottled Flame","Kunai","HandDrill"],"acts_visited":["Exordium","TheCity","TheBeyond"],"potions_floor_usage":[6,16,16,33,35,35,50,50],"damage_taken":[{"damage":5,"enemies":"Jaw Worm","floor":1,"turns":3},{"damage":0,"enemies":"Small Slimes","floor":2,"turns":3},{"damage":0,"enemies":"2 Louse","floor":3,"turns":3},{"damage":7,"enemies":"Exordium Thugs","floor":4,"turns":4},{"damage":2,"enemies":"Lagavulin","floor":6,"turns":8},{"damage":0,"enemies":"3 Louse","floor":7,"turns":1},{"damage":0,"enemies":"Looter","floor":11,"turns":1},{"damage":0,"enemies":"Red Slaver","floor":12,"turns":2},{"damage":0,"enemies":"Gremlin Gang","floor":13,"turns":1},{"damage":0,"enemies":"Large Slime","floor":14,"turns":5},{"damage":13,"enemies":"Slime Boss","floor":16,"turns":5},{"damage":0,"enemies":"Chosen","floor":18,"turns":3},{"damage":5,"enemies":"Shell Parasite","floor":19,"turns":4},{"damage":7,"enemies":"Shelled Parasite and Fungi","floor":20,"turns":4},{"damage":7,"enemies":"Snake Plant","floor":21,"turns":2},{"damage":0,"enemies":"Centurion and Healer","floor":22,"turns":3},{"damage":5,"enemies":"Shelled Parasite and Fungi","floor":24,"turns":4},{"damage":0,"enemies":"Sentry and Sphere","floor":28,"turns":3},{"damage":5,"enemies":"Chosen and Byrds","floor":29,"turns":2},{"damage":2,"enemies":"Snecko","floor":30,"turns":5},{"damage":2,"enemies":"Sentry and Sphere","floor":31,"turns":4},{"damage":22,"enemies":"Collector","floor":33,"turns":11},{"damage":54,"enemies":"3 Darklings","floor":35,"turns":2},{"damage":0,"enemies":"3 Darklings","floor":36,"turns":2},{"damage":6,"enemies":"Orb Walker","floor":37,"turns":2},{"damage":0,"enemies":"Jaw Worm Horde","floor":38,"turns":1},{"damage":6,"enemies":"3 Darklings","floor":39,"turns":2},{"damage":39,"enemies":"Nemesis","floor":40,"turns":5},{"damage":12,"enemies":"Writhing Mass","floor":45,"turns":3},{"damage":0,"enemies":"Maw","floor":47,"turns":6},{"damage":9,"enemies":"3 Darklings","floor":48,"turns":2},{"damage":54,"enemies":"Time Eater","floor":50,"turns":11}],"seed_played":"4861048860109374924","potions_obtained":[{"floor":3,"key":"hexamod:EctoCoolerPotion"},{"floor":6,"key":"Fire Potion"},{"floor":11,"key":"DuplicationPotion"},{"floor":12,"key":"Energy Potion"},{"floor":16,"key":"champ:CounterPotion"},{"floor":20,"key":"BlessingOfTheForge"},{"floor":21,"key":"Explosive Potion"},{"floor":28,"key":"DuplicationPotion"},{"floor":36,"key":"BlessingOfTheForge"},{"floor":38,"key":"FearPotion"},{"floor":40,"key":"FairyPotion"}],"is_trial":false,"path_per_floor":["M","M","M","M","?","E","M","R","T","R","M","M","M","M","R","B",null,"M","M","M","M","M","R","M","$","T","R","M","M","M","M","R","B",null,"M","M","M","M","M","E","?","R","T","$","M","R","M","M","R","B",null],"character_chosen":"THE_STARBREAKER","items_purchased":["Kunai","HandDrill","Regen Potion"],"campfire_rested":0,"item_purchase_floors":[44,44,44],"current_hp_per_floor":[55,55,55,48,37,35,35,35,47,47,47,47,47,51,51,45,72,72,72,68,65,71,71,72,72,72,72,72,71,70,72,72,60,72,72,72,72,72,70,41,41,72,72,72,64,72,72,67,72,55],"gold":47,"neow_bonus":"","is_daily":false,"chose_seed":false,"campfire_upgraded":9,"win_rate":0.0,"timestamp":1610236259,"path_taken":["M","M","M","M","?","E","M","R","T","R","M","M","M","M","R","BOSS","M","M","M","M","M","R","M","$","T","R","M","M","M","M","R","BOSS","M","M","M","M","M","E","?","R","T","$","M","R","M","M","R","BOSS"],"items_purchased_type":["Relic","Relic","Potion"],"build_version":"2020-12-22","purchased_purges":0,"victory":true,"max_hp_per_floor":[60,60,60,60,60,60,60,60,72,72,72,72,72,72,72,72,72,72,72,72,72,72,72,72,72,72,72,72,72,72,72,72,72,72,72,72,72,72,72,72,72,72,72,72,72,72,72,72,72,72],"card_choices":[{"not_picked":["Moonworks:UnluckyCharm","Moonworks:EvilSpyWorkPreparation"],"picked":"Moonworks:UnpaidWork","floor":1},{"not_picked":["Moonworks:BigMagnum","Moonworks:EvilSpyWorkPreparation","Moonworks:LulusLuckyEgg"],"picked":"SKIP","floor":2},{"not_picked":["Moonworks:NicePresent","Moonworks:BigBangBell"],"picked":"Moonworks:Dash","floor":3},{"not_picked":["Moonworks:StarBlastingFuse","Moonworks:DeployBits"],"picked":"Moonworks:IndiscriminateFireSupport","floor":4},{"not_picked":["Moonworks:MiracleWalker","Moonworks:StiffCrystal"],"picked":"Moonworks:Poppoformation","floor":6},{"not_picked":["Moonworks:IndiscriminateFireSupport","Moonworks:DeployBits","Moonworks:CloudOfSeagulls"],"picked":"SKIP","floor":7},{"not_picked":["Moonworks:Blazing","Moonworks:BigBangBell","Moonworks:ExtendedPhotonRifle"],"picked":"SKIP","floor":11},{"not_picked":["Moonworks:ImOnFire","Moonworks:JonathanRush"],"picked":"Moonworks:SakisCookie","floor":12},{"not_picked":["Moonworks:FinalSurgery","Moonworks:JonathanRush"],"picked":"Moonworks:Dash","floor":13},{"not_picked":["Moonworks:ExtendedPhotonRifle","Moonworks:NicePresent"],"picked":"Moonworks:CookingTime","floor":14},{"not_picked":["Moonworks:Wanted","Moonworks:Gamble"],"picked":"Moonworks:PlushieMaster","floor":16},{"not_picked":["Moonworks:ImOnFire","Moonworks:SakisCookie+1","Moonworks:BigMagnum"],"picked":"SKIP","floor":18},{"not_picked":["Moonworks:ImOnFire","Moonworks:ExtendedPhotonRifle"],"picked":"Moonworks:AwakeningOfTalent","floor":19},{"not_picked":["Moonworks:NicePresent","Moonworks:IntelligenceOfficer","Moonworks:LulusLuckyEgg"],"picked":"SKIP","floor":20},{"not_picked":["Moonworks:SakisCookie","Moonworks:EvilSpyWorkPreparation+1","Moonworks:IndiscriminateFireSupport"],"picked":"SKIP","floor":21},{"not_picked":["Moonworks:WindyEnchantment","Moonworks:ReproductionOfRecords+1","Moonworks:StarBlastingFuse"],"picked":"SKIP","floor":22},{"not_picked":["Moonworks:LulusLuckyEgg","Moonworks:CloudOfSeagulls","Moonworks:ForcedRevival"],"picked":"SKIP","floor":24},{"not_picked":["Moonworks:LulusLuckyEgg","Moonworks:SakisCookie","Moonworks:Bloodlust+1"],"picked":"SKIP","floor":28},{"not_picked":["Moonworks:IndiscriminateFireSupport","Moonworks:CastOff"],"picked":"Moonworks:UnpaidWork+1","floor":29},{"not_picked":["Moonworks:IndiscriminateFireSupport","Moonworks:JonathanRush"],"picked":"Moonworks:MetallicMonocoque","floor":30},{"not_picked":["Moonworks:EvilSpyWorkPreparation","Moonworks:WindyEnchantment","Moonworks:IndiscriminateFireSupport"],"picked":"SKIP","floor":31},{"not_picked":["Moonworks:AccelHyper","Moonworks:Blazing"],"picked":"Moonworks:SubspaceTunnel","floor":33},{"not_picked":["Moonworks:FinalSurgery+1","Moonworks:TreasureThief","Moonworks:DevilHand"],"picked":"SKIP","floor":36},{"not_picked":["Moonworks:EvilSpyWorkPreparation+1","Moonworks:IndiscriminateFireSupport","Moonworks:LulusLuckyEgg"],"picked":"SKIP","floor":37},{"not_picked":["Moonworks:MixPhenomenon","Moonworks:NicePresent","Moonworks:DeployBits+1"],"picked":"SKIP","floor":38},{"not_picked":["Moonworks:TacticalRetreat+1","Moonworks:BigBangBell+1","Moonworks:ImmovableObject"],"picked":"SKIP","floor":39},{"not_picked":["Moonworks:WindyEnchantment","Moonworks:Gamble"],"picked":"Moonworks:BackdoorTrade+1","floor":40},{"not_picked":["Mind Blast","Impatience"],"picked":"Secret Technique","floor":41},{"not_picked":["Moonworks:ImOnFire","Moonworks:MixPhenomenon"],"picked":"Moonworks:FullSpeedAlicianrone+1","floor":45},{"not_picked":["Moonworks:DeployBits+1","Moonworks:ImOnFire+1","Moonworks:Assault+1"],"picked":"SKIP","floor":47},{"not_picked":["Moonworks:ImOnFire+1","Moonworks:AngelHand+1","Moonworks:SakisCookie"],"picked":"SKIP","floor":48}],"player_experience":346108,"relics_obtained":[{"floor":1,"key":"LetterFromLob"},{"floor":6,"key":"MealTicket"},{"floor":9,"key":"DemoMod:Orange"},{"floor":26,"key":"MawBank"},{"floor":40,"key":"Art of War"},{"floor":43,"key":"Bottled Flame"}],"event_choices":[{"damage_healed":0,"gold_gain":0,"player_choice":"Slimed","damage_taken":11,"max_hp_gain":0,"max_hp_loss":0,"event_name":"betterThird:BetterGoop","floor":5,"gold_loss":48},{"damage_healed":0,"gold_gain":3,"player_choice":"1","damage_taken":0,"max_hp_gain":0,"max_hp_loss":0,"event_name":"betterStone:BetterStone","floor":41,"gold_loss":0}],"is_beta":false,"boss_relics":[{"not_picked":["Empty Cage","Pandora\u0027s Box"],"picked":"Runic Pyramid"},{"not_picked":["Runic Dome","Snecko Eye"],"picked":"Coffee Dripper"}],"items_purged_floors":[],"is_endless":false,"potions_floor_spawned":[3,6,11,12,16,20,21,22,28,31,36,38,40],"ascension_level":0}}