{"host":"yptvp0rjza9g9li7","time":1610207902,"event":{"mods":["AchievementEnabler","BaseMod","Colored Map","Colored Powertips","DeckTracker","Minty Spire (QoL Compilation)","SuperFastMode"],"gold_per_floor":[114,39,54,27,38,64,64,64,64,64,64,83,104,128,128,254,254,269,269,269],"floor_reached":19,"playtime":528,"items_purged":["Strike_R"],"score":169,"play_id":"49cbc7db-d566-43ac-a522-de37c147ff2d","local_time":"20210110005822","is_ascension_mode":false,"campfire_choices":[{"data":"Immolate","floor":7,"key":"SMITH"},{"data":"Spot Weakness","floor":11,"key":"SMITH"},{"floor":15,"key":"REST"}],"circlet_count":0,"master_deck":["Strike_R","Strike_R","Strike_R","Defend_R","Defend_R","Defend_R","Defend_R","Bash","Shrug It Off","Spot Weakness+1","Iron Wave","Cleave","Immolate+1","Disarm","Power Through","Sword Boomerang","Exhume"],"relics":["Burning Blood","NeowsBlessing","Juzu Bracelet","Ornamental Fan","Golden Idol","Snecko Eye"],"acts_visited":["Exordium","TheCity"],"potions_floor_usage":[16],"damage_taken":[{"damage":0,"enemies":"Cultist","floor":1,"turns":1},{"damage":0,"enemies":"2 Louse","floor":3,"turns":1},{"damage":0,"enemies":"Jaw Worm","floor":5,"turns":1},{"damage":31,"enemies":"3 Sentries","floor":6,"turns":7},{"damage":5,"enemies":"Large Slime","floor":12,"turns":5},{"damage":11,"enemies":"Exordium Wildlife","floor":13,"turns":2},{"damage":8,"enemies":"Red Slaver","floor":14,"turns":3},{"damage":44,"enemies":"Hexaghost","floor":16,"turns":11},{"damage":33,"enemies":"Chosen","floor":18,"turns":7},{"damage":0,"enemies":"Spheric Guardian","floor":19,"turns":1}],"seed_played":"-3744695904781687712","potions_obtained":[{"floor":5,"key":"Dexterity Potion"},{"floor":14,"key":"SpeedPotion"}],"is_trial":false,"path_per_floor":["M","$","M","$","M","E","R","?","T","?","R","M","M","M","R","B",null,"M","M"],"character_chosen":"IRONCLAD","items_purchased":["Iron Wave"],"campfire_rested":1,"item_purchase_floors":[4],"current_hp_per_floor":[80,80,80,80,80,55,55,55,55,35,35,36,31,29,53,15,80,53,53,53],"gold":269,"neow_bonus":"THREE_ENEMY_KILL","is_daily":false,"chose_seed":false,"campfire_upgraded":2,"win_rate":0.0,"timestamp":1610207902,"path_taken":["M","$","?","?","M","E","R","?","T","?","R","M","M","M","R","BOSS","M","M"],"items_purchased_type":["Card"],"build_version":"2020-12-22","purchased_purges":1,"victory":false,"max_hp_per_floor":[80,80,80,80,80,80,80,80,80,80,80,80,80,80,80,80,80,80,80,80],"card_choices":[{"not_picked":["Dual Wield","Headbutt"],"picked":"Shrug It Off","floor":1},{"not_picked":["Wild Strike","Heavy Blade"],"picked":"Spot Weakness","floor":3},{"not_picked":["Shrug It Off","Ghostly Armor"],"picked":"Cleave","floor":5},{"not_picked":["Iron Wave","Heavy Blade"],"picked":"Immolate","floor":6},{"not_picked":["Clash","Power Through"],"picked":"Disarm","floor":12},{"not_picked":["Sword Boomerang","Iron Wave"],"picked":"Power Through","floor":13},{"not_picked":["Burning Pact","Clash"],"picked":"Sword Boomerang","floor":14},{"not_picked":["Impervious","Offering"],"picked":"Exhume","floor":16},{"not_picked":["Combust","Thunderclap","Havoc"],"picked":"SKIP","floor":18}],"player_experience":172947,"relics_obtained":[{"floor":6,"key":"Juzu Bracelet"},{"floor":9,"key":"Ornamental Fan"}],"event_choices":[{"cards_removed":["Strike_R"],"damage_healed":0,"gold_gain":0,"player_choice":"Offered Basic","damage_taken":0,"max_hp_gain":0,"max_hp_loss":0,"event_name":"Bonfire Elementals","floor":8,"gold_loss":0},{"damage_healed":0,"gold_gain":0,"player_choice":"Take Damage","damage_taken":20,"relics_obtained":["Golden Idol"],"max_hp_gain":0,"max_hp_loss":0,"event_name":"Golden Idol","floor":10,"gold_loss":0}],"is_beta":false,"boss_relics":[{"not_picked":["SacredBark","Coffee Dripper"],"picked":"Snecko Eye"}],"items_purged_floors":[2],"is_endless":false,"potions_floor_spawned":[5,14],"killed_by":"Spheric Guardian","ascension_level":0}}