{"host":"2m78pqva0leqn903","time":1610228573,"event":{"mods":["BaseMod","Minty Spire (QoL Compilation)","StSLib","TestMod"],"gold_per_floor":[113,113,113,136,151,200,269,313,313,329,377,130,169,197,197,206,206],"floor_reached":16,"playtime":3363,"items_purged":["Strike_R"],"score":264,"play_id":"16c670ce-a4a7-4eee-b59c-e7ee5ffb382f","local_time":"20210110054253","is_ascension_mode":true,"campfire_choices":[{"data":"Uppercut","floor":15.0,"key":"SMITH"}],"circlet_count":0,"master_deck":["AscendersBane","Strike_R","Strike_R","Strike_R","Strike_R","Defend_R+1","Defend_R","Defend_R","Defend_R","Bash","Uppercut+1","Impervious+1","Warcry"],"relics":["Burning Blood","testmod-TestBox","testmod-DeterminationOfClimber","NeowsBlessing","Golden Idol","SsserpentHead","War Paint","Incense Burner","HornCleat","Membership Card","Letter Opener"],"acts_visited":["Exordium"],"potions_floor_usage":[16],"damage_taken":[{"damage":0.0,"enemies":"Small Slimes","floor":1.0,"turns":2.0},{"damage":0.0,"enemies":"2 Louse","floor":4.0,"turns":1.0},{"damage":0.0,"enemies":"Cultist","floor":5.0,"turns":1.0},{"damage":45.0,"enemies":"3 Sentries","floor":6.0,"turns":10.0},{"damage":14.0,"enemies":"Large Slime","floor":7.0,"turns":5.0},{"damage":17.0,"enemies":"Lagavulin","floor":8.0,"turns":6.0},{"damage":1.0,"enemies":"Blue Slaver","floor":10.0,"turns":4.0},{"damage":27.0,"enemies":"3 Sentries","floor":11.0,"turns":9.0},{"damage":8.0,"enemies":"Lagavulin","floor":13.0,"turns":6.0},{"damage":9.0,"enemies":"Gremlin Gang","floor":14.0,"turns":6.0},{"damage":24,"enemies":"Hexaghost","floor":16,"turns":10}],"seed_played":"-2622230835898156838","potions_obtained":[{"floor":5.0,"key":"Weak Potion"},{"floor":7.0,"key":"LiquidBronze"},{"floor":8.0,"key":"ColorlessPotion"},{"floor":11.0,"key":"LiquidBronze"},{"floor":13.0,"key":"ElixirPotion"}],"is_trial":false,"path_per_floor":["M","?","?","M","M","E","M","E","T","M","E","$","E","M","R","B"],"character_chosen":"IRONCLAD","items_purchased":["Membership Card"],"campfire_rested":0,"item_purchase_floors":[12],"current_hp_per_floor":[75,49,49,55,61,28,24,17,17,25,12,12,14,14,14,0,0],"gold":206,"neow_bonus":"THREE_ENEMY_KILL","is_daily":false,"chose_seed":false,"campfire_upgraded":1,"win_rate":0.0,"timestamp":1610228573,"path_taken":["M","?","?","M","M","E","?","E","T","M","E","$","E","M","R","BOSS"],"items_purchased_type":["Relic"],"build_version":"2020-12-22","purchased_purges":1,"victory":false,"max_hp_per_floor":[75,75,75,75,75,75,75,75,75,75,75,75,75,75,75,75,75],"card_choices":[{"not_picked":["True Grit","Pummel","Twin Strike"],"picked":"SKIP","floor":1.0},{"not_picked":["Spot Weakness","Inflame"],"picked":"Uppercut","floor":4.0},{"not_picked":["Clash","Heavy Blade","Cleave"],"picked":"SKIP","floor":5.0},{"not_picked":["Infernal Blade","Pommel Strike"],"picked":"Impervious","floor":6.0},{"not_picked":["Twin Strike","Armaments","Shrug It Off"],"picked":"SKIP","floor":7.0},{"not_picked":["Perfected Strike","Heavy Blade","Sentinel"],"picked":"SKIP","floor":8.0},{"not_picked":["Body Slam","Carnage","Cleave"],"picked":"SKIP","floor":10.0},{"not_picked":["Rampage","Whirlwind","Metallicize"],"picked":"SKIP","floor":11.0},{"not_picked":["Blood for Blood","Havoc","Cleave"],"picked":"SKIP","floor":13.0},{"not_picked":["Sentinel","Cleave"],"picked":"Warcry","floor":14.0}],"player_experience":898773,"relics_obtained":[{"floor":6.0,"key":"War Paint"},{"floor":8.0,"key":"Incense Burner"},{"floor":11.0,"key":"HornCleat"},{"floor":13.0,"key":"Letter Opener"}],"event_choices":[{"damage_healed":0.0,"max_hp_gain":0.0,"max_hp_loss":0.0,"gold_gain":0.0,"event_name":"Golden Idol","player_choice":"Take Damage","floor":2.0,"gold_loss":0.0,"damage_taken":26.0,"relics_obtained":["Golden Idol"]},{"damage_healed":0.0,"max_hp_gain":0.0,"max_hp_loss":0.0,"gold_gain":0.0,"event_name":"FaceTrader","player_choice":"Trade","floor":3.0,"gold_loss":0.0,"damage_taken":0.0,"relics_obtained":["SsserpentHead"]}],"is_beta":false,"boss_relics":[],"items_purged_floors":[12],"is_endless":false,"potions_floor_spawned":[5,7,8,11,13],"killed_by":"Hexaghost","ascension_level":20}}