{"host":"odz7g4gpgch153rb","time":1610171225,"event":{"mods":["AchievementEnabler","BaseMod","Better Match","Better Third Choice","BetterRewards","GifTheSpireLib","Infinite Spire","Jedi Mod","Minty Spire (QoL Compilation)","Quick Restart","Replay The Spire","Spikes Relics","StSLib","Stuff the Spire","The Blue Laboratory","Trackpad"],"gold_per_floor":[115,115,115,115,130,160,33,33,85,85,96,116,116,141,141,216,216,229,87,87,87],"floor_reached":20,"playtime":1072,"items_purged":["Strike_B","Strike_B"],"score":379,"play_id":"0095c627-a601-4be8-a857-a82d870d9c97","local_time":"20210109004705","is_ascension_mode":true,"campfire_choices":[{"data":"Dualcast","floor":10,"key":"SMITH"},{"floor":13,"key":"DIG"},{"floor":15,"key":"REST"}],"circlet_count":0,"master_deck":["AscendersBane","Strike_B","Strike_B+1","Defend_B","Defend_B","Defend_B","Defend_B","Zap+1","Dualcast+1","Cold Snap+1","Cold Snap","jedi:markofdeath","Core Surge","Lockon"],"relics":["Cracked Core","NeowsBlessing","Replay:Wax Seal","Shovel","Centennial Puzzle","Ornamental Fan","Onion Ring","trackpad:NeutrinoGenerator"],"acts_visited":["Exordium","TheCity"],"potions_floor_usage":[12,14],"damage_taken":[{"damage":0,"enemies":"2 Louse","floor":1,"turns":1},{"damage":0,"enemies":"Jaw Worm","floor":5,"turns":1},{"damage":0,"enemies":"Gremlin Nob","floor":6,"turns":1},{"damage":0,"enemies":"Cultist","floor":11,"turns":2},{"damage":7,"enemies":"Lots of Slimes","floor":12,"turns":3},{"damage":9,"enemies":"Lagavulin","floor":14,"turns":5},{"damage":67,"enemies":"Fading Forest","floor":16,"turns":11},{"damage":17,"enemies":"Chosen","floor":18,"turns":4},{"damage":25,"enemies":"3 Byrds","floor":20,"turns":3}],"seed_played":"9005661393857161308","potions_obtained":[{"floor":5,"key":"blueLaboratory:PlasmaFuel"},{"floor":11,"key":"Adrenaline Potion"}],"is_trial":false,"path_per_floor":["M","?","?","?","M","E","$","T","T","R","M","M","R","E","R","B",null,"M","$","M"],"character_chosen":"DEFECT","items_purchased":["Cold Snap","Lockon"],"campfire_rested":1,"item_purchase_floors":[7,19],"current_hp_per_floor":[64,64,43,43,43,43,43,43,43,43,43,36,36,27,48,3,54,37,37,12,12],"gold":87,"neow_bonus":"THREE_ENEMY_KILL","is_daily":false,"chose_seed":false,"campfire_upgraded":1,"win_rate":0.0,"timestamp":1610171225,"path_taken":["M","?","?","?","?","E","$","?","T","R","M","M","R","E","R","BOSS","M","?","?"],"items_purchased_type":["Card","Card"],"build_version":"2020-12-22","purchased_purges":2,"victory":false,"max_hp_per_floor":[71,71,71,71,71,71,71,71,71,71,71,71,71,71,71,71,71,71,71,71,71],"card_choices":[{"not_picked":["Turbo","BasicCrystalCard"],"picked":"Cold Snap","floor":1},{"not_picked":["Beam Cell","Rebound","Go for the Eyes"],"picked":"SKIP","floor":5},{"not_picked":["StuffTheSpire:CleanHardDrive","ReplaySort","Rebound"],"picked":"SKIP","floor":6},{"not_picked":["Compile Driver","Darkness"],"picked":"jedi:markofdeath","floor":11},{"not_picked":["Conserve Battery","Steam","jedi:BurstFrost"],"picked":"SKIP","floor":12},{"not_picked":["Go for the Eyes","Gash","Rebound"],"picked":"SKIP","floor":14},{"not_picked":["Reboot","jedi:studyfrost"],"picked":"Core Surge","floor":16},{"not_picked":["Heatsinks","Hologram","Go for the Eyes"],"picked":"SKIP","floor":18}],"player_experience":1010073,"relics_obtained":[{"floor":6,"key":"Replay:Wax Seal"},{"floor":8,"key":"Shovel"},{"floor":9,"key":"Centennial Puzzle"},{"floor":13,"key":"Ornamental Fan"},{"floor":14,"key":"Onion Ring"}],"event_choices":[{"damage_healed":64,"gold_gain":0,"player_choice":"Upgrade","damage_taken":21,"max_hp_gain":0,"max_hp_loss":71,"event_name":"betterThird:BetterShining","floor":3,"gold_loss":0,"cards_upgraded":["Cold Snap","Strike_B"]}],"is_beta":false,"boss_relics":[{"not_picked":["Runic Dome","Coffee Dripper"],"picked":"trackpad:NeutrinoGenerator"}],"items_purged_floors":[7,19],"is_endless":false,"potions_floor_spawned":[5,11],"killed_by":"3 Byrds","ascension_level":17}}