{"host":"6dypmz777xraikqf","time":1610190953,"event":{"mods":["AchievementEnabler","BaseMod","BetterRewards","Colored Map","Colored Powertips","Downfall","Highlight Path","Hubris","Infinite Spire","Minty Spire (QoL Compilation)","Replay The Spire","StSLib"],"gold_per_floor":[116,126,137,137,20,55,55,69,69,82,97,122,122,140,140,239,239,258,258,275,275,285,285,285,304,304,304,320,320,320],"floor_reached":29,"playtime":1850,"items_purged":[],"score":332,"play_id":"5af39815-aea8-4f3b-8c53-4b32be9c8b43","local_time":"20210109111553","is_ascension_mode":true,"campfire_choices":[{"data":"Zap","floor":7,"key":"SMITH"},{"data":"Double Energy","floor":13,"key":"SMITH"},{"floor":23,"key":"REST"},{"floor":27,"key":"REST"}],"circlet_count":0,"master_deck":["Strike_B","Strike_B","Strike_B","Strike_B","Defend_B","Defend_B","Defend_B","Defend_B","Zap+1","Dualcast","Sweeping Beam","BootSequence","Conserve Battery+1","Steam","Double Energy+1","Gash","Hologram","Coolheaded","Redo+1","hubris:SpecializedCircuitry","BootSequence","Gash","FTL","Capacitor","Steam+1"],"relics":["Cracked Core","infinitespire:ShieldingShard","hubris:TenFootPole","infinitespire:Golems Mask","infinitespire:Satchel","Black Star","Enchiridion","infinitespire:CheckeredPen"],"acts_visited":["Exordium","TheCity"],"potions_floor_usage":[12,12,22],"damage_taken":[{"damage":2,"enemies":"Jaw Worm","floor":1,"turns":3},{"damage":5,"enemies":"Small Slimes","floor":2,"turns":3},{"damage":1,"enemies":"Cultist","floor":3,"turns":3},{"damage":0,"enemies":"Replay:BlueRogue","floor":6,"turns":7},{"damage":0,"enemies":"Blue Slaver","floor":8,"turns":4},{"damage":0,"enemies":"2 Fungi Beasts","floor":10,"turns":4},{"damage":0,"enemies":"Gremlin Gang","floor":11,"turns":4},{"damage":0,"enemies":"Lagavulin","floor":12,"turns":4},{"damage":0,"enemies":"Looter","floor":14,"turns":3},{"damage":28,"enemies":"Slime Boss","floor":16,"turns":12},{"damage":18,"enemies":"Shell Parasite","floor":18,"turns":7},{"damage":19,"enemies":"3 Byrds","floor":20,"turns":5},{"damage":24,"enemies":"Centurion and Healer","floor":22,"turns":6},{"damage":18,"enemies":"Chosen and Byrds","floor":25,"turns":7},{"damage":18,"enemies":"Snecko","floor":28,"turns":6},{"damage":27,"enemies":"Book of Stabbing","floor":29,"turns":3}],"seed_played":"-2739977083540967583","potions_obtained":[{"floor":6,"key":"Strength Potion"},{"floor":8,"key":"Elixir"},{"floor":11,"key":"FocusPotion"},{"floor":12,"key":"Energy Potion"},{"floor":15,"key":"LifebloodPotion"},{"floor":15,"key":"Strength Potion"},{"floor":15,"key":"Dexterity Potion"},{"floor":25,"key":"Venom Potion"}],"is_trial":false,"path_per_floor":["M","M","M","?","?","E","R","M","T","M","M","E","R","M","R_BF","B",null,"M","?","M","?","M","R","?","M","T","R","M","E"],"character_chosen":"DEFECT","items_purchased":[],"campfire_rested":2,"item_purchase_floors":[],"current_hp_per_floor":[73,68,67,67,67,67,67,67,67,67,67,67,67,67,67,39,75,57,57,38,35,11,33,26,8,8,30,12,0,0],"gold":320,"neow_bonus":"","is_daily":false,"chose_seed":false,"campfire_upgraded":2,"win_rate":0.0,"timestamp":1610190953,"path_taken":["M","M","M","?","?","E","R","M","T","M","M","E","R","M","R_BF","BOSS","M","?","?","?","?","R","?","M","T","R","M","E"],"items_purchased_type":[],"build_version":"2020-12-22","purchased_purges":0,"victory":false,"max_hp_per_floor":[75,75,75,75,75,75,75,75,75,75,75,75,75,75,75,75,75,75,75,75,75,75,75,75,75,75,75,75,75,75],"card_choices":[{"not_picked":["Beam Cell","Barrage"],"picked":"Sweeping Beam","floor":1},{"not_picked":["Streamline","Barrage"],"picked":"Gash","floor":2},{"not_picked":["Turbo","Panic Button"],"picked":"BootSequence","floor":3},{"not_picked":["Beam Cell","BasicCrystalCard"],"picked":"Steam","floor":6},{"not_picked":["Meteor Strike","Go for the Eyes"],"picked":"Double Energy","floor":8},{"not_picked":["Go for the Eyes","Steam"],"picked":"Gash","floor":10},{"not_picked":["Consume","Go for the Eyes"],"picked":"Hologram","floor":11},{"not_picked":["Compile Driver","Consume"],"picked":"Coolheaded","floor":12},{"not_picked":["Hello World","Beam Cell"],"picked":"Redo","floor":14},{"not_picked":["Biased Cognition","ReplayTheSpireMod:Fabricate Wheel"],"picked":"hubris:SpecializedCircuitry","floor":16},{"not_picked":["Blizzard+1","hubris:PowerSurge"],"picked":"BootSequence","floor":18},{"not_picked":["Storm","Fusion"],"picked":"Gash","floor":20},{"not_picked":["ReplayTheSpireMod:Reroute Power+1","Ball Lightning"],"picked":"FTL","floor":22},{"not_picked":["Reboot","Turbo"],"picked":"Capacitor","floor":25},{"not_picked":["Go for the Eyes","ReplaySort+1"],"picked":"Steam+1","floor":28}],"player_experience":141718,"relics_obtained":[{"floor":6,"key":"hubris:TenFootPole"},{"floor":9,"key":"infinitespire:Golems Mask"},{"floor":12,"key":"infinitespire:Satchel"},{"floor":24,"key":"Enchiridion"},{"floor":26,"key":"infinitespire:CheckeredPen"}],"event_choices":[{"damage_healed":0,"gold_gain":0,"player_choice":"Paid Gold","damage_taken":0,"relics_obtained":["infinitespire:ShieldingShard"],"max_hp_gain":0,"max_hp_loss":0,"event_name":"WeMeetAgain","floor":5,"gold_loss":117},{"damage_healed":0,"gold_gain":0,"player_choice":"Got Potions","damage_taken":0,"max_hp_gain":0,"max_hp_loss":0,"event_name":"Lab","floor":15,"gold_loss":0},{"damage_healed":0,"gold_gain":0,"player_choice":"Upgraded","damage_taken":0,"max_hp_gain":0,"max_hp_loss":0,"event_name":"Upgrade Shrine","floor":19,"gold_loss":0,"cards_upgraded":["Redo"]},{"damage_healed":0,"gold_gain":0,"player_choice":"","damage_taken":6,"max_hp_gain":0,"max_hp_loss":0,"event_name":"Knowing Skull","floor":21,"potions_obtained":[],"gold_loss":0,"cards_obtained":[]},{"damage_healed":0,"gold_gain":0,"player_choice":"Obtained Book","damage_taken":16,"max_hp_gain":0,"max_hp_loss":0,"event_name":"Cursed Tome","floor":24,"gold_loss":0}],"is_beta":false,"boss_relics":[{"not_picked":["hubris:ScarierMask","Tiny House"],"picked":"Black Star"}],"items_purged_floors":[],"is_endless":false,"potions_floor_spawned":[6,8,11,12,25,28],"killed_by":"Book of Stabbing","ascension_level":3}}