{"host":"5cc4xbo9rb723k69","time":1610155486,"event":{"mods":["Act Like it!","Aspiration","Astrologer","Bartender","BaseMod","Bestiary","CapriCore","Conspire","Downfall","Duelist Mod","Friendly Minions","Gensokyo","Hermit","Hubris","Infinite Spire","Jedi Mod","Kiyohime????","Koishi","LagranYue(???·?)","Mad Scientist","Mari Mod (Legacy)","Mari\u0027s V1 Patch","Marisa????????","Minty Spire (QoL Compilation)","Nova Terra(??·??)","Pale of the Ancients","Prisma Mod","Random Character Button","Reimu??????","Replay The Spire","Robot Space Explorer","Somnambulant","StSLib","The Alterego","The Animator","The Bladedancer","The Clintock","The Construct","The Cursed","The Disciple","The Exalted","The Gatherer","The Immortal","The Jungle","The Marked","The Mystic","The Problem Sleuth","The Runesmith","The Saiyan","The Senshi","The Servant 0.9.4","The Spell Scribe","TheArtist","Waifu the Spire","Yuri Mod","thorton","vexMod"],"gold_per_floor":[110,128,128,145,36,61,76,94,94,94,94,110,41,58,58,155,155,155,155,11,11,50,50,65,65,65,65,84,128,128,182,182,287,287,332,332,349,349,360,360,398,308,362,362,377,377,78,128,128,238,238,247,253,253,213,246,246,346,376,376,373,373,388,388,398,398,508,1174,1187,869,869,869,869],"floor_reached":72,"playtime":16644,"items_purged":["PrismaMod:MiyuCommonDefend"],"score":953,"play_id":"6eb70545-7ae9-42bf-acc4-e8294357f509","local_time":"20210109022446","is_ascension_mode":false,"campfire_choices":[{"floor":15.0,"key":"REST"},{"floor":23.0,"key":"RECALL"},{"data":"PrismaMod:MiyuCheapDefend2","floor":25.0,"key":"SMITH"},{"data":"PrismaMod:MiyuUberDefend","floor":27.0,"key":"SMITH"},{"data":"PrismaMod:MiyuBride","floor":30.0,"key":"SMITH"},{"data":"PrismaMod:MiyuEvokeAllAttack","floor":32.0,"key":"SMITH"},{"data":"PrismaMod:MiyuDefenseAbsorbMinor","floor":40.0,"key":"SMITH"},{"data":"PrismaMod:MiyuUberAOEAttack","floor":49.0,"key":"SMITH"},{"data":"PrismaMod:MiyuEvokeAllAttack","floor":57.0,"key":"SMITH"},{"floor":64.0,"key":"REST"}],"circlet_count":0,"master_deck":["PrismaMod:MiyuCommonDefend","PrismaMod:MiyuCommonDefend","PrismaMod:MiyuCommonDefend","PrismaMod:MiyuCommonDefend","PrismaMod:MiyuCommonAttack","PrismaMod:MiyuCommonAttack","PrismaMod:MiyuCommonAttack","PrismaMod:MiyuCommonAttack","PrismaMod:MiyuCheapChannelAttack","PrismaMod:MiyuCheapChannelDefend","PrismaMod:MiyuCheapStrBuff","PrismaMod:MiyuUberAOEAttack","PrismaMod:MiyuUberAttack","PrismaMod:MiyuBride+1","PrismaMod:MiyuCheapPlate+1","PrismaMod:MiyuUncommonDexBuff","PrismaMod:MiyuCarnivalAttack","PrismaMod:MiyuAttackChannelAttack","PrismaMod:MiyuEvokeAll","PrismaMod:MiyuCheapDefend2+1","PrismaMod:MiyuCommonAOEAttack+1","PrismaMod:MiyuUberDefend+1","PrismaMod:MiyuUncommonPlate","PrismaMod:MiyuAttackChannelVul","PrismaMod:MiyuEvokeAllAttack+1","PrismaMod:MiyuDefenseAbsorbMinor+1","PrismaMod:MiyuDefenseRemoval+1","PrismaMod:MiyuChannelAttackEvoke","PrismaMod:MiyuUncommonAOEAttack","PrismaMod:MiyuUberAOEAttack+1","PrismaMod:MiyuChristmas+1","Gensokyo:CustomPotion","PrismaMod:MiyuAttackChannelWeak+1","PrismaMod:MiyuCarnivalDefend","PrismaMod:MiyuEvokeAllAttack+1","PrismaMod:MiyuCheapChannelHeal","PrismaMod:MiyuCheapDefend1","PrismaMod:MiyuUncommonPlate","PrismaMod:MiyuCheapDefend2","infinitespire:Gouge","PrismaMod:MiyuCheapDefend2","PrismaMod:MiyuUncommonPlate","PrismaMod:MiyuCheapDefend2","PrismaMod:MiyuEvokeAllAttack","PrismaMod:MiyuUberAttack"],"relics":["PrismaMod:PrismaSapphire","LagranYue:RandomDrawCardRelic","aspiration:StickyExplosives_weak","Gensokyo:Companionship","Eternal Feather","LagranYue:GuidanceLightRelic","ReplayTheSpireMod:Ring of Collecting","hubris:GrandSneckoEye","Boot","Ring of Peace","Frozen Egg 2","LagranYue:ContractPerformanceRelic","ReplayTheSpireMod:Ring of Addiction","Centennial Puzzle","hubris:EmptyBottle","Chameleon Ring","PrismaMod:PrismaZwei","jedi:fakemustache","Sling","infinitespire:Midas Blood","SlaversCollar","infinitespire:CheckeredPen","PaintedHorse:ReiMu","Ring of Misfortune","theSenshi:SailorFukuRelic","Bromod:ArcaneTempo","vexMod:RockOfEvil","White_Cape"],"acts_visited":["Gensokyo:Gensokyo","TheCity","Gensokyo:Gensokyoest","Exordium"],"potions_floor_usage":[],"damage_taken":[{"damage":1.0,"enemies":"Gensokyo:Python","floor":1.0,"turns":4.0},{"damage":0.0,"enemies":"Gensokyo:2_Kodama","floor":2.0,"turns":5.0},{"damage":1.0,"enemies":"Gensokyo:Gryphon","floor":4.0,"turns":4.0},{"damage":48.0,"enemies":"Gensokyo:Aya","floor":6.0,"turns":9.0},{"damage":14.0,"enemies":"Gensokyo:3_Kodama","floor":7.0,"turns":5.0},{"damage":0.0,"enemies":"Gensokyo:Python_and_Kodama","floor":8.0,"turns":3.0},{"damage":20.0,"enemies":"Gensokyo:LivingMonolith","floor":12.0,"turns":4.0},{"damage":0.0,"enemies":"Gensokyo:VengefulSpirit","floor":14.0,"turns":4.0},{"damage":5.0,"enemies":"Gensokyo:Reimu","floor":16.0,"turns":9.0},{"damage":0.0,"enemies":"conspire:FuzzyDice","floor":18.0,"turns":1.0},{"damage":0.0,"enemies":"Shell Parasite","floor":22.0,"turns":6.0},{"damage":18.0,"enemies":"Shelled Parasite and Fungi","floor":24.0,"turns":5.0},{"damage":0.0,"enemies":"conspire:HollyBat","floor":28.0,"turns":6.0},{"damage":0.0,"enemies":"Snake Plant","floor":29.0,"turns":5.0},{"damage":0.0,"enemies":"Nightmare","floor":31.0,"turns":10.0},{"damage":14.0,"enemies":"Automaton","floor":33.0,"turns":12.0},{"damage":23.0,"enemies":"Gensokyo:3_Boulders","floor":35.0,"turns":6.0},{"damage":8.0,"enemies":"Gensokyo:3_Bats","floor":37.0,"turns":3.0},{"damage":13.0,"enemies":"Gensokyo:AtlasGolem","floor":39.0,"turns":4.0},{"damage":47.0,"enemies":"Gensokyo:4_Bats","floor":41.0,"turns":5.0},{"damage":3.0,"enemies":"Gensokyo:Dusk_and_Dawn","floor":45.0,"turns":5.0},{"damage":5.0,"enemies":"Gensokyo:Kasen","floor":48.0,"turns":6.0},{"damage":44.0,"enemies":"Gensokyo:Scarlet_Devils","floor":50.0,"turns":13.0},{"damage":0.0,"enemies":"2 Louse","floor":52.0,"turns":2.0},{"damage":1.0,"enemies":"Jaw Worm","floor":53.0,"turns":2.0},{"damage":2.0,"enemies":"conspire:RoseBush","floor":56.0,"turns":2.0},{"damage":1.0,"enemies":"3 Louse","floor":59.0,"turns":2.0},{"damage":53.0,"enemies":"Nightmare","floor":61.0,"turns":9.0},{"damage":1.0,"enemies":"Red Slaver","floor":63.0,"turns":1.0},{"damage":5.0,"enemies":"conspire:2 RoseBushes","floor":65.0,"turns":3.0},{"damage":0.0,"enemies":"Fading Forest","floor":67.0,"turns":3.0},{"damage":10.0,"enemies":"theJungle:MUSHROOMGANG","floor":69.0,"turns":4.0},{"damage":0,"enemies":"conspire:MimicChest","floor":72,"turns":1}],"seed_played":"-3804363200380109583","potions_obtained":[{"floor":2.0,"key":"SmokeBomb"},{"floor":8.0,"key":"Swift Potion"},{"floor":12.0,"key":"jedi:StrikingPotion"},{"floor":16.0,"key":"Death Potion"},{"floor":22.0,"key":"LiquidBronze"},{"floor":29.0,"key":"Explosive Potion"},{"floor":31.0,"key":"LiquidBronze"},{"floor":35.0,"key":"FearPotion"},{"floor":37.0,"key":"Adrenaline Potion"},{"floor":39.0,"key":"LiquidMemories"},{"floor":43.0,"key":"LifebloodPotion"},{"floor":43.0,"key":"EssenceOfSteel"},{"floor":48.0,"key":"Block Potion"},{"floor":56.0,"key":"Weak Potion"},{"floor":59.0,"key":"Reflective Coating"},{"floor":61.0,"key":"Ancient Potion"}],"is_trial":false,"path_per_floor":["M","M","?","M","COS","E","M","M","T","?","?","M","$","M","R","B",null,"M","?","$","?","M","R","M","R","T","R","M","M","R","NM","R","B",null,"M","?","M","?","M","R","M","?","T","?","M","?","COS","E","R","B",null,"M","M","AVR","?","M","R","?","M","T","NM","?","M","R","M","R","B",null,"M","$","?","?"],"character_chosen":"MIYU","items_purchased":["PrismaMod:MiyuAttackChannelAttack","Boot","White_Cape"],"campfire_rested":2,"item_purchase_floors":[13,20,70],"current_hp_per_floor":[81,81,73,72,72,28,18,22,22,22,22,6,6,10,46,53,82,82,82,82,82,82,82,64,79,79,82,82,82,82,82,82,75,82,59,59,55,55,50,68,25,25,25,25,30,30,40,39,60,20,60,60,59,59,58,58,58,56,55,55,3,3,2,42,37,54,52,52,42,50,53,53,53],"gold":869,"neow_bonus":"TEN_PERCENT_HP_BONUS","is_daily":false,"chose_seed":false,"campfire_upgraded":7,"win_rate":0.0,"timestamp":1610155486,"path_taken":["M","M","?","?","COS","E","M","M","T","?","?","M","$","M","R","BOSS","M","?","$","?","?","R","M","R","T","R","M","M","R","NM","R","BOSS","M","?","M","?","M","R","M","?","T","?","?","?","COS","E","R","BOSS","M","M","AVR","?","M","R","?","?","T","NM","?","M","R","M","R","BOSS","M","$","?","?"],"items_purchased_type":["Card","Relic","Relic"],"build_version":"2020-12-22","purchased_purges":1,"victory":false,"max_hp_per_floor":[82,82,82,82,82,82,82,82,82,82,82,82,82,82,82,82,82,82,82,82,82,82,82,82,82,82,82,82,82,82,82,82,82,82,82,82,82,82,82,82,82,82,82,62,62,62,60,60,60,60,60,60,60,60,58,58,58,56,56,56,54,54,54,54,54,54,52,52,52,50,53,53,53],"card_choices":[{"not_picked":["PrismaMod:MiyuCheapAttack2","PrismaMod:MiyuEvokeBuffDex"],"picked":"PrismaMod:MiyuCheapStrBuff","floor":1.0},{"not_picked":["PrismaMod:MiyuEvokeBuffStr","PrismaMod:MiyuCheapChannelWeak"],"picked":"PrismaMod:MiyuUberAOEAttack","floor":2.0},{"not_picked":["PrismaMod:MiyuCarnivalAttack","PrismaMod:MiyuCheapChannelRandom"],"picked":"PrismaMod:MiyuUberAttack","floor":4.0},{"not_picked":["PrismaMod:MiyuCheapStrBuff","PrismaMod:MiyuCheapChannelAttack"],"picked":"PrismaMod:MiyuBride","floor":6.0},{"not_picked":["PrismaMod:MiyuEvokeCheapDefend","PrismaMod:MiyuCheapDexBuff"],"picked":"PrismaMod:MiyuCheapPlate","floor":7.0},{"not_picked":["PrismaMod:MiyuEvokeBuffDex","PrismaMod:MiyuCheapChannelHeal"],"picked":"PrismaMod:MiyuUncommonDexBuff","floor":8.0},{"not_picked":["PrismaMod:MiyuMaid","PrismaMod:MiyuCheapStrBuff"],"picked":"PrismaMod:MiyuCarnivalAttack","floor":12.0},{"not_picked":["PrismaMod:MiyuCheapChannelVul","PrismaMod:MiyuUberAOEAttack"],"picked":"PrismaMod:MiyuEvokeAll","floor":14.0},{"not_picked":["PrismaMod:MiyuEvokeAllDefend","PrismaMod:MiyuUberDefend"],"picked":"PrismaMod:MiyuCheapDefend2","floor":16.0},{"not_picked":["PrismaMod:MiyuCheapChannelWeak","PrismaMod:MiyuUncommonDexBuff"],"picked":"PrismaMod:MiyuCommonAOEAttack+1","floor":22.0},{"not_picked":["PrismaMod:MiyuAttackChannelVul+1","PrismaMod:MiyuEvokeCheapDefend"],"picked":"PrismaMod:MiyuUberDefend","floor":24.0},{"not_picked":["PrismaMod:MiyuEvokeBuffStr+1","PrismaMod:MiyuAttackChannelVul"],"picked":"PrismaMod:MiyuUncommonPlate","floor":28.0},{"not_picked":["PrismaMod:MiyuCheapChannelDefend+1","PrismaMod:MiyuMaid"],"picked":"PrismaMod:MiyuAttackChannelVul","floor":29.0},{"not_picked":["PrismaMod:MiyuDefenseExplosion","PrismaMod:MiyuCheapChannelWeak"],"picked":"PrismaMod:MiyuEvokeAllAttack","floor":31.0},{"not_picked":["PrismaMod:MiyuBride","PrismaMod:MiyuChannelDefendEvoke"],"picked":"PrismaMod:MiyuDefenseAbsorbMinor","floor":33.0},{"not_picked":["PrismaMod:MiyuCheapAttack2","PrismaMod:MiyuEvokeCheapDefend+1"],"picked":"PrismaMod:MiyuDefenseRemoval+1","floor":35.0},{"not_picked":["PrismaMod:MiyuCarnivalAttack","PrismaMod:MiyuDevil"],"picked":"PrismaMod:MiyuUncommonAOEAttack","floor":37.0},{"not_picked":["PrismaMod:MiyuDevil","PrismaMod:MiyuCarnivalAttack+1"],"picked":"PrismaMod:MiyuUberAOEAttack","floor":39.0},{"not_picked":["PrismaMod:MiyuCheapPlate+1","PrismaMod:MiyuUncommonDefend+1"],"picked":"PrismaMod:MiyuChristmas+1","floor":41.0},{"not_picked":["PrismaMod:MiyuCheapChannelVul","PrismaMod:MiyuEvokeBuffStr"],"picked":"PrismaMod:MiyuAttackChannelWeak+1","floor":45.0},{"not_picked":["PrismaMod:MiyuUncommonAttack","PrismaMod:MiyuCheapStrBuff+1"],"picked":"PrismaMod:MiyuCarnivalDefend","floor":48.0},{"not_picked":["PrismaMod:MiyuCarnivalDefend","PrismaMod:MiyuUberDefend"],"picked":"PrismaMod:MiyuEvokeAllAttack","floor":50.0},{"not_picked":["PrismaMod:MiyuCheapChannelWeak","PrismaMod:MiyuUncommonAttack"],"picked":"PrismaMod:MiyuCheapChannelHeal","floor":52.0},{"not_picked":["PrismaMod:MiyuCheapChannelVul","PrismaMod:MiyuCheapEvoke"],"picked":"PrismaMod:MiyuCheapDefend1","floor":53.0},{"not_picked":["PrismaMod:MiyuCarnivalAttack","PrismaMod:MiyuCheapStrBuff+1"],"picked":"PrismaMod:MiyuUncommonPlate","floor":56.0},{"not_picked":["PrismaMod:MiyuEvokeCheapAttack","PrismaMod:MiyuEvokeCheapDefend"],"picked":"PrismaMod:MiyuCheapDefend2","floor":59.0},{"not_picked":["infinitespire:SealOfDarkness+","infinitespire:FinalStrike"],"picked":"infinitespire:Gouge","floor":61.0},{"not_picked":["PrismaMod:MiyuCheapPlate+1","PrismaMod:MiyuCheapChannelHeal"],"picked":"PrismaMod:MiyuCheapDefend2","floor":61.0},{"not_picked":["PrismaMod:MiyuEvokeBuffStr","PrismaMod:MiyuCommonAOEAttack"],"picked":"PrismaMod:MiyuUncommonPlate","floor":63.0},{"not_picked":["PrismaMod:MiyuDefenseExplosion","PrismaMod:MiyuUberAttack"],"picked":"PrismaMod:MiyuCheapDefend2","floor":65.0},{"not_picked":["PrismaMod:MiyuChannelDefendEvoke","PrismaMod:MiyuDefenseAbsorbMinor"],"picked":"PrismaMod:MiyuEvokeAllAttack","floor":67.0},{"not_picked":["PrismaMod:MiyuCarnivalAttack","PrismaMod:MiyuEvokeBuffStr"],"picked":"PrismaMod:MiyuUberAttack","floor":69.0}],"player_experience":196613,"relics_obtained":[{"floor":6.0,"key":"aspiration:StickyExplosives_weak"},{"floor":9.0,"key":"Eternal Feather"},{"floor":11.0,"key":"ReplayTheSpireMod:Ring of Collecting"},{"floor":26.0,"key":"Ring of Peace"},{"floor":31.0,"key":"Frozen Egg 2"},{"floor":43.0,"key":"ReplayTheSpireMod:Ring of Addiction"},{"floor":43.0,"key":"Centennial Puzzle"},{"floor":43.0,"key":"hubris:EmptyBottle"},{"floor":43.0,"key":"Chameleon Ring"},{"floor":48.0,"key":"infinitespire:Midas Blood"},{"floor":60.0,"key":"Ring of Misfortune"},{"floor":60.0,"key":"theSenshi:SailorFukuRelic"},{"floor":61.0,"key":"Bromod:ArcaneTempo"}],"event_choices":[{"damage_healed":0.0,"max_hp_gain":0.0,"max_hp_loss":0.0,"gold_gain":0.0,"event_name":"yidonshenshe","player_choice":"Donate","floor":55.0,"gold_loss":40.0,"damage_taken":0.0,"relics_obtained":["PaintedHorse:ReiMu"]},{"damage_healed":0.0,"max_hp_gain":0.0,"max_hp_loss":0.0,"gold_gain":100.0,"event_name":"Golden Shrine","player_choice":"Pray","floor":58.0,"gold_loss":0.0,"damage_taken":0.0},{"cards_removed":["Injury"],"damage_healed":0.0,"max_hp_gain":0.0,"max_hp_loss":0.0,"gold_gain":0.0,"event_name":"Purifier","player_choice":"Purged","floor":62.0,"gold_loss":0.0,"damage_taken":0.0}],"is_beta":false,"boss_relics":[{"not_picked":["vexMod:MegatonBomb","aspiration:IroncladSkillbook"],"picked":"hubris:GrandSneckoEye"},{"not_picked":["Kintsugi","aspiration:FutureDiary"],"picked":"LagranYue:ContractPerformanceRelic"},{"not_picked":["jedi:hotpepper","Empty Cage"],"picked":"SlaversCollar"},{"not_picked":["Black Star","Astrolabe"],"picked":"vexMod:RockOfEvil"}],"items_purged_floors":[70],"is_endless":true,"potions_floor_spawned":[2,8,12,14,16,22,29,31,35,37,39,48,56,59,61],"killed_by":"conspire:MimicChest","ascension_level":0}}