{"host":"01zlfwcom1iikb23","time":1610197748,"event":{"mods":["ATMod(阿瑾Mod)","Act Like it!","Ascension Reborn","BaseMod","BetterRewards","Colored Powertips","Downfall","Gensokyo","Infinite Spire","Koishi","Marisa（F雨　魔理沙）","Minty Spire (QoL Compilation)","MostiFishMod","Quick Restart","Rare Cards Sparkle","Reimu（博丽灵梦）","Relic Stats","Remilia（蕾米莉亚）","Replay The Spire","Shop Mod","Spicy Shops","StSLib","Td1madao Mod","TestMod","The Animator","UnlockEverythingMod","WarShipGirlsR/战舰少女R mod","Yakumo Yukari mod","[IsaacMod]以撒尖塔","vexMod","【遗物卡牌】REMEMod"],"gold_per_floor":[110,128,128,122,140,177,200,232,232,252,293,312,312,337,337,453,453,467,467,467,158,170,198,198,263,263,288,288,288,232,300,300,397,397,432,513,513,513],"floor_reached":37,"playtime":2186,"items_purged":["rmod:defend","rmod:expedition"],"score":599,"play_id":"35348b3c-53fb-4a6e-bf05-ae89a1f2ff3b","local_time":"20210109080908","is_ascension_mode":true,"campfire_choices":[{"floor":13.0,"key":"RECALL"},{"data":"rmod:tearstotiara","floor":15.0,"key":"SMITH"},{"data":"rmod:maintain","floor":24.0,"key":"SMITH"},{"data":"rmod:expedition","floor":32.0,"key":"SMITH"}],"circlet_count":0,"master_deck":["rmod:strick","rmod:strick","rmod:strick","rmod:strick","rmod:defend","rmod:defend","rmod:defend","rmod:basicallowance","rmod:maingunfire","AT_FamilyPortrait","rmod:maintain+1","rmod:mineteam","rmod:expedition+1","Dramatic Entrance","rmod:ammunitionsupply","rmod:secretscript","rmod:tearstotiara+1","Gensokyo:AllTheWorldsEvil","rmod:acesubmarine+1","rmod:fuelsupply","rmod:intelligenceanalysis+1","Writhe","Gensokyo:RustyChest","rmod:acesubmarine+1"],"relics":["rmod:firstchargereward","testmod-TestBox","HushsDoor","DaveBox","AT_ATBox","REME_ComplimentaryCards","testmod-Prudence","SalivaCoin","RhineSuit","SynthV:TestCard","DianPoetry","BargainBundle","infinitespire:Midas Blood","Chaos","testmod-ArcanaOfDestiny","Question Card","BrkXgEgg","AT_RabadonDeathcap","testmod-BatchProcessingSystem","MerchantsRug","ForgetMeNow","Pantograph","SynthV:C4","AT_SilvercatRing"],"acts_visited":["Exordium","Exordium","TheBeyond"],"potions_floor_usage":[],"damage_taken":[{"damage":0.0,"enemies":"2 Louse","floor":1.0,"turns":1.0},{"damage":0.0,"enemies":"Jaw Worm","floor":2.0,"turns":1.0},{"damage":0.0,"enemies":"Cultist","floor":5.0,"turns":2.0},{"damage":9.0,"enemies":"3 Sentries","floor":6.0,"turns":2.0},{"damage":1.0,"enemies":"Looter","floor":7.0,"turns":2.0},{"damage":0.0,"enemies":"Gremlin Nob","floor":8.0,"turns":2.0},{"damage":0.0,"enemies":"Exordium Thugs","floor":10.0,"turns":2.0},{"damage":9.0,"enemies":"3 Sentries","floor":11.0,"turns":3.0},{"damage":6.0,"enemies":"2 Fungi Beasts","floor":12.0,"turns":3.0},{"damage":0.0,"enemies":"Lagavulin","floor":14.0,"turns":3.0},{"damage":4.0,"enemies":"Hexaghost","floor":16.0,"turns":3.0},{"damage":0.0,"enemies":"Gensokyo:3_Dogs","floor":18.0,"turns":2.0},{"damage":0.0,"enemies":"Gensokyo:Chomper","floor":22.0,"turns":2.0},{"damage":0.0,"enemies":"Nightmare","floor":23.0,"turns":2.0},{"damage":25.0,"enemies":"Gensokyo:Wraith","floor":25.0,"turns":2.0},{"damage":10.0,"enemies":"Gensokyo:Monolith_and_Dog","floor":27.0,"turns":2.0},{"damage":25.0,"enemies":"Gensokyo:Chomper_and_Gloop","floor":31.0,"turns":4.0},{"damage":0.0,"enemies":"Gensokyo:Eiki","floor":33.0,"turns":2.0},{"damage":18.0,"enemies":"3 Darklings","floor":35.0,"turns":2.0},{"damage":30.0,"enemies":"3 Shapes","floor":36.0,"turns":2.0},{"damage":0,"enemies":"Jaw Worm Horde","floor":37,"turns":1}],"seed_played":"-998272939003189444","potions_obtained":[{"floor":0.0,"key":"Weak Potion"},{"floor":0.0,"key":"Regen Potion"},{"floor":0.0,"key":"Milkshake"},{"floor":1.0,"key":"DuplicationPotion"},{"floor":7.0,"key":"Fire Potion"},{"floor":8.0,"key":"LiquidMemories"},{"floor":25.0,"key":"REME_GoldPotion"},{"floor":33.0,"key":"Energy Potion"},{"floor":35.0,"key":"REME_GoldPotion"},{"floor":36.0,"key":"BlessingOfTheForge"}],"is_trial":false,"path_per_floor":["M","M","?","$","M","E","M","E","T","M","E","M","R","E","R","B",null,"M","?","AVR","$","M","NM","R","M","T","M","?","?","COS","M","R","B",null,"M","M","M"],"character_chosen":"PRAEFECT","items_purchased":["BargainBundle","rmod:expedition","Flashbang","ColorlessPotion","Dramatic Entrance","MerchantsRug","rmod:acesubmarine+1"],"campfire_rested":0,"item_purchase_floors":[4,4,4,4,4,21,21],"current_hp_per_floor":[75,75,75,75,75,66,65,65,65,65,56,50,50,50,50,46,75,75,75,75,75,75,75,75,50,50,40,40,40,40,15,15,40,75,57,27,27,27],"gold":513,"neow_bonus":"THREE_SMALL_POTIONS","is_daily":false,"chose_seed":false,"campfire_upgraded":3,"win_rate":0.0,"timestamp":1610197748,"path_taken":["M","M","?","$","?","E","M","E","T","M","E","M","R","E","R","BOSS","M","?","AVR","?","M","NM","R","M","T","M","?","?","COS","M","R","BOSS","M","?","M"],"items_purchased_type":["Relic","Card","Potion","Potion","Card","Relic","Card"],"build_version":"2020-12-22","purchased_purges":2,"victory":false,"max_hp_per_floor":[75,75,75,75,75,75,75,75,75,75,75,75,75,75,75,75,75,75,75,75,75,75,75,75,75,75,75,75,75,75,75,75,75,75,75,75,75,75],"relic_stats":{"counters":[20,44],"Pantograph":25,"Question Card":18,"obtain_stats":[{"Chaos":8,"AT_ATBox":0,"DaveBox":0,"DianPoetry":3,"testmod-BatchProcessingSystem":20,"RhineSuit":0,"SynthV:C4":34,"testmod-Prudence":0,"Pantograph":26,"testmod-ArcanaOfDestiny":9,"KeepersGift":0,"AT_RabadonDeathcap":20,"MerchantsRug":21,"BargainBundle":4,"testmod-TestBox":0,"BrkXgEgg":17,"AT_SilvercatRing":35,"Question Card":11,"SynthV:TestCard":1,"ForgetMeNow":23,"rmod:firstchargereward":0,"SalivaCoin":0,"HushsDoor":0,"REME_ComplimentaryCards":0,"infinitespire:Midas Blood":6},{"Chaos":6,"AT_ATBox":0,"DaveBox":0,"DianPoetry":2,"testmod-BatchProcessingSystem":12,"RhineSuit":0,"SynthV:C4":18,"testmod-Prudence":0,"Pantograph":15,"testmod-ArcanaOfDestiny":6,"KeepersGift":0,"AT_RabadonDeathcap":12,"MerchantsRug":12,"BargainBundle":2,"testmod-TestBox":0,"BrkXgEgg":11,"AT_SilvercatRing":19,"Question Card":8,"SynthV:TestCard":1,"ForgetMeNow":14,"rmod:firstchargereward":0,"SalivaCoin":0,"HushsDoor":0,"REME_ComplimentaryCards":0,"infinitespire:Midas Blood":4},{"Chaos":10,"AT_ATBox":0,"DaveBox":0,"DianPoetry":2,"testmod-BatchProcessingSystem":26,"RhineSuit":0,"SynthV:C4":40,"testmod-Prudence":0,"Pantograph":32,"testmod-ArcanaOfDestiny":10,"KeepersGift":0,"AT_RabadonDeathcap":26,"MerchantsRug":26,"BargainBundle":2,"testmod-TestBox":0,"BrkXgEgg":24,"AT_SilvercatRing":41,"Question Card":15,"SynthV:TestCard":1,"ForgetMeNow":30,"rmod:firstchargereward":0,"SalivaCoin":0,"HushsDoor":0,"REME_ComplimentaryCards":0,"infinitespire:Midas Blood":6}]},"card_choices":[{"not_picked":[],"picked":"Bomb","floor":0.0},{"not_picked":["rmod:launchingtorpedo","rmod:bulid"],"picked":"rmod:maintain","floor":1.0},{"not_picked":["rmod:slowdown","rmod:spoils","rmod:capitalist","rmod:supportescort"],"picked":"rmod:mineteam","floor":2.0},{"not_picked":["rmod:aviationdawn","rmod:supportescort","rmod:wolves","rmod:unsinkable","rmod:steelsupply"],"picked":"SKIP","floor":5.0},{"not_picked":["rmod:gendarmerie","rmod:u235","rmod:garrisonisland","rmod:fletcherpendant","rmod:supportaircraftcarrier"],"picked":"SKIP","floor":6.0},{"not_picked":["rmod:gendarmerie","rmod:u235","rmod:garrisonisland","rmod:fletcherpendant","rmod:supportaircraftcarrier"],"picked":"SKIP","floor":6.0},{"not_picked":["rmod:intelligenceanalysis","rmod:lonelyqueen","rmod:fletcherpendant","rmod:diamondstrike"],"picked":"rmod:ammunitionsupply","floor":7.0},{"not_picked":["rmod:ammunitionsupply","rmod:heivgo","rmod:salvage","rmod:luckystar","rmod:circuitoustactics"],"picked":"SKIP","floor":8.0},{"not_picked":["rmod:saltedfish","rmod:unsinkable","rmod:highspeedshooting","rmod:firesupport"],"picked":"rmod:ammunitionsupply","floor":10.0},{"not_picked":["Bomb","rmod:goodfighter","rmod:royalracing","rmod:aggressivemary"],"picked":"rmod:secretscript","floor":11.0},{"not_picked":["rmod:fletcherpendant","rmod:advancebysurprise","rmod:mineteam","rmod:victimresponsibility","rmod:ammunitionsupply","Bomb"],"picked":"SKIP","floor":12.0},{"not_picked":["rmod:sl","rmod:highspeedmaneuver","rmod:guardianhero","Bomb","rmod:punchline"],"picked":"rmod:tearstotiara","floor":14.0},{"not_picked":["rmod:capitalist","rmod:victimresponsibility","rmod:garrisonisland","rmod:luckystar+1","rmod:lonelyqueen","rmod:steelsupply"],"picked":"SKIP","floor":18.0},{"not_picked":["rmod:victimresponsibility","rmod:bulid+1","rmod:slowdown","rmod:spoils+1","rmod:punchline","rmod:tearstotiara"],"picked":"SKIP","floor":22.0},{"not_picked":["rmod:rockthrower","rmod:firesupport","rmod:wasp","rmod:concentratefire","rmod:generalist"],"picked":"rmod:fuelsupply","floor":23.0},{"not_picked":["rmod:goodsister+1","rmod:fuelsupply","rmod:unsinkable","rmod:luckystar+1","rmod:aviationdawn"],"picked":"rmod:intelligenceanalysis+1","floor":25.0},{"not_picked":["rmod:diamondstrike","rmod:overbreakdown","rmod:chargemoney+1","rmod:highspeedshooting","rmod:supportescort","rmod:maintain+1"],"picked":"SKIP","floor":27.0},{"not_picked":["rmod:supriseattacks+1","rmod:wasp+1","rmod:diamondstrike+1","rmod:luckystar","rmod:circuitoustactics+1","rmod:selfconfidence"],"picked":"SKIP","floor":31.0},{"not_picked":["rmod:windflower+1","rmod:abidefaith+1","rmod:stealaluminum+1","rmod:seals+1","rmod:supriseattacks+1"],"picked":"rmod:acesubmarine+1","floor":33.0},{"not_picked":["rmod:steelsupply+1","rmod:punchline+1","rmod:aviationdawn","rmod:mineteam+1","rmod:sl","rmod:aluminumsupply"],"picked":"SKIP","floor":35.0},{"not_picked":["rmod:fletcherpendant","rmod:unsinkable","rmod:firesupport","rmod:diamondstrike","rmod:goodsister","rmod:diaomin+1"],"picked":"SKIP","floor":36.0}],"player_experience":256464,"relics_obtained":[{"floor":1.0,"key":"SynthV:TestCard"},{"floor":3.0,"key":"DianPoetry"},{"floor":6.0,"key":"infinitespire:Midas Blood"},{"floor":8.0,"key":"Chaos"},{"floor":9.0,"key":"testmod-ArcanaOfDestiny"},{"floor":11.0,"key":"Question Card"},{"floor":23.0,"key":"ForgetMeNow"},{"floor":26.0,"key":"Pantograph"}],"event_choices":[{"damage_healed":0.0,"max_hp_gain":0.0,"max_hp_loss":0.0,"gold_gain":0.0,"event_name":"给自己的盒子","player_choice":"Ignored","floor":28.0,"gold_loss":0.0,"damage_taken":0.0}],"is_beta":false,"boss_relics":[{"not_picked":["ReplayTheSpireMod:TigerMarble","TuHaoJin"],"picked":"BrkXgEgg"},{"not_picked":[]},{"not_picked":["infinitespire:Lychee Nut","Prayer Wheel"],"picked":"SynthV:C4"},{"not_picked":[]}],"items_purged_floors":[4,20],"is_endless":false,"potions_floor_spawned":[1,7,8,10,25,33,35,36],"killed_by":"Jaw Worm Horde","ascension_level":1}}