{"host":"qy0m86b6j0qgj9ra","time":1610209655,"event":{"mods":["Act Like it!","Aspiration","Astrologer","Bartender","BaseMod","CCEM","Clockwork Mod","Conspire","Downfall","Duelist Mod","Energized Spire","Friendly Minions","Gensokyo","GifTheSpireLib","Googly Eyes","GungeonMod","Halation","Hallownest","Hermit","Hubris","Infinite Spire","Ironclad Rager","Jorbs\u0027s Wanderer Trilogy","Koishi","KomeijiMod","Lobotomy","LobotomyExtend","Mad Scientist","Marisa????????","Minty Spire (QoL Compilation)","Pale of the Ancients","Quarter Circle Forward PUNCH!","RRrroohrrRGHHhhh!!","Random Character Button","Rare Cards Sparkle","Reimu??????","Replay The Spire","Retaliation","RumiaBox-????????","SCP261 Mod","Slumbering Mod","Spicy Shops","Spikes Relics","StSLib","Stuff the Spire","The Administrix","The Animator","The Bug Knight","The Construct","The Cursed","The Hierophant","The Jungle","The Sage","The Saiyan","The Vixen","TheBandit","TheFirefly","Trackpad","Wandering Minibosses","WarShipGirlsR/????R mod","Yuri Mod","vexMod"],"gold_per_floor":[99,119,132,42,42,42,42,59,70,101,121,121,121,135,152,152,152,152],"floor_reached":16,"playtime":1526,"items_purged":["hexamod:Strike"],"score":109,"play_id":"3bfd3035-da17-4bbc-81f4-b96223e1e5f7","local_time":"20210109172735","is_ascension_mode":true,"campfire_choices":[{"floor":1,"key":"DIG"},{"data":"hexamod:Float","floor":6,"key":"SMITH"},{"floor":13,"key":"REST"}],"circlet_count":0,"master_deck":["hexamod:Strike","hexamod:Strike","hexamod:Strike","hexamod:Defend","hexamod:Defend","hexamod:Defend","hexamod:Defend","hexamod:Sear","hexamod:Float+1","hexamod:HeatMetal","hexamod:StepThrough","hexamod:ParanormalForm","hexamod:GhostLash","hexamod:FastForward","hexamod:EmpoweredFlame"],"relics":["hexamod:SpiritBrand","BlackRope","LetterFromLob","hubris:Icosahedron","PureWhite:ReiMu","aspiration:SeaSaltIceCream","aspiration:Nostalgia","m_HexaRing","hubris:Towel"],"acts_visited":["Exordium"],"potions_floor_usage":[16],"damage_taken":[{"damage":0,"enemies":"conspire:RoseBush","floor":2,"turns":3},{"damage":0,"enemies":"Small Slimes","floor":3,"turns":3},{"damage":2,"enemies":"downfall:FleeingMerchant","floor":4,"turns":7},{"damage":1,"enemies":"Jaw Worm","floor":8,"turns":4},{"damage":1,"enemies":"Blue Slaver","floor":9,"turns":3},{"damage":14,"enemies":"Gremlin Nob","floor":10,"turns":4},{"damage":26,"enemies":"conspire:2 RoseBushes","floor":11,"turns":7},{"damage":12,"enemies":"Red Slaver","floor":14,"turns":4},{"damage":9,"enemies":"theSlumbering:NewSlaver","floor":15,"turns":3},{"damage":37,"enemies":"downfall:Defect","floor":16,"turns":5}],"seed_played":"-1535559406122659107","potions_obtained":[{"floor":8,"key":"Adrenaline Potion"},{"floor":11,"key":"ZuzhouPotion:ReiMu"}],"is_trial":false,"path_per_floor":["R","M","M","$","?","R","T","M","M","E","M","?","R","M","M","B"],"character_chosen":"THE_SPIRIT","items_purchased":[],"campfire_rested":1,"item_purchase_floors":[],"current_hp_per_floor":[77,77,77,75,75,75,75,74,73,59,33,33,56,44,35,0,0,0],"gold":152,"neow_bonus":"TEN_PERCENT_HP_BONUS","is_daily":false,"chose_seed":false,"campfire_upgraded":1,"win_rate":0.0,"timestamp":1610209655,"path_taken":["R","M","M","$","?","R","T","M","M","E","M","?","R","M","M","BOSS"],"items_purchased_type":[],"build_version":"2020-12-22","purchased_purges":1,"victory":false,"max_hp_per_floor":[77,77,77,77,77,77,77,77,77,77,77,77,77,77,77,77,77,77],"card_choices":[{"not_picked":["hexamod:BacktrackSmack","hexamod:GhostShield","hexamod:SecondSeal"],"picked":"SKIP","floor":2},{"not_picked":["hexamod:ThirdSeal","hexamod:BurningTouch"],"picked":"hexamod:HeatMetal","floor":3},{"not_picked":["hexamod:InspiringFlames","hexamod:NightmareStrike"],"picked":"hexamod:StepThrough","floor":4},{"not_picked":["hexamod:AdvancingGuard","hexamod:EtherealExpedition"],"picked":"hexamod:ParanormalForm","floor":8},{"not_picked":["hexamod:InspiringFlames","hexamod:ThermalTransfer"],"picked":"hexamod:GhostLash","floor":9},{"not_picked":["hexamod:BacktrackSmack","hexamod:Rewind"],"picked":"hexamod:FastForward","floor":10},{"not_picked":["hexamod:Rewind","Poisoned Stab"],"picked":"hexamod:EmpoweredFlame","floor":11},{"not_picked":["hexamod:HeatMetal","hexamod:SpectersWail","hexamod:RainOfEmbers"],"picked":"SKIP","floor":14},{"not_picked":["hexamod:BurningTouch","hexamod:Incineration","hexamod:FirstSeal"],"picked":"SKIP","floor":15}],"player_experience":554349,"relics_obtained":[{"floor":1,"key":"BlackRope"},{"floor":2,"key":"LetterFromLob"},{"floor":7,"key":"PureWhite:ReiMu"},{"floor":10,"key":"aspiration:SeaSaltIceCream"}],"event_choices":[],"is_beta":false,"boss_relics":[],"items_purged_floors":[4],"is_endless":false,"potions_floor_spawned":[8,11],"killed_by":"downfall:Defect","ascension_level":1}}