{"host":"xs2umar4czbsv0xl","time":1610161508,"event":{"mods":["AchievementEnabler","Act Like it!","BaseMod","Gensokyo","Marisa????????","Minty Spire (QoL Compilation)","Reimu??????","Remilia??????","Replay The Spire","StSLib","The Hierophant","The Wild Card"],"gold_per_floor":[111,111,131,131,104,104,138,138,138,157,170,170,185,30,30,155,155,169,190,190,190,208,208,208,123,123,123,123],"floor_reached":27,"playtime":1421,"items_purged":[],"score":236,"play_id":"c9fb3625-7865-4bbe-ab66-27af7a16f125","local_time":"20210108210508","is_ascension_mode":false,"campfire_choices":[{"floor":6,"key":"RECALL"},{"data":"Zap","floor":8,"key":"SMITH"},{"floor":15,"key":"REST"},{"floor":23,"key":"REST"}],"circlet_count":0,"master_deck":["Strike_B","Strike_B","Strike_B","Strike_B","Defend_B","Defend_B","Defend_B","Zap+1","Dualcast+1","Conserve Battery+1","Redo+1","Redo","Gash","Ball Lightning","Redo","Compile Driver","Buffer+1","Cold Snap","Melter+1","Lust_TH","Beam Cell+1"],"relics":["Cracked Core","NeowsBlessing","Golden Idol","ScarletDevilRocket","Guide Book","Nuclear Battery","Replay:Rubber Ducky","Gambling Chip","Durian","Happy Flower"],"acts_visited":["Exordium","TheCity"],"potions_floor_usage":[],"damage_taken":[{"damage":0,"enemies":"2 Louse","floor":1,"turns":1},{"damage":0,"enemies":"Cultist","floor":3,"turns":1},{"damage":0,"enemies":"Lagavulin","floor":7,"turns":1},{"damage":10,"enemies":"Small Slimes","floor":10,"turns":2},{"damage":8,"enemies":"Looter","floor":11,"turns":3},{"damage":2,"enemies":"Exordium Wildlife","floor":13,"turns":3},{"damage":47,"enemies":"Fading Forest","floor":16,"turns":11},{"damage":12,"enemies":"Shell Parasite","floor":18,"turns":5},{"damage":0,"enemies":"Spheric Guardian","floor":19,"turns":3},{"damage":51,"enemies":"3 Cultists","floor":22,"turns":6},{"damage":70,"enemies":"Champ","floor":27,"turns":13}],"seed_played":"-9067501327850492657","potions_obtained":[{"floor":7,"key":"FairyPotion"},{"floor":10,"key":"LiquidMemories"},{"floor":11,"key":"SneckoOil"},{"floor":19,"key":"FocusPotion"}],"is_trial":false,"path_per_floor":["M","?","M","?","$","R","E","R","T","M","M","?","M","$","R","B",null,"M","M","?","?","M","R","T","?","T","B"],"character_chosen":"DEFECT","items_purchased":["Redo","Guide Book"],"campfire_rested":2,"item_purchase_floors":[5,14],"current_hp_per_floor":[75,75,75,57,57,57,57,57,57,47,39,39,37,37,59,22,75,63,63,63,63,12,34,34,39,39,0,0],"gold":123,"neow_bonus":"THREE_ENEMY_KILL","is_daily":false,"chose_seed":false,"campfire_upgraded":1,"win_rate":0.0,"timestamp":1610161508,"path_taken":["M","?","?","?","$","R","E","R","T","M","M","?","M","?","R","BOSS","M","M","?","?","M","R","?","?","T","BOSS"],"items_purchased_type":["Card","Relic"],"build_version":"2020-12-22","purchased_purges":0,"victory":false,"max_hp_per_floor":[75,75,75,75,75,75,75,75,75,75,75,75,75,75,75,75,75,75,75,75,75,75,75,75,80,80,80,80],"card_choices":[{"not_picked":["Force Field","Beam Cell"],"picked":"Conserve Battery","floor":1},{"not_picked":["Static Discharge","BasicCrystalCard"],"picked":"Redo","floor":3},{"not_picked":["Self Repair","Hyperbeam"],"picked":"Gash","floor":7},{"not_picked":["Heatsinks","Streamline"],"picked":"Ball Lightning","floor":10},{"not_picked":["ReplayTheSpireMod:Repulse","BasicCrystalCard"],"picked":"Redo","floor":11},{"not_picked":["Conserve Battery","Scrape"],"picked":"Compile Driver","floor":13},{"not_picked":["ReplayTheSpireMod:Fabricate Wheel","Meteor Strike"],"picked":"Buffer","floor":16},{"not_picked":["FIFO Queue","Conserve Battery"],"picked":"Cold Snap","floor":18},{"not_picked":["Blizzard+1","Lockon"],"picked":"Melter+1","floor":19},{"not_picked":["Streamline","Static Discharge"],"picked":"Beam Cell+1","floor":22}],"player_experience":161607,"relics_obtained":[{"floor":7,"key":"ScarletDevilRocket"},{"floor":24,"key":"Gambling Chip"},{"floor":26,"key":"Happy Flower"}],"event_choices":[{"cards_removed":["Defend_B"],"damage_healed":0,"gold_gain":0,"player_choice":"Purged","damage_taken":0,"max_hp_gain":0,"max_hp_loss":0,"event_name":"Purifier","floor":2,"gold_loss":0},{"damage_healed":0,"gold_gain":0,"player_choice":"Take Damage","damage_taken":18,"relics_obtained":["Golden Idol"],"max_hp_gain":0,"max_hp_loss":0,"event_name":"Golden Idol","floor":4,"gold_loss":0},{"damage_healed":0,"gold_gain":0,"player_choice":"Ignored","damage_taken":0,"max_hp_gain":0,"max_hp_loss":0,"event_name":"Golden Wing","floor":12,"gold_loss":0},{"damage_healed":0,"gold_gain":0,"player_choice":"Obtained Relic","damage_taken":0,"relics_obtained":["Durian"],"max_hp_gain":0,"max_hp_loss":0,"event_name":"Addict","floor":25,"gold_loss":85}],"is_beta":false,"boss_relics":[{"not_picked":["Replay:Grab Bag","Tiny House"],"picked":"Nuclear Battery"}],"items_purged_floors":[],"is_endless":false,"potions_floor_spawned":[7,10,11,19],"killed_by":"Champ","ascension_level":0}}