{"host":"mgc7o2tpy0ck407l","time":1610180480,"event":{"mods":["Alarm Clock","AlwaysNeverKeys","BaseMod","Better Altar","Better Match","Better Note","Better Sensory Stone","Better Skull","Better Third Choice","Better Vampires","Block Reminder","Booster Modes","Challenge The Spire","Colored Map","Colored Powertips","Disable Question Mark Monsters","Displayed Cursed Tome","Emptier Cage","Energized Spire","Evolution","Infinite Spire","Minty Spire (QoL Compilation)","Permanent Neow","Quick Restart","Rare Cards Sparkle","Reorder Act Four","Spicy Shops","StSLib","SuperFastMode","Transform Curses","Unceasing Turn Reminder"],"gold_per_floor":[118,30,105,105,135,135,172,172,172,2,2,2,21,74,74,224,224,222,122,165,15,27,27,130,130,176,217,217,217,217],"floor_reached":29,"playtime":971,"items_purged":["Defend_B","Strike_B"],"score":253,"play_id":"54bb4336-b10d-4265-b5b5-c94fcec08c89","local_time":"20210109032120","is_ascension_mode":true,"campfire_choices":[{"data":"Zap","floor":6,"key":"SMITH"},{"data":"HandOfGreed","floor":8,"key":"SMITH"},{"data":"Barrage","floor":12,"key":"SMITH"},{"data":"Fission","floor":15,"key":"SMITH"},{"data":"Dualcast","floor":23,"key":"SMITH"},{"data":"Skim","floor":25,"key":"SMITH"}],"circlet_count":0,"master_deck":["Compile Driver","Compile Driver","Strike_B","Defend_B","Defend_B","Defend_B","Zap+1","Dualcast+1","Cold Snap","Barrage+1","HandOfGreed+1","Skim+1","Compile Driver","Defragment+1","Fission+1","Glacier","Buffer+1","Defragment+1"],"relics":["Burning Blood","EVO:Axolotl","Lantern","infinitespire:Cubic Diamond","Frozen Egg 2","Nunchaku","energizedSpire:RedRose","DataDisk","Singing Bowl","infinitespire:Freezer"],"acts_visited":["Exordium","TheCity"],"potions_floor_usage":[24,24],"damage_taken":[{"damage":0,"enemies":"2 Louse","floor":1,"turns":3},{"damage":0,"enemies":"Small Slimes","floor":5,"turns":2},{"damage":6,"enemies":"Jaw Worm","floor":7,"turns":5},{"damage":2,"enemies":"Looter","floor":13,"turns":3},{"damage":26,"enemies":"Gremlin Nob","floor":14,"turns":4},{"damage":15,"enemies":"Slime Boss","floor":16,"turns":12},{"damage":19,"enemies":"2 Thieves","floor":18,"turns":5},{"damage":2,"enemies":"Chosen","floor":20,"turns":5},{"damage":1,"enemies":"Snecko","floor":22,"turns":6},{"damage":36,"enemies":"Slavers","floor":24,"turns":10},{"damage":7,"enemies":"Cultist and Chosen","floor":27,"turns":7},{"damage":47,"enemies":"Gremlin Leader","floor":29,"turns":4}],"seed_played":"-5636293781099925155","potions_obtained":[{"floor":20,"key":"SpeedPotion"},{"floor":22,"key":"GamblersBrew"}],"is_trial":false,"path_per_floor":["M","$","?","?","M","R","M","R","T","$","$","R","M","E","R","B",null,"M","$","M","$","M","R","E","R","T","M","?","E"],"character_chosen":"DEFECT","items_purchased":["Barrage","HandOfGreed","Defragment+1","DataDisk"],"campfire_rested":0,"item_purchase_floors":[2,2,10,21],"current_hp_per_floor":[75,75,64,64,70,70,70,70,70,70,70,70,74,54,54,45,75,62,62,66,66,71,71,43,43,43,44,44,0,0],"gold":217,"neow_bonus":"RANDOM_COMMON_RELIC","is_daily":false,"chose_seed":false,"campfire_upgraded":6,"win_rate":0.0,"timestamp":1610180480,"path_taken":["M","$","?","?","M","R","M","R","T","?","$","R","M","E","R","BOSS","M","$","M","$","M","R","E","R","T","M","?","E"],"items_purchased_type":["Card","Card","Card","Relic"],"build_version":"2020-12-22","purchased_purges":2,"victory":false,"max_hp_per_floor":[75,75,75,75,75,75,75,75,75,75,75,75,75,75,75,75,75,75,75,75,75,75,75,77,77,77,79,79,79,79],"card_choices":[{"not_picked":["Go for the Eyes","Streamline"],"picked":"Cold Snap","floor":1},{"not_picked":["Gash","Tempest"],"picked":"Skim","floor":5},{"not_picked":["Aggregate","Gash"],"picked":"Compile Driver","floor":7},{"not_picked":["Compile Driver","Rebound"],"picked":"Fission","floor":13},{"not_picked":["Gash","Rebound"],"picked":"Glacier","floor":14},{"not_picked":["Biased Cognition+1","Fission"],"picked":"Buffer+1","floor":16},{"not_picked":["Hologram","Leap","Rebound"],"picked":"SKIP","floor":18},{"not_picked":["Genetic Algorithm","Reprogram+1"],"picked":"Defragment+1","floor":20},{"not_picked":["Recycle","Scrape","Turbo"],"picked":"SKIP","floor":22},{"not_picked":["Sweeping Beam","Cold Snap","Chaos+1"],"picked":"Singing Bowl","floor":24},{"not_picked":["Compile Driver","Sunder","Leap+1"],"picked":"Singing Bowl","floor":27}],"player_experience":743767,"relics_obtained":[{"floor":9,"key":"Frozen Egg 2"},{"floor":14,"key":"Nunchaku"},{"floor":24,"key":"Singing Bowl"},{"floor":26,"key":"infinitespire:Freezer"}],"event_choices":[{"damage_healed":0,"gold_gain":75,"player_choice":"Gold","damage_taken":11,"max_hp_gain":0,"max_hp_loss":0,"event_name":"betterThird:BetterGoop","floor":3,"gold_loss":0},{"cards_removed":["Strike_B"],"damage_healed":0,"gold_gain":0,"player_choice":"Give","damage_taken":0,"max_hp_gain":0,"max_hp_loss":0,"event_name":"betterNote:BetterNote","floor":28,"gold_loss":0,"cards_obtained":["Strike_B"]}],"is_beta":false,"boss_relics":[{"not_picked":["energizedSpire:StickyHand","SacredBark"],"picked":"energizedSpire:RedRose"}],"items_purged_floors":[10,19],"is_endless":false,"potions_floor_spawned":[20,22],"killed_by":"Gremlin Leader","ascension_level":1}}