{"host":"d61fcf2p3sjwe6yo","time":1610230185,"event":{"mods":["AchievementEnabler","BaseMod","Colored Map","Minty Spire (QoL Compilation)","StSLib","SuperFastMode"],"gold_per_floor":[114,114,134,409,425,425,239,253,331,331,383,399,415,415,415,415,415],"floor_reached":16,"playtime":401,"items_purged":["Regret"],"score":133,"play_id":"37fe9988-e1b0-4982-8c9a-558fad4cfbf3","local_time":"20210110010945","is_ascension_mode":true,"campfire_choices":[{"data":"Zap","floor":6,"key":"SMITH"},{"floor":15,"key":"REST"}],"circlet_count":0,"master_deck":["Strike_B+1","Strike_B","Strike_B","Defend_B","Defend_B","Defend_B","Zap+1","Dualcast","Ball Lightning","All For One","Defragment+1"],"relics":["Empty Cage","Golden Idol","Membership Card","Meat on the Bone","Oddly Smooth Stone","Pen Nib"],"acts_visited":[],"potions_floor_usage":[12,16],"damage_taken":[{"damage":11,"enemies":"Jaw Worm","floor":1,"turns":5},{"damage":0,"enemies":"2 Louse","floor":3,"turns":3},{"damage":10,"enemies":"Cultist","floor":5,"turns":4},{"damage":7,"enemies":"Looter","floor":8,"turns":3},{"damage":2,"enemies":"Blue Slaver","floor":12,"turns":2},{"damage":0,"enemies":"Large Slime","floor":13,"turns":3},{"damage":34,"enemies":"Slime Boss","floor":16,"turns":7}],"seed_played":"2428884791888203596","potions_obtained":[{"floor":1,"key":"PowerPotion"},{"floor":12,"key":"Weak Potion"}],"is_trial":false,"path_per_floor":["M","?","M","?","M","R","$","M","T","?","T","M","M","?","R","B"],"character_chosen":"DEFECT","items_purchased":["Membership Card"],"campfire_rested":1,"item_purchase_floors":[7],"current_hp_per_floor":[57,39,39,39,29,29,29,22,22,7,7,17,29,11,33,0,0],"gold":415,"neow_bonus":"BOSS_RELIC","is_daily":false,"chose_seed":false,"campfire_upgraded":1,"win_rate":0.0,"timestamp":1610230185,"path_taken":["M","?","M","?","M","R","$","?","T","?","?","M","M","?","R","BOSS"],"items_purchased_type":["Relic"],"build_version":"2020-12-22","purchased_purges":1,"victory":false,"max_hp_per_floor":[75,75,75,75,75,75,75,75,75,75,75,75,75,75,75,75,75],"card_choices":[{"not_picked":["Steam Power","Sweeping Beam"],"picked":"Ball Lightning","floor":1},{"not_picked":["Stack","Steam","Double Energy"],"picked":"SKIP","floor":3},{"not_picked":["Stack","Steam","Double Energy"],"picked":"SKIP","floor":3},{"not_picked":["Blizzard","Hologram"],"picked":"All For One","floor":5},{"not_picked":["Steam","Hologram"],"picked":"Defragment","floor":8},{"not_picked":["Streamline","Stack","Go for the Eyes"],"picked":"SKIP","floor":12},{"not_picked":["Steam","Rebound","Compile Driver"],"picked":"SKIP","floor":13}],"player_experience":172687,"relics_obtained":[{"floor":9,"key":"Meat on the Bone"},{"floor":11,"key":"Oddly Smooth Stone"}],"event_choices":[{"damage_healed":0,"gold_gain":0,"player_choice":"Take Damage","damage_taken":18,"relics_obtained":["Golden Idol"],"max_hp_gain":0,"max_hp_loss":0,"event_name":"Golden Idol","floor":2,"gold_loss":0},{"damage_healed":0,"gold_gain":275,"player_choice":"Desecrate","damage_taken":0,"max_hp_gain":0,"max_hp_loss":0,"event_name":"Golden Shrine","floor":4,"gold_loss":0,"cards_obtained":["Regret"]},{"damage_healed":0,"gold_gain":0,"player_choice":"Entered Light","damage_taken":15,"max_hp_gain":0,"max_hp_loss":0,"event_name":"Shining Light","floor":10,"gold_loss":0,"cards_upgraded":["Defragment","Strike_B"]},{"damage_healed":0,"gold_gain":0,"player_choice":"Success","damage_taken":18,"relics_obtained":["Pen Nib"],"max_hp_gain":0,"max_hp_loss":0,"event_name":"Scrap Ooze","floor":14,"gold_loss":0}],"is_beta":false,"boss_relics":[],"items_purged_floors":[7],"is_endless":false,"potions_floor_spawned":[1,12],"killed_by":"Slime Boss","ascension_level":9}}