{"host":"vzygucmp2u9s1xuv","time":1610233585,"event":{"mods":["BaseMod","Colored Map","DeckTracker","Keyboard Shortcuts","Minty Spire (QoL Compilation)","Quick Restart","StSLib","SuperFastMode"],"gold_per_floor":[113,129,129,149,5,34,51,51,51,51,80,80,113,51,51,51,51],"floor_reached":16,"playtime":584,"items_purged":[],"score":189,"play_id":"01cb697d-8b8e-4ccb-a202-dfde830a5a61","local_time":"20210110080625","is_ascension_mode":true,"campfire_choices":[{"floor":8,"key":"REST"},{"data":"Riddle With Holes","floor":12,"key":"SMITH"},{"data":"Flechettes","floor":15,"key":"SMITH"}],"circlet_count":0,"master_deck":["AscendersBane","Strike_G","Strike_G","Strike_G","Strike_G","Strike_G","Defend_G","Defend_G","Defend_G","Defend_G","Defend_G","Survivor","Neutralize","Backflip+1","Prepared","Flechettes+1","Blade Dance+1","Dagger Spray","Riddle With Holes+1"],"relics":["Ring of the Snake","Vajra","Bag of Marbles","Frozen Egg 2","Eternal Feather","Odd Mushroom","Gremlin Horn"],"acts_visited":["Exordium"],"potions_floor_usage":[6,11],"damage_taken":[{"damage":2,"enemies":"Jaw Worm","floor":1,"turns":4},{"damage":0,"enemies":"Cultist","floor":2,"turns":4},{"damage":1,"enemies":"Small Slimes","floor":4,"turns":4},{"damage":27,"enemies":"Lagavulin","floor":6,"turns":6},{"damage":4,"enemies":"2 Fungi Beasts","floor":7,"turns":3},{"damage":4,"enemies":"The Mushroom Lair","floor":11,"turns":2},{"damage":2,"enemies":"Gremlin Nob","floor":13,"turns":3},{"damage":57,"enemies":"The Guardian","floor":16,"turns":15}],"seed_played":"7518028541446727695","potions_obtained":[{"floor":4,"key":"Fire Potion"},{"floor":6,"key":"Ancient Potion"}],"is_trial":false,"path_per_floor":["M","M","?","M","$","E","M","R","T","?","?","R","E","?","R","B"],"character_chosen":"THE_SILENT","items_purchased":["Bag of Marbles"],"campfire_rested":1,"item_purchase_floors":[5],"current_hp_per_floor":[57,57,57,56,56,29,25,44,44,44,40,49,47,47,56,0,0],"gold":51,"neow_bonus":"RANDOM_COMMON_RELIC","is_daily":false,"chose_seed":false,"campfire_upgraded":2,"win_rate":0.0,"timestamp":1610233585,"path_taken":["M","M","?","?","$","E","M","R","T","?","?","R","E","?","R","BOSS"],"items_purchased_type":["Relic"],"build_version":"2020-12-22","purchased_purges":0,"victory":false,"max_hp_per_floor":[66,66,66,66,66,66,66,66,66,66,66,66,66,66,66,66,66],"card_choices":[{"not_picked":["Expertise","Reflex"],"picked":"Backflip","floor":1},{"not_picked":["Bane","Concentrate"],"picked":"Prepared","floor":2},{"not_picked":["Heel Hook","Flying Knee"],"picked":"Flechettes","floor":4},{"not_picked":["Well Laid Plans+1","Tactician"],"picked":"Blade Dance","floor":6},{"not_picked":["Reflex","Underhanded Strike"],"picked":"Dagger Spray","floor":7},{"not_picked":["Venomology","Bane"],"picked":"Riddle With Holes","floor":11},{"not_picked":["Bane","Backflip","Quick Slash"],"picked":"SKIP","floor":13}],"player_experience":648664,"relics_obtained":[{"floor":6,"key":"Frozen Egg 2"},{"floor":9,"key":"Eternal Feather"},{"floor":11,"key":"Odd Mushroom"},{"floor":13,"key":"Gremlin Horn"}],"event_choices":[{"damage_healed":0,"gold_gain":0,"player_choice":"Forge","damage_taken":0,"max_hp_gain":0,"max_hp_loss":0,"event_name":"Accursed Blacksmith","floor":3,"gold_loss":0,"cards_upgraded":["Backflip"]},{"damage_healed":0,"gold_gain":0,"player_choice":"Grow","damage_taken":0,"max_hp_gain":0,"max_hp_loss":0,"event_name":"Living Wall","floor":10,"gold_loss":0,"cards_upgraded":["Blade Dance"]},{"damage_healed":0,"gold_gain":0,"player_choice":"Fought Mushrooms","damage_taken":0,"max_hp_gain":0,"max_hp_loss":0,"event_name":"Mushrooms","floor":11,"gold_loss":0},{"damage_healed":0,"gold_gain":0,"player_choice":"Left Gold","damage_taken":0,"max_hp_gain":0,"max_hp_loss":0,"event_name":"World of Goop","floor":14,"gold_loss":62}],"is_beta":false,"boss_relics":[],"items_purged_floors":[],"is_endless":false,"potions_floor_spawned":[4,6],"killed_by":"The Guardian","ascension_level":15}}