{"host":"i2dzm7mf0pic4rds","time":1610228591,"event":{"mods":["BaseMod","Minty Spire (QoL Compilation)","Permanent Neow","Quick Restart","StSLib"],"gold_per_floor":[110,120,120,26,301,301,123,123,123,141,141,155,103,116,116,217,217,230,205,205,124,124,124,139,154,154,154,154,9,25,59,59,59,59],"floor_reached":33,"playtime":1678,"items_purged":["Regret"],"score":305,"play_id":"4239ed87-6065-46a9-87fe-7f8d35e37795","local_time":"20210109224311","daily_mods":["Heirloom"],"is_ascension_mode":false,"campfire_choices":[{"data":"Catalyst","floor":6,"key":"SMITH"},{"data":"Footwork","floor":8,"key":"SMITH"},{"data":"Blur","floor":11,"key":"SMITH"},{"data":"Poisoned Stab","floor":15,"key":"SMITH"},{"data":"Tools of the Trade","floor":23,"key":"SMITH"},{"data":"Blur","floor":27,"key":"SMITH"},{"data":"Deadly Poison","floor":32,"key":"SMITH"}],"circlet_count":0,"master_deck":["Strike_G","Strike_G","Strike_G","Strike_G","Strike_G","Defend_G","Defend_G","Defend_G","Defend_G","Defend_G","Survivor","Neutralize","Dash","Acrobatics","Catalyst+1","Poisoned Stab+1","Footwork+1","Blur+1","Blur+1","Backflip","Deadly Poison+1","Tools of the Trade+1","Blur","Well Laid Plans","Bouncing Flask","Catalyst+1","Bouncing Flask+1","Crippling Poison"],"relics":["Ring of the Snake","Bird Faced Urn","Matryoshka","White Beast Statue","Meat on the Bone","Sozu","Nilry\u0027s Codex","Bronze Scales","Nunchaku","DollysMirror","Boot"],"acts_visited":["Exordium","TheCity"],"potions_floor_usage":[31,33],"damage_taken":[{"damage":0,"enemies":"Small Slimes","floor":1,"turns":4},{"damage":0,"enemies":"Jaw Worm","floor":2,"turns":4},{"damage":0,"enemies":"Cultist","floor":10,"turns":5},{"damage":13,"enemies":"Gremlin Gang","floor":12,"turns":9},{"damage":0,"enemies":"Red Slaver","floor":14,"turns":5},{"damage":0,"enemies":"The Guardian","floor":16,"turns":9},{"damage":5,"enemies":"Shell Parasite","floor":18,"turns":6},{"damage":1,"enemies":"2 Thieves","floor":19,"turns":5},{"damage":1,"enemies":"Sentry and Sphere","floor":24,"turns":11},{"damage":15,"enemies":"Centurion and Healer","floor":25,"turns":8},{"damage":5,"enemies":"Shelled Parasite and Fungi","floor":30,"turns":3},{"damage":10,"enemies":"Gremlin Leader","floor":31,"turns":6},{"damage":27,"enemies":"Collector","floor":33,"turns":5}],"seed_played":"-8470747887012514223","potions_obtained":[{"floor":10,"key":"Swift Potion"},{"floor":12,"key":"FearPotion"},{"floor":14,"key":"AttackPotion"},{"floor":16,"key":"CultistPotion"}],"is_trial":true,"path_per_floor":["M","M","?","$","?","R","$","R","T","M","R","M","$","M","R","B",null,"M","M","?","$","?","R","M","M","T","R","?","$","M","E","R","B"],"character_chosen":"THE_SILENT","items_purchased":["Catalyst","Poisoned Stab","Footwork","Blur","Deadly Poison","Well Laid Plans","DollysMirror"],"campfire_rested":0,"item_purchase_floors":[4,4,7,7,13,21,29],"current_hp_per_floor":[70,70,67,67,67,67,67,67,67,69,69,58,58,60,60,62,70,67,68,52,52,52,52,57,50,50,50,37,37,48,44,44,25,25],"gold":59,"neow_bonus":"","is_daily":false,"chose_seed":false,"campfire_upgraded":7,"win_rate":0.0,"timestamp":1610228591,"path_taken":["M","M","?","$","?","R","$","R","T","?","R","?","?","M","R","BOSS","M","M","?","$","?","R","M","M","T","R","?","$","M","E","R","BOSS"],"items_purchased_type":["Card","Card","Card","Card","Card","Card","Relic"],"build_version":"2020-12-22","purchased_purges":1,"victory":false,"max_hp_per_floor":[70,70,70,70,70,70,70,70,70,70,70,70,70,70,70,70,70,70,70,70,70,70,70,70,70,70,70,75,75,75,75,75,75,75],"card_choices":[{"not_picked":["Bane","Underhanded Strike"],"picked":"Dash","floor":1},{"not_picked":["Prepared","Endless Agony"],"picked":"Acrobatics","floor":2},{"not_picked":["Dagger Spray","Heel Hook"],"picked":"Blur","floor":10},{"not_picked":["Dagger Throw","Eviscerate"],"picked":"Backflip","floor":12},{"not_picked":["Underhanded Strike","Outmaneuver","Blade Dance"],"picked":"SKIP","floor":14},{"not_picked":["After Image","Night Terror"],"picked":"Tools of the Trade","floor":16},{"not_picked":["Sucker Punch","Slice"],"picked":"Blur","floor":18},{"not_picked":["Acrobatics","Backflip","Venomology"],"picked":"SKIP","floor":19},{"not_picked":["Poisoned Stab","Dagger Throw+1"],"picked":"Bouncing Flask","floor":24},{"not_picked":["Prepared","Quick Slash","Endless Agony"],"picked":"SKIP","floor":25},{"not_picked":["Outmaneuver+1","Backflip"],"picked":"Bouncing Flask+1","floor":30},{"not_picked":["Caltrops","Underhanded Strike"],"picked":"Crippling Poison","floor":31}],"player_experience":138087,"relics_obtained":[{"floor":9,"key":"White Beast Statue"},{"floor":9,"key":"Meat on the Bone"},{"floor":20,"key":"Nilry\u0027s Codex"},{"floor":26,"key":"Bronze Scales"},{"floor":26,"key":"Nunchaku"},{"floor":31,"key":"Boot"}],"event_choices":[{"damage_healed":0,"gold_gain":0,"player_choice":"Success","damage_taken":3,"relics_obtained":["Matryoshka"],"max_hp_gain":0,"max_hp_loss":0,"event_name":"Scrap Ooze","floor":3,"gold_loss":0},{"damage_healed":0,"gold_gain":275,"player_choice":"Desecrate","damage_taken":0,"max_hp_gain":0,"max_hp_loss":0,"event_name":"Golden Shrine","floor":5,"gold_loss":0,"cards_obtained":["Regret"]},{"damage_healed":0,"gold_gain":0,"player_choice":"Obtained Book","damage_taken":16,"max_hp_gain":0,"max_hp_loss":0,"event_name":"Cursed Tome","floor":20,"gold_loss":0},{"damage_healed":0,"gold_gain":0,"player_choice":"Ignored","damage_taken":0,"max_hp_gain":0,"max_hp_loss":0,"event_name":"Vampires","floor":22,"gold_loss":0},{"damage_healed":0,"gold_gain":0,"player_choice":"Shed Blood","damage_taken":18,"max_hp_gain":5,"max_hp_loss":0,"event_name":"Forgotten Altar","floor":28,"gold_loss":0}],"is_beta":false,"boss_relics":[{"not_picked":["HoveringKite","WristBlade"],"picked":"Sozu"}],"items_purged_floors":[7],"is_endless":false,"potions_floor_spawned":[10,12,14,16,18,19,24,25,30,31],"killed_by":"Collector","ascension_level":0}}