{"host":"konjmgczbcns2r3g","time":1610223843,"event":{"mods":["AchievementEnabler","BaseMod","Colored Powertips","Hermit","Infinite Spire","Koishi","Marisa????????","Minty Spire (QoL Compilation)","Replay The Spire","StSLib","The Cursed","The Necromancer","The Servant 0.9.4"],"gold_per_floor":[112,112,124,6,22,49,49,83,134,152,165,135,154,11,11,111,111,130,148,108,119,33,67,67,67,67,67,98,127,143,143],"floor_reached":30,"playtime":2177,"items_purged":[],"score":280,"play_id":"963ed55c-1631-4d44-b310-173b6346416b","local_time":"20210109152403","is_ascension_mode":false,"campfire_choices":[{"floor":7.0,"key":"REST"},{"floor":25,"key":"REST"},{"floor":27,"key":"REST"}],"circlet_count":0,"master_deck":["Strike_S","Strike_S","Strike_S","Strike_S","Defend_S","Defend_S","Defend_S","Defend_S","KidneyShot","Exchange","Starlight","Moonlight","Embodiment","Embodiment","Rewind","SilverBlades+1","MoonPhase","GearUp","Potential","Replace","Potential","Dilation","ReturningBlade","InstantArmor","Defy","Rewind+1","Bandage Up","Bandage Up","ShatteredReality","Embodiment","Desolation+1","Reset"],"relics":["Uniform","Replay:WaspNest","Potion Belt","Replay:Baseball","Blue Doll","Black Star","Vajra","Pocketwatch","Replay:Bottled Flurry","Ancient Tea Set","Replay:Bandana"],"acts_visited":["Exordium","TheCity"],"potions_floor_usage":[23,28,30],"damage_taken":[{"damage":0.0,"enemies":"Small Slimes","floor":1.0,"turns":3.0},{"damage":0.0,"enemies":"Cultist","floor":3.0,"turns":3.0},{"damage":13.0,"enemies":"Jaw Worm","floor":5.0,"turns":4.0},{"damage":40.0,"enemies":"Gremlin Nob","floor":6.0,"turns":6.0},{"damage":9.0,"enemies":"Lagavulin","floor":8.0,"turns":7.0},{"damage":11.0,"enemies":"Red Slaver","floor":10.0,"turns":3.0},{"damage":6.0,"enemies":"Blue Slaver","floor":11.0,"turns":5.0},{"damage":0.0,"enemies":"Looter","floor":12.0,"turns":4.0},{"damage":8.0,"enemies":"3 Louse","floor":13.0,"turns":4.0},{"damage":16.0,"enemies":"Slime Boss","floor":16.0,"turns":12.0},{"damage":5.0,"enemies":"3 Byrds","floor":18.0,"turns":3.0},{"damage":4.0,"enemies":"Chosen","floor":19.0,"turns":5.0},{"damage":0.0,"enemies":"Centurion and Healer","floor":21.0,"turns":7.0},{"damage":34,"enemies":"Nightmare","floor":23,"turns":7},{"damage":26,"enemies":"Replay:Snechameleon","floor":28,"turns":7},{"damage":32,"enemies":"Snecko","floor":29,"turns":7},{"damage":28,"enemies":"Shelled Parasite and Fungi","floor":30,"turns":3}],"seed_played":"-6286329366796360810","potions_obtained":[{"floor":6.0,"key":"Energy Potion"},{"floor":8.0,"key":"Dexterity Potion"},{"floor":13.0,"key":"Languid Potion"},{"floor":20.0,"key":"Adrenaline Potion"},{"floor":20.0,"key":"infinitespire:BlackPotion"},{"floor":20.0,"key":"CultistPotion"},{"floor":23,"key":"PowerPotion"},{"floor":29,"key":"Adrenaline Potion"}],"is_trial":false,"path_per_floor":["M","?","M","$","M","E","R","E","T","M","M","M","M","$","R","B",null,"M","M","?","M","$","NM","?","R","T","R","E","M","M"],"character_chosen":"THE_SERVANT","items_purchased":["Embodiment","Blue Doll","Rewind+1","Bandage Up"],"campfire_rested":3,"item_purchase_floors":[4,14,22,22],"current_hp_per_floor":[71,71,71,71,58,18,39,30,30,19,13,13,5,5,26,10,71,66,62,62,62,62,36,36,57,57,71,49,21,0,0],"gold":143,"neow_bonus":"TEN_PERCENT_HP_BONUS","is_daily":false,"chose_seed":false,"campfire_upgraded":0,"win_rate":0.0,"timestamp":1610223843,"path_taken":["M","?","M","?","M","E","R","E","T","M","M","M","M","$","R","BOSS","M","M","?","?","?","NM","?","R","T","R","E","M","?"],"items_purchased_type":["Card","Relic","Card","Card"],"build_version":"2020-12-22","purchased_purges":0,"victory":false,"max_hp_per_floor":[71,71,71,71,71,71,71,71,71,71,71,71,71,71,71,71,71,71,71,71,71,71,71,71,71,71,71,71,71,71,71],"card_choices":[{"not_picked":["Replace","DoubleEdge"],"picked":"Starlight","floor":1.0},{"not_picked":["FanOfKnives","Replace"],"picked":"Moonlight","floor":3.0},{"not_picked":["DualDimension","Spin"],"picked":"Rewind","floor":5.0},{"not_picked":["Dilation","Ricochet"],"picked":"SilverBlades","floor":6.0},{"not_picked":["BottledTime","Rearm"],"picked":"MoonPhase","floor":8.0},{"not_picked":["ReturningBlade","Moondial"],"picked":"GearUp","floor":10.0},{"not_picked":["Manipulate","BottledTime"],"picked":"Potential","floor":11.0},{"not_picked":["Ricochet","ShiftingGears"],"picked":"Replace","floor":12.0},{"not_picked":["Moondial","Collapse"],"picked":"Potential","floor":13.0},{"not_picked":["Embodiment","Deny"],"picked":"Dilation","floor":16.0},{"not_picked":["Ricochet","Replace"],"picked":"ReturningBlade","floor":18.0},{"not_picked":["FastForward","Sabotage"],"picked":"InstantArmor","floor":19.0},{"not_picked":["ShiftingGears","SurpressingFire"],"picked":"Defy","floor":21},{"not_picked":["FanOfKnives","BestPractice"],"picked":"ShatteredReality","floor":23},{"not_picked":["Comet","Read"],"picked":"Desolation+1","floor":28},{"not_picked":["Ricochet","Potential"],"picked":"Reset","floor":29}],"player_experience":294483,"relics_obtained":[{"floor":6.0,"key":"Replay:WaspNest"},{"floor":8.0,"key":"Potion Belt"},{"floor":9.0,"key":"Replay:Baseball"},{"floor":23,"key":"Vajra"},{"floor":23,"key":"Pocketwatch"},{"floor":26,"key":"Replay:Bottled Flurry"},{"floor":28,"key":"Ancient Tea Set"},{"floor":28,"key":"Replay:Bandana"}],"event_choices":[{"damage_healed":0.0,"max_hp_gain":0.0,"max_hp_loss":0.0,"gold_gain":0.0,"event_name":"Purifier","player_choice":"Ignored","floor":2.0,"gold_loss":0.0,"damage_taken":0.0},{"damage_healed":0.0,"max_hp_gain":0.0,"max_hp_loss":0.0,"gold_gain":0.0,"event_name":"The Woman in Blue","player_choice":"Bought 3 Potions","floor":20.0,"gold_loss":0.0,"damage_taken":0.0},{"damage_healed":0,"gold_gain":0,"player_choice":"Copied","damage_taken":0,"max_hp_gain":0,"max_hp_loss":0,"event_name":"Duplicator","floor":24,"gold_loss":0,"cards_obtained":["Embodiment"]}],"is_beta":false,"boss_relics":[{"not_picked":["Runic Dome","Tiny House"],"picked":"Black Star"}],"items_purged_floors":[],"is_endless":true,"potions_floor_spawned":[6,8,13,23,29],"killed_by":"Shelled Parasite and Fungi","ascension_level":0}}