{"host":"b995t17pt6d05w8c","time":1610217455,"event":{"mods":["AchievementEnabler","BaseMod","Colored Map","Minty Spire (QoL Compilation)","SuperFastMode"],"gold_per_floor":[112,187,262,274,284,284,314,314,366,397,411,423,273,285,285,388,388,404,421,321,334,353,353,110,130,154,182,182,200,233,250,250,346,346,358,358,378,395,167,167,184,213,213,233,251,251,251,251,251,251],"floor_reached":51,"playtime":1470,"items_purged":["Strike_R","Strike_R","Strike_R"],"score":1337,"play_id":"2562fadd-8f44-4648-bd82-528daa65f44b","local_time":"20210110033735","is_ascension_mode":true,"campfire_choices":[{"data":"Immolate","floor":6.0,"key":"SMITH"},{"data":"Seeing Red","floor":8.0,"key":"SMITH"},{"data":"Evolve","floor":15.0,"key":"SMITH"},{"data":"Impervious","floor":23.0,"key":"SMITH"},{"data":"Shrug It Off","floor":28.0,"key":"SMITH"},{"data":"Bash","floor":32.0,"key":"SMITH"},{"data":"Defend_R","floor":40.0,"key":"SMITH"},{"data":"Defend_R","floor":49,"key":"SMITH"}],"circlet_count":0,"master_deck":["AscendersBane","Defend_R","Defend_R","Defend_R+1","Bash+1","Immolate+1","Burning Pact","Seeing Red+1","Barricade","Dark Embrace","Shrug It Off+1","Evolve+1","Impervious+1","Body Slam","Entrench","Flame Barrier+1","Corruption","Second Wind+1","Flame Barrier+1","Power Through+1"],"relics":["Burning Blood","Bag of Marbles","Lantern","Ornamental Fan","Snecko Eye","Bottled Tornado","Happy Flower","Self Forming Clay","Toxic Egg 2","Cursed Key","Toy Ornithopter"],"acts_visited":["Exordium","TheCity","TheBeyond"],"potions_floor_usage":[50,50,50,50,50],"damage_taken":[{"damage":2.0,"enemies":"Jaw Worm","floor":1.0,"turns":3.0},{"damage":1.0,"enemies":"Cultist","floor":4.0,"turns":3.0},{"damage":0.0,"enemies":"2 Louse","floor":5.0,"turns":1.0},{"damage":15.0,"enemies":"3 Sentries","floor":7.0,"turns":3.0},{"damage":23.0,"enemies":"Gremlin Nob","floor":10.0,"turns":4.0},{"damage":10.0,"enemies":"Lots of Slimes","floor":11.0,"turns":2.0},{"damage":8.0,"enemies":"Large Slime","floor":12.0,"turns":3.0},{"damage":0.0,"enemies":"3 Louse","floor":14.0,"turns":1.0},{"damage":38.0,"enemies":"Slime Boss","floor":16.0,"turns":7.0},{"damage":10.0,"enemies":"3 Byrds","floor":18.0,"turns":4.0},{"damage":8.0,"enemies":"Shell Parasite","floor":19.0,"turns":6.0},{"damage":16.0,"enemies":"Shelled Parasite and Fungi","floor":21.0,"turns":6.0},{"damage":9.0,"enemies":"3 Cultists","floor":22.0,"turns":3.0},{"damage":10.0,"enemies":"Snecko","floor":25.0,"turns":6.0},{"damage":0.0,"enemies":"Slavers","floor":27.0,"turns":3.0},{"damage":0.0,"enemies":"Cultist and Chosen","floor":29.0,"turns":7.0},{"damage":0.0,"enemies":"Book of Stabbing","floor":30.0,"turns":4.0},{"damage":0.0,"enemies":"Sentry and Sphere","floor":31.0,"turns":3.0},{"damage":0.0,"enemies":"Collector","floor":33.0,"turns":8.0},{"damage":0.0,"enemies":"Orb Walker","floor":35.0,"turns":2.0},{"damage":0.0,"enemies":"3 Shapes","floor":37.0,"turns":2.0},{"damage":6.0,"enemies":"Writhing Mass","floor":38.0,"turns":5.0},{"damage":12.0,"enemies":"Jaw Worm Horde","floor":41.0,"turns":3.0},{"damage":8.0,"enemies":"Reptomancer","floor":42.0,"turns":3.0},{"damage":0,"enemies":"3 Darklings","floor":44,"turns":4},{"damage":0,"enemies":"4 Shapes","floor":45,"turns":5},{"damage":0,"enemies":"Awakened One","floor":50,"turns":7}],"seed_played":"-6564255243815938878","potions_obtained":[{"floor":1.0,"key":"Energy Potion"},{"floor":5.0,"key":"DuplicationPotion"},{"floor":7.0,"key":"BlessingOfTheForge"},{"floor":12.0,"key":"FearPotion"},{"floor":16.0,"key":"SpeedPotion"},{"floor":19.0,"key":"BloodPotion"},{"floor":21.0,"key":"DistilledChaos"},{"floor":25.0,"key":"Block Potion"},{"floor":29.0,"key":"Dexterity Potion"},{"floor":37.0,"key":"Explosive Potion"},{"floor":38.0,"key":"SmokeBomb"}],"is_trial":false,"path_per_floor":["M","?","?","M","M","R","E","R","T","E","M","M","$","M","R","B",null,"M","M","$","M","M","R","$","M","T","E","R","M","E","M","R","B",null,"M","?","M","M","$","R","M","E","T","M","M","?","?","?","R","B",null],"character_chosen":"IRONCLAD","items_purchased":["Evolve","Bottled Tornado","EntropicBrew"],"campfire_rested":0,"item_purchase_floors":[13,24,39],"current_hp_per_floor":[76,65,57,62,68,68,59,59,59,42,38,36,36,42,42,10,63,59,57,57,63,60,60,60,56,56,62,62,68,74,80,80,80,80,80,80,80,80,80,80,74,72,72,78,80,80,80,80,80,80],"gold":251,"neow_bonus":"TRANSFORM_CARD","is_daily":false,"chose_seed":false,"campfire_upgraded":8,"win_rate":0.0,"timestamp":1610217455,"path_taken":["M","?","?","M","M","R","E","R","T","E","M","M","$","M","R","BOSS","M","M","$","?","M","R","$","?","T","E","R","M","E","M","R","BOSS","M","?","M","M","$","R","M","E","T","?","M","?","?","?","R","BOSS"],"items_purchased_type":["Card","Relic","Potion"],"build_version":"2020-12-22","purchased_purges":3,"victory":true,"max_hp_per_floor":[80,80,80,80,80,80,80,80,80,80,80,80,80,80,80,80,80,80,80,80,80,80,80,80,80,80,80,80,80,80,80,80,80,80,80,80,80,80,80,80,80,80,80,80,80,80,80,80,80,80],"card_choices":[{"not_picked":["Carnage","Clash","Headbutt"],"picked":"SKIP","floor":1.0},{"not_picked":["Sever Soul","Twin Strike"],"picked":"Burning Pact","floor":4.0},{"not_picked":["Ghostly Armor","Cleave"],"picked":"Seeing Red","floor":5.0},{"not_picked":["Cleave","Anger"],"picked":"Barricade","floor":7.0},{"not_picked":["Thunderclap","Barricade","Headbutt"],"picked":"SKIP","floor":10.0},{"not_picked":["Heavy Blade","Havoc"],"picked":"Dark Embrace","floor":11.0},{"not_picked":["Wild Strike","Thunderclap"],"picked":"Shrug It Off","floor":12.0},{"not_picked":["Flex","Sword Boomerang","Clash"],"picked":"SKIP","floor":14.0},{"not_picked":["Fiend Fire","Juggernaut"],"picked":"Impervious","floor":16.0},{"not_picked":["Shrug It Off","Ghostly Armor"],"picked":"Body Slam","floor":18.0},{"not_picked":["Warcry","Thunderclap","Combust"],"picked":"SKIP","floor":19.0},{"not_picked":["Infernal Blade","Bloodletting","Thunderclap+1"],"picked":"SKIP","floor":21.0},{"not_picked":["Anger+1","Pummel","Burning Pact"],"picked":"SKIP","floor":22.0},{"not_picked":["Anger+1","Pummel","Burning Pact"],"picked":"SKIP","floor":22.0},{"not_picked":["Shrug It Off","Clothesline+1"],"picked":"Entrench","floor":25.0},{"not_picked":["Perfected Strike","Reckless Charge","Havoc"],"picked":"SKIP","floor":27.0},{"not_picked":["Perfected Strike","Reckless Charge","Havoc"],"picked":"SKIP","floor":27.0},{"not_picked":["Flex","Headbutt+1"],"picked":"Flame Barrier+1","floor":29.0},{"not_picked":["Double Tap+1","Warcry+1","Thunderclap+1"],"picked":"SKIP","floor":30.0},{"not_picked":["Ghostly Armor+1","Clothesline","Wild Strike+1"],"picked":"SKIP","floor":31.0},{"not_picked":["Immolate","Feed"],"picked":"Corruption","floor":33.0},{"not_picked":["Seeing Red+1","Evolve+1","Disarm+1"],"picked":"SKIP","floor":35.0},{"not_picked":["Armaments+1","Blood for Blood","Cleave+1"],"picked":"SKIP","floor":37.0},{"not_picked":["Warcry+1","Iron Wave+1"],"picked":"Second Wind+1","floor":38.0},{"not_picked":["Twin Strike+1","Iron Wave+1","Perfected Strike+1"],"picked":"SKIP","floor":41.0},{"not_picked":["Clothesline","Warcry+1"],"picked":"Flame Barrier+1","floor":42.0},{"not_picked":["True Grit+1","Shrug It Off+1"],"picked":"Power Through+1","floor":44},{"not_picked":["Heavy Blade+1","Blood for Blood+1","Thunderclap+1"],"picked":"SKIP","floor":45}],"player_experience":78938,"relics_obtained":[{"floor":7.0,"key":"Bag of Marbles"},{"floor":9.0,"key":"Lantern"},{"floor":10.0,"key":"Ornamental Fan"},{"floor":26.0,"key":"Happy Flower"},{"floor":27.0,"key":"Self Forming Clay"},{"floor":30.0,"key":"Toxic Egg 2"},{"floor":42.0,"key":"Toy Ornithopter"}],"event_choices":[{"damage_healed":0.0,"max_hp_gain":0.0,"max_hp_loss":0.0,"gold_gain":75.0,"event_name":"World of Goop","player_choice":"Gather Gold","floor":2.0,"gold_loss":0.0,"damage_taken":11.0},{"damage_healed":0.0,"max_hp_gain":0.0,"max_hp_loss":0.0,"gold_gain":75.0,"event_name":"FaceTrader","player_choice":"Touch","floor":3.0,"gold_loss":0.0,"damage_taken":8.0},{"cards_removed":["Strike_R"],"damage_healed":0.0,"max_hp_gain":0.0,"max_hp_loss":0.0,"gold_gain":0.0,"event_name":"Bonfire Elementals","player_choice":"Offered Basic","floor":36.0,"gold_loss":0.0,"damage_taken":0.0},{"cards_removed":["Defend_R"],"damage_healed":0,"gold_gain":0,"player_choice":"Removed Skill","damage_taken":0,"max_hp_gain":0,"max_hp_loss":0,"event_name":"Falling","floor":46,"gold_loss":0},{"damage_healed":0,"gold_gain":0,"player_choice":"Ignored","damage_taken":0,"max_hp_gain":0,"max_hp_loss":0,"event_name":"Tomb of Lord Red Mask","floor":47,"gold_loss":0},{"damage_healed":0,"gold_gain":0,"player_choice":"Full Heal","damage_taken":0,"max_hp_gain":0,"max_hp_loss":0,"event_name":"Wheel of Change","floor":48,"gold_loss":0}],"is_beta":false,"boss_relics":[{"not_picked":["Sozu","Velvet Choker"],"picked":"Snecko Eye"},{"not_picked":["Tiny House","Empty Cage"],"picked":"Cursed Key"}],"items_purged_floors":[13,20,39],"is_endless":false,"potions_floor_spawned":[1,5,7,12,16,19,21,22,25,29,37,38,41],"ascension_level":10}}