{"host":"dn6kke80v5f7isus","time":1610229753,"event":{"mods":["AchievementEnabler","Act Like it!","BaseMod","Colored Powertips","Custom Start","Defuse TimeMaze Blight","Downfall","Duelist Mod","Gremlin Skip","Highlight Path","Hubris","Infinite Spire","Minty Spire (QoL Compilation)","Rare Cards Sparkle","Replay The Spire","StSLib","Uncapped"],"gold_per_floor":[140,185,196,196,47,47,77,95,169,200,200,231,243,269,269,369,369,369,369],"floor_reached":18,"playtime":936,"items_purged":[],"score":375,"play_id":"943f3967-1597-4e8c-8342-37f6aec087cd","local_time":"20210109170233","is_ascension_mode":true,"campfire_choices":[{"data":"theDuelist:DarkBlade","floor":6,"key":"SMITH"},{"data":"theDuelist:OjamaCountry","floor":11,"key":"SMITH"},{"data":"theDuelist:OjamaTrio","floor":15,"key":"SMITH"}],"circlet_count":0,"master_deck":["theDuelist:OjamaBlack","theDuelist:OjamaCountry+1","theDuelist:OjamaGreen","theDuelist:OjamaTrio","theDuelist:OjamaYellow","theDuelist:Ojamuscle","theDuelist:DarkBlade+1","theDuelist:MindAir","theDuelist:HappyLover","theDuelist:OjamaTrio+1","theDuelist:HappyLover","theDuelist:Pumpking","theDuelist:OjamaTrio","theDuelist:IrisEarthMother"],"relics":["theDuelist:MillenniumPuzzle","theDuelist:CardPoolRelic","theDuelist:CardPoolBasicRelic","theDuelist:BoosterPackPoolRelic","theDuelist:CardPoolAddRelic","theDuelist:CardPoolMinusRelic","theDuelist:CardPoolSaveRelic","theDuelist:CardPoolOptionsRelic","NeowsBlessing","Counterbalance","hubris:CuriousFeather","Pocketwatch","Frozen Eye","Garlic","Mirror","Self Forming Clay","TungstenRod","Odd Mushroom","Replay:Grab Bag","Busted Crown","Coffee Dripper","Replay:Drink Me"],"acts_visited":["Exordium","TheCity"],"potions_floor_usage":[10,14,16],"damage_taken":[{"damage":0,"enemies":"Jaw Worm","floor":1,"turns":1},{"damage":0,"enemies":"Jaw Worm","floor":2,"turns":1},{"damage":0,"enemies":"Cultist","floor":3,"turns":1},{"damage":20,"enemies":"3 Sentries","floor":7,"turns":3},{"damage":2,"enemies":"Small Slimes","floor":8,"turns":1},{"damage":4,"enemies":"Gremlin Nob","floor":10,"turns":4},{"damage":0,"enemies":"Lagavulin","floor":12,"turns":2},{"damage":0,"enemies":"Red Slaver","floor":13,"turns":3},{"damage":0,"enemies":"The Mushroom Lair","floor":14,"turns":2},{"damage":4,"enemies":"Fading Forest","floor":16,"turns":11},{"damage":0,"enemies":"2 Thieves","floor":18,"turns":1}],"seed_played":"4749575623962949755","potions_obtained":[{"floor":3,"key":"theDuelist:GiftPotion"},{"floor":10,"key":"GhostInAJar"},{"floor":12,"key":"Explosive Potion"},{"floor":13,"key":"GamblersBrew"}],"is_trial":false,"path_per_floor":["M","?","M","?","$","R","E","M","T","E","R","E","M","?","R","B",null,"M"],"character_chosen":"THE_DUELIST","items_purchased":["Frozen Eye"],"campfire_rested":0,"item_purchase_floors":[5],"current_hp_per_floor":[72,72,72,72,72,72,52,50,50,57,57,57,57,57,57,71,60,60,60],"gold":369,"neow_bonus":"THREE_ENEMY_KILL","is_daily":false,"chose_seed":false,"campfire_upgraded":3,"win_rate":0.0,"timestamp":1610229753,"path_taken":["M","?","?","?","$","R","E","M","T","E","R","E","?","?","R","BOSS","M"],"items_purchased_type":["Relic"],"build_version":"2020-12-22","purchased_purges":0,"victory":false,"max_hp_per_floor":[80,80,80,80,80,80,80,80,80,80,80,80,80,80,80,80,60,60,60],"card_choices":[{"not_picked":["theDuelist:RainbowNeos","theDuelist:DarkMagician","theDuelist:DarkMagicianGirl","theDuelist:OjamaKnight","theDuelist:FiendMegacyber"],"picked":"SKIP","floor":1},{"not_picked":["theDuelist:RainbowFlower","theDuelist:RainbowDragon","theDuelist:SpiralSpearStrike","theDuelist:DarkTinker"],"picked":"theDuelist:DarkBlade","floor":2},{"not_picked":["theDuelist:WhiteHowling","theDuelist:RainbowRuins","theDuelist:StatueAnguishPattern"],"picked":"theDuelist:MindAir","floor":3},{"not_picked":["theDuelist:GiantOrc","theDuelist:OnslaughtFireKings","theDuelist:DarkMagician","theDuelist:Eva"],"picked":"theDuelist:OjamaTrio","floor":7},{"not_picked":["theDuelist:RainbowFlower","theDuelist:RainbowNeos","theDuelist:DunamesDarkWitch","theDuelist:RainbowDragon"],"picked":"theDuelist:HappyLover","floor":8},{"not_picked":["theDuelist:FiendMegacyber","theDuelist:OjamaKnight","theDuelist:OjamaCountry","theDuelist:MysticalElf"],"picked":"theDuelist:Pumpking","floor":10},{"not_picked":["theDuelist:BattleOx","theDuelist:BlackPendant","theDuelist:GilfordLegend","theDuelist:PotDichotomy","theDuelist:PreventRat"],"picked":"SKIP","floor":12},{"not_picked":["theDuelist:DestroyerGolem","theDuelist:EarthEffigy","theDuelist:CastleDarkIllusions","theDuelist:HammerShot","theDuelist:Mausoleum"],"picked":"SKIP","floor":13},{"not_picked":["theDuelist:SpiralSpearStrike","theDuelist:RainbowRuins","theDuelist:Yami","theDuelist:Ojamatch"],"picked":"theDuelist:OjamaTrio","floor":14},{"not_picked":["theDuelist:RainbowFlower","theDuelist:RainbowNeos","theDuelist:DunamesDarkWitch","theDuelist:KamionTimelord"],"picked":"theDuelist:IrisEarthMother","floor":16}],"player_experience":573993,"relics_obtained":[{"floor":2,"key":"Counterbalance"},{"floor":2,"key":"hubris:CuriousFeather"},{"floor":2,"key":"Pocketwatch"},{"floor":7,"key":"Garlic"},{"floor":9,"key":"Mirror"},{"floor":10,"key":"Self Forming Clay"},{"floor":12,"key":"TungstenRod"},{"floor":14,"key":"Odd Mushroom"}],"event_choices":[{"damage_healed":0,"gold_gain":0,"player_choice":"Fight","duelist":true,"damage_taken":0,"max_hp_gain":0,"max_hp_loss":0,"event_name":"Battle City","floor":2,"gold_loss":0},{"damage_healed":0,"gold_gain":0,"cards_transformed":["theDuelist:OjamaGreen"],"player_choice":"Transformed","damage_taken":0,"max_hp_gain":0,"max_hp_loss":0,"event_name":"Transmorgrifier","floor":4,"gold_loss":0,"cards_obtained":["theDuelist:HappyLover"]},{"damage_healed":0,"gold_gain":0,"player_choice":"Fought Mushrooms","damage_taken":0,"max_hp_gain":0,"max_hp_loss":0,"event_name":"Mushrooms","floor":14,"gold_loss":0}],"is_beta":false,"boss_relics":[{"not_picked":["Snecko Scales","hubris:TerracottaHorce"],"picked":"Replay:Grab Bag"},{"not_picked":["theDuelist:ElectricKey","Painkiller Herb"],"picked":"Busted Crown"},{"not_picked":["ChewingGum","Abe\u0027s Treasure"],"picked":"Coffee Dripper"},{"not_picked":["Ring of Chaos","Calling Bell"],"picked":"Replay:Drink Me"}],"items_purged_floors":[],"is_endless":false,"potions_floor_spawned":[3,10,12,13],"killed_by":"2 Thieves","ascension_level":7}}