{"host":"rolltorest","time":1610184596,"event":{"mods":["BaseMod","Minty Spire (QoL Compilation)","Relic Stats","Robot Space Explorer","Slay the Relics Exporter","StSLib"],"gold_per_floor":[113,130,130,130,205,238,238,238,238,238,263,279,319,399,399,399,399],"floor_reached":16,"playtime":391,"items_purged":[],"score":253,"play_id":"a522eb78-e1b9-4192-951a-c4b3f5b4486e","local_time":"20210109012956","is_ascension_mode":true,"campfire_choices":[{"data":"RobotSpaceExplorer:LaserBurst","floor":7,"key":"SMITH"},{"floor":10,"key":"REST"},{"data":"RobotSpaceExplorer:FreezingShield","floor":15,"key":"SMITH"}],"circlet_count":0,"master_deck":["AscendersBane","RobotSpaceExplorer:Strike","RobotSpaceExplorer:Strike","RobotSpaceExplorer:Strike","RobotSpaceExplorer:Defend","RobotSpaceExplorer:Defend","RobotSpaceExplorer:Defend","RobotSpaceExplorer:Defend","RobotSpaceExplorer:Scan","RobotSpaceExplorer:MiniLasers","RobotSpaceExplorer:LaserBurst+1","RobotSpaceExplorer:ChargingLaser","RobotSpaceExplorer:ShovelStrike","RobotSpaceExplorer:FreezingShield+1"],"relics":["RobotSpaceExplorer:RoboCore","NeowsBlessing","The Courier","MealTicket","Golden Idol","Kunai","Regal Pillow","Turnip"],"acts_visited":["Exordium"],"potions_floor_usage":[13,13,13,14],"damage_taken":[{"damage":0,"enemies":"Cultist","floor":1,"turns":1},{"damage":0,"enemies":"Small Slimes","floor":2,"turns":1},{"damage":0,"enemies":"3 Sentries","floor":6,"turns":1},{"damage":0,"enemies":"2 Louse","floor":11,"turns":2},{"damage":0,"enemies":"Large Slime","floor":12,"turns":5},{"damage":16,"enemies":"Lagavulin","floor":13,"turns":8},{"damage":1,"enemies":"Gremlin Nob","floor":14,"turns":3},{"damage":20,"enemies":"The Guardian","floor":16,"turns":9}],"seed_played":"-8205416094496333423","potions_obtained":[{"floor":1,"key":"EntropicBrew"},{"floor":11,"key":"Explosive Potion"}],"is_trial":false,"path_per_floor":["M","M","?","?","?","E","R","?","T","R","M","M","E","?","R","B"],"character_chosen":"RobotSpaceExplorer","items_purchased":[],"campfire_rested":1,"item_purchase_floors":[],"current_hp_per_floor":[64,64,38,31,20,20,20,20,20,39,39,39,23,22,22,2,2],"gold":399,"neow_bonus":"THREE_ENEMY_KILL","is_daily":false,"chose_seed":false,"campfire_upgraded":2,"win_rate":0.0,"timestamp":1610184596,"path_taken":["M","?","?","?","?","E","R","?","T","R","?","M","E","?","R","BOSS"],"items_purchased_type":[],"build_version":"2020-12-18","purchased_purges":0,"victory":false,"max_hp_per_floor":[71,71,71,71,71,71,71,64,64,64,64,64,64,64,64,64,64],"relic_stats":{"Regal Pillow":0,"counters":[8,30],"Golden Idol":41,"MealTicket":0,"Turnip":[0],"Kunai":[12],"obtain_stats":[{"Regal Pillow":13,"NeowsBlessing":0,"Golden Idol":8,"RobotSpaceExplorer:RoboCore":0,"MealTicket":6,"The Courier":3,"Turnip":14,"Kunai":9},{"Regal Pillow":6,"NeowsBlessing":0,"Golden Idol":3,"RobotSpaceExplorer:RoboCore":0,"MealTicket":3,"The Courier":2,"Turnip":7,"Kunai":3},{"Regal Pillow":18,"NeowsBlessing":0,"Golden Idol":3,"RobotSpaceExplorer:RoboCore":0,"MealTicket":3,"The Courier":2,"Turnip":21,"Kunai":3}]},"card_choices":[{"not_picked":["RobotSpaceExplorer:PowerGlove","RobotSpaceExplorer:Ammunition","RobotSpaceExplorer:SwiftStep"],"picked":"SKIP","floor":1},{"not_picked":["RobotSpaceExplorer:FrostMissile","RobotSpaceExplorer:GlueSpray"],"picked":"RobotSpaceExplorer:LaserBurst","floor":2},{"not_picked":["RobotSpaceExplorer:FranticSearch","RobotSpaceExplorer:Discharger"],"picked":"RobotSpaceExplorer:ChargingLaser","floor":6},{"not_picked":["RobotSpaceExplorer:FranticSearch","RobotSpaceExplorer:Discharger","RobotSpaceExplorer:SlimeMissile"],"picked":"SKIP","floor":11},{"not_picked":["RobotSpaceExplorer:Ammunition","RobotSpaceExplorer:MiniDrones","RobotSpaceExplorer:LaserBurst"],"picked":"SKIP","floor":12},{"not_picked":["RobotSpaceExplorer:BlastShield","RobotSpaceExplorer:Probe"],"picked":"RobotSpaceExplorer:ShovelStrike","floor":13},{"not_picked":["RobotSpaceExplorer:Jetpack","RobotSpaceExplorer:Discharger"],"picked":"RobotSpaceExplorer:FreezingShield","floor":14}],"player_experience":1818546,"relics_obtained":[{"floor":6,"key":"MealTicket"},{"floor":9,"key":"Kunai"},{"floor":13,"key":"Regal Pillow"},{"floor":14,"key":"Turnip"}],"event_choices":[{"damage_healed":0,"gold_gain":0,"player_choice":"Success","damage_taken":26,"relics_obtained":["The Courier"],"max_hp_gain":0,"max_hp_loss":0,"event_name":"Scrap Ooze","floor":3,"gold_loss":0},{"cards_removed":["RobotSpaceExplorer:Strike"],"damage_healed":0,"gold_gain":0,"player_choice":"Card Removal","damage_taken":7,"max_hp_gain":0,"max_hp_loss":0,"event_name":"Golden Wing","floor":4,"gold_loss":0},{"damage_healed":0,"gold_gain":75,"player_choice":"Gather Gold","damage_taken":11,"max_hp_gain":0,"max_hp_loss":0,"event_name":"World of Goop","floor":5,"gold_loss":0},{"damage_healed":0,"gold_gain":0,"player_choice":"Lose Max HP","damage_taken":0,"relics_obtained":["Golden Idol"],"max_hp_gain":0,"max_hp_loss":7,"event_name":"Golden Idol","floor":8,"gold_loss":0},{"damage_healed":0,"gold_gain":0,"player_choice":"Searched \u00271\u0027 times","damage_taken":0,"max_hp_gain":0,"max_hp_loss":0,"event_name":"Dead Adventurer","floor":14,"gold_loss":0}],"is_beta":true,"boss_relics":[],"items_purged_floors":[],"is_endless":false,"potions_floor_spawned":[1,11,12],"killed_by":"The Guardian","ascension_level":18}}