{"host":"ik8ww1p4uabx5gam","time":1610194705,"event":{"mods":["Always Whale","Aspiration","BaseMod","Beaked The Cultist","Better Third Choice","BetterRewards","Colored Map","Colored Powertips","Conspire","Energized Spire","FetchMod","GifTheSpireLib","Hubris","Infinite Spire","Ironclad Rager","Jedi Mod","Minty Spire (QoL Compilation)","Random Character Button","Replay The Spire","Shop Mod","Spicy Shops","Spikes Relics","StSLib","Stuff the Spire","The Bladedancer","The Blue Laboratory","The Runesmith","Wandering Minibosses","??????REMEMod"],"gold_per_floor":[118,118,129,129,54,54,81,81,81,95,129,129,129,154,154,259,259,270,285,140,140,152,172,10,10,10,10,30,63,63,97,97,208,208,236,265,295,326,434,434,434,434,434,491,540,608,659,791,791,791],"floor_reached":51,"playtime":2999,"items_purged":["Pain","Pride"],"score":1136,"play_id":"039b877d-cf13-49cb-8905-f8f69b12a209","local_time":"20210109061825","is_ascension_mode":true,"campfire_choices":[{"data":"REME_BattleFury","floor":6,"key":"SMITH"},{"floor":8,"key":"REST"},{"floor":13,"key":"REST"},{"data":"Protect","floor":15,"key":"SMITH"},{"data":"ReplayTheSpireMod:Private Reserves","floor":27,"key":"SMITH"},{"data":"DeusExMachina","floor":32,"key":"SMITH"},{"data":"REME_CRH","floor":40,"key":"SMITH"},{"data":"Juggernaut","floor":42,"key":"SMITH"},{"data":"Panache","floor":49,"key":"SMITH"}],"circlet_count":0,"master_deck":["Strike_P","Strike_P","Strike_P","Strike_P","Defend_P","Defend_P","Defend_P","Defend_P","Eruption","Vigilance","REME_BattleFury+1","REME_Repentance","Consecrate","Blade Dance","Protect+1","Replay:LoomingThreat","ReplayTheSpireMod:Restless Dread","Survivor","REME_CRH+1","ReplayTheSpireMod:Private Reserves+1","infinitespire:Fortify","LikeWater","Replay:DivineShield+1","DeusExMachina+1","Prostrate","Devotion","Juggernaut+1","Replay:AtTheReady+1","REME_Repentance+1","PathToVictory+1","Amnesia","Replay:ManipulateFuture+1","REME_Repentance+1","Replay:Anticipation+1","Panache+1","Pot Of Greed","Pot Of Greed","Pot Of Greed"],"relics":["PureWater","REME_ComplimentaryCards","WarpedTongs","Replay:Baseball","FossilizedHelix","RollingBoulder","hubris:FruitBowl","ReplayFunnel","ReplayTheSpireMod:SealedPack","StuffTheSpire:HeavyRock","SpikesRelics:DaevaFist","aspiration:TomeofQuesting","WizardHat","hubris:Towel","StuffTheSpire:Expresso","infinitespire:EvilPickle","beaked:SacredDeck","infinitespire:Satchel","Ring of Misfortune","ReplayTheSpireMod:Ring of Exchange","Art of War","MealTicket","wanderingMiniBosses:AbyssPearl","SnailShell","hubris:NiceRug","ReplayTheSpireMod:TigerMarble","Grinning Jar","Replay:Rubber Ducky","Onion Ring","energizedSpire:EnergizedDie"],"acts_visited":["Exordium","TheCity","TheBeyond"],"potions_floor_usage":[3,14,28,28,28,29,29,31,33,36,44,48,50,50,50],"damage_taken":[{"damage":1,"enemies":"2 Louse","floor":1,"turns":4},{"damage":6,"enemies":"Cultist","floor":3,"turns":4},{"damage":27,"enemies":"Lagavulin","floor":7,"turns":5},{"damage":0,"enemies":"Jaw Worm","floor":10,"turns":2},{"damage":0,"enemies":"3 Sentries","floor":11,"turns":4},{"damage":0,"enemies":"Lagavulin","floor":14,"turns":7},{"damage":9,"enemies":"The Guardian","floor":16,"turns":13},{"damage":0,"enemies":"Shell Parasite","floor":18,"turns":4},{"damage":0,"enemies":"Spheric Guardian","floor":19,"turns":5},{"damage":0,"enemies":"Snecko","floor":22,"turns":4},{"damage":0,"enemies":"3 Cultists","floor":23,"turns":6},{"damage":0,"enemies":"Shelled Parasite and Fungi","floor":28,"turns":7},{"damage":0,"enemies":"Gremlin Leader","floor":29,"turns":6},{"damage":7,"enemies":"Book of Stabbing","floor":31,"turns":6},{"damage":2,"enemies":"Pondfish","floor":33,"turns":14},{"damage":0,"enemies":"3 Shapes","floor":35,"turns":3},{"damage":0,"enemies":"Orb Walker","floor":36,"turns":5},{"damage":0,"enemies":"Writhing Mass","floor":37,"turns":6},{"damage":0,"enemies":"Transient","floor":38,"turns":5},{"damage":0,"enemies":"Reptomancer","floor":44,"turns":4},{"damage":0,"enemies":"Spire Growth","floor":45,"turns":5},{"damage":0,"enemies":"Giant Head","floor":46,"turns":6},{"damage":0,"enemies":"3 Darklings","floor":47,"turns":3},{"damage":0,"enemies":"hubris:Merchant","floor":48,"turns":4},{"damage":0,"enemies":"Donu and Deca","floor":50,"turns":4}],"seed_played":"8485532267478595223","potions_obtained":[{"floor":1,"key":"DuplicationPotion"},{"floor":7,"key":"blueLaboratory:FaithlessPotion"},{"floor":16,"key":"blueLaboratory:PressurePotion"},{"floor":22,"key":"blueLaboratory:RememoryPotion"},{"floor":23,"key":"EntropicBrew"},{"floor":29,"key":"jedi:StrikingPotion"},{"floor":31,"key":"Explosive Potion"},{"floor":33,"key":"Strength Potion"},{"floor":35,"key":"infinitespire:BlackPotion"},{"floor":36,"key":"jedi:holywater"},{"floor":37,"key":"SkillPotion"},{"floor":46,"key":"Block Potion"},{"floor":48,"key":"blueLaboratory:ArtificerPotion"}],"is_trial":false,"path_per_floor":["M","?","M","?","$","R","E","R","T","M","E","$","R","E","R","B",null,"M","M","$","?","M","M","$","?","T","R","M","E","?","E","R","B",null,"M","M","M","M","?","R","?","R","T","E","M","E","M","$","R","B",null],"character_chosen":"WATCHER","items_purchased":["hubris:FruitBowl","StuffTheSpire:HeavyRock","SpikesRelics:DaevaFist","Panache"],"campfire_rested":2,"item_purchase_floors":[12,20,24,48],"current_hp_per_floor":[50,50,44,44,44,44,17,38,38,38,38,19,40,40,40,31,72,72,72,72,72,72,72,72,72,72,72,72,72,72,65,65,63,72,72,72,72,72,72,72,72,72,72,72,72,72,72,72,72,72],"gold":791,"neow_bonus":"RANDOM_COLORLESS_2","is_daily":false,"chose_seed":false,"campfire_upgraded":7,"win_rate":0.0,"timestamp":1610194705,"path_taken":["M","?","?","?","$","R","E","R","T","M","E","?","R","E","R","BOSS","M","?","$","?","?","M","?","?","T","R","M","E","?","E","R","BOSS","M","M","M","M","?","R","?","R","T","E","M","E","M","?","R","BOSS"],"items_purchased_type":["Relic","Relic","Relic","Card"],"build_version":"2020-12-22","purchased_purges":2,"victory":true,"max_hp_per_floor":[72,72,72,72,72,72,72,72,72,72,72,72,72,72,72,72,72,72,72,72,72,72,72,72,72,72,72,72,72,72,72,72,72,72,72,72,72,72,72,72,72,72,72,72,72,72,72,72,72,72],"card_choices":[{"not_picked":["Sadistic Nature","REME_MawOfCthun"],"picked":"REME_BattleFury","floor":0},{"not_picked":["SignatureMove","Halt"],"picked":"REME_Repentance","floor":1},{"not_picked":["SignatureMove","BowlingBash"],"picked":"Consecrate","floor":3},{"not_picked":["FollowUp","FlurryOfBlows"],"picked":"Protect","floor":7},{"not_picked":["Protect","Replay:Vibes","EmptyFist"],"picked":"SKIP","floor":10},{"not_picked":["MentalFortress","REME_WorshipGod","WindmillStrike"],"picked":"SKIP","floor":11},{"not_picked":["Wireheading","InnerPeace","FollowUp"],"picked":"SKIP","floor":14},{"not_picked":["Judgement","DeusExMachina"],"picked":"Replay:LoomingThreat","floor":16},{"not_picked":["blademaster:Gale","hubris:MerchantsHand"],"picked":"Survivor","floor":17},{"not_picked":["ConjureBlade","LessonLearned"],"picked":"REME_CRH","floor":17},{"not_picked":["PanicButton","Forethought"],"picked":"ReplayTheSpireMod:Private Reserves","floor":17},{"not_picked":["ReplayTheSpireMod:Haul","ReplayTheSpireMod:Chaos Vortex"],"picked":"infinitespire:Fortify","floor":17},{"not_picked":["CrushJoints","Adaptation+1"],"picked":"LikeWater","floor":18},{"not_picked":["Fasting2","Replay:AtTheReady+1"],"picked":"Replay:DivineShield+1","floor":19},{"not_picked":["FollowUp","BowlingBash","Halt+1"],"picked":"SKIP","floor":22},{"not_picked":["FollowUp","BowlingBash","Halt+1"],"picked":"SKIP","floor":22},{"not_picked":["CutThroughFate","FlyingSleeves","Weave"],"picked":"SKIP","floor":23},{"not_picked":["Consecrate","MentalFortress","BowlingBash+1"],"picked":"SKIP","floor":28},{"not_picked":["Crescendo","FollowUp"],"picked":"DeusExMachina","floor":29},{"not_picked":["Evaluate","Wallop+1"],"picked":"Prostrate","floor":31},{"not_picked":["SpiritShield","jedi:nirvanicrebirth"],"picked":"Devotion","floor":33},{"not_picked":["Replay:BluntJabs+1","Vengeance"],"picked":"Replay:AtTheReady+1","floor":35},{"not_picked":["Replay:BluntJabs+1","EmptyMind+1"],"picked":"REME_Repentance+1","floor":36},{"not_picked":["WreathOfFlame","FearNoEvil","Halt+1"],"picked":"SKIP","floor":37},{"not_picked":["FlurryOfBlows+1","REME_Repentance","EmptyFist"],"picked":"SKIP","floor":38},{"not_picked":["Replay:AtTheReady+1","Prostrate+1"],"picked":"PathToVictory+1","floor":39},{"not_picked":["CutThroughFate+1","FlyingSleeves"],"picked":"Replay:ManipulateFuture+1","floor":44},{"not_picked":["EmptyBody","SignatureMove"],"picked":"REME_Repentance+1","floor":45},{"not_picked":["FlurryOfBlows+1","FollowUp","EmptyFist+1"],"picked":"SKIP","floor":46},{"not_picked":["FlurryOfBlows","Pray+1"],"picked":"Replay:Anticipation+1","floor":47},{"not_picked":["Conclude"],"picked":"SKIP","floor":48},{"not_picked":["EmptyFist"],"picked":"SKIP","floor":48},{"not_picked":["Prostrate"],"picked":"SKIP","floor":48},{"not_picked":["Meditate"],"picked":"SKIP","floor":48},{"not_picked":["Adaptation"],"picked":"SKIP","floor":48},{"not_picked":["Purity"],"picked":"SKIP","floor":48}],"player_experience":1012923,"relics_obtained":[{"floor":7,"key":"Replay:Baseball"},{"floor":9,"key":"FossilizedHelix"},{"floor":11,"key":"RollingBoulder"},{"floor":14,"key":"ReplayFunnel"},{"floor":26,"key":"aspiration:TomeofQuesting"},{"floor":29,"key":"WizardHat"},{"floor":31,"key":"StuffTheSpire:Expresso"},{"floor":39,"key":"infinitespire:Satchel"},{"floor":41,"key":"Ring of Misfortune"},{"floor":41,"key":"ReplayTheSpireMod:Ring of Exchange"},{"floor":43,"key":"Art of War"},{"floor":44,"key":"MealTicket"},{"floor":45,"key":"wanderingMiniBosses:AbyssPearl"},{"floor":46,"key":"SnailShell"},{"floor":48,"key":"ReplayTheSpireMod:TigerMarble"},{"floor":48,"key":"Grinning Jar"},{"floor":48,"key":"Replay:Rubber Ducky"},{"floor":48,"key":"Onion Ring"},{"floor":48,"key":"energizedSpire:EnergizedDie"}],"event_choices":[{"damage_healed":0,"gold_gain":0,"player_choice":"Rummage","damage_taken":0,"relics_obtained":["WarpedTongs"],"max_hp_gain":0,"max_hp_loss":0,"event_name":"Accursed Blacksmith","floor":2,"gold_loss":0,"cards_obtained":["Pain"]},{"damage_healed":0,"gold_gain":0,"player_choice":"Ignored","damage_taken":0,"max_hp_gain":0,"max_hp_loss":0,"event_name":"N\u0027loth","floor":21,"gold_loss":0},{"damage_healed":0,"gold_gain":0,"player_choice":"Ignored","damage_taken":0,"max_hp_gain":0,"max_hp_loss":0,"event_name":"Ghosts","floor":25,"gold_loss":0}],"is_beta":false,"boss_relics":[{"not_picked":["conspire:RoyalGoblet","energizedSpire:NeverEndingSparkler"],"picked":"ReplayTheSpireMod:SealedPack"},{"not_picked":["Runic Pyramid","Empty Cage"],"picked":"beaked:SacredDeck"}],"items_purged_floors":[5,24],"is_endless":false,"potions_floor_spawned":[1,7,16,22,23,29,31,33,35,36,37,46],"ascension_level":1}}