{"host":"vrsxkkch9ccrec7k","time":1610190042,"event":{"mods":["Act Like it!","BaseMod","Bestiary","Better Third Choice","Better Vampires","Downfall","Minty Spire (QoL Compilation)","Permanent Neow","Relic Stats","Spicy Shops","StSLib"],"gold_per_floor":[99,118,7,17,27,27,27,40,69,88,114,114,139,150,165,270,270,195,211,230,245,245,5,5,5,30,43,43,60,60,95,115,214,214,214,228,247,38,38,38,38,88,116,116,130,130,142,173,193,193],"floor_reached":51,"playtime":6021,"items_purged":["champ:Strike","champ:Strike","champ:Strike"],"score":808,"play_id":"2b0e9e06-103c-4aa4-96c1-57e9f2614acf","local_time":"20210109060042","is_ascension_mode":true,"campfire_choices":[{"data":"expansioncontent:GuardianWhirl","floor":1,"key":"SMITH"},{"data":"champ:Taunt","floor":6,"key":"SMITH"},{"data":"champ:SwordSigil","floor":12,"key":"SMITH"},{"data":"champ:StanceDance","floor":18,"key":"SMITH"},{"floor":28,"key":"REST"},{"data":"champ:SwordSigil","floor":30,"key":"SMITH"},{"floor":35,"key":"DIG"},{"data":"expansioncontent:Corrupt","floor":44,"key":"SMITH"},{"data":"champ:SwordSigil","floor":46,"key":"SMITH"}],"circlet_count":0,"master_deck":["champ:Strike","champ:Defend","champ:Defend","champ:Defend","champ:Defend","champ:Execute","champ:Taunt+1","expansioncontent:GuardianWhirl+1","champ:Haymaker","champ:FocusedGladiator","champ:DefensiveStyle","champ:StanceDance+1","champ:FocusedGladiator","champ:SwordSigil+1","champ:BringItOn","champ:Devastate","champ:SwordSigil+1","champ:CheapShot","champ:FalseCounter","champ:RageSigil","champ:FalseCounter","champ:SwordSigil+1","champ:ViciousMockery","champ:CheapShot","champ:FocusedDefense+1","champ:ShieldSigil+1","champ:DefensiveShout+1","expansioncontent:Corrupt+1","champ:Lariat","champ:ShieldSigil"],"relics":["champ:ChampionCrown","Shovel","champ:DefensiveTrainingManual","Meat on the Bone","WingedGreaves","Busted Crown","downfall:HeartBlessingGreen","Bag of Preparation","Eternal Feather","Bag of Marbles","Turnip","Cursed Key","Pen Nib","Vajra","Ginger","Letter Opener","Dream Catcher"],"acts_visited":["Exordium","TheCity","TheBeyond"],"potions_floor_usage":[11,16,26,31,43,43,43,48,50],"damage_taken":[{"damage":0,"enemies":"Cultist","floor":2,"turns":4},{"damage":5,"enemies":"downfall:FleeingMerchant","floor":3,"turns":4},{"damage":5,"enemies":"Small Slimes","floor":4,"turns":2},{"damage":0,"enemies":"Jaw Worm","floor":5,"turns":3},{"damage":17,"enemies":"Large Slime","floor":8,"turns":5},{"damage":10,"enemies":"Gremlin Nob","floor":9,"turns":4},{"damage":0,"enemies":"3 Louse","floor":10,"turns":1},{"damage":8,"enemies":"Lagavulin","floor":11,"turns":7},{"damage":5,"enemies":"Gremlin Nob","floor":13,"turns":4},{"damage":0,"enemies":"Blue Slaver","floor":14,"turns":2},{"damage":0,"enemies":"Exordium Wildlife","floor":15,"turns":3},{"damage":66,"enemies":"downfall:Silent","floor":16,"turns":16},{"damage":0,"enemies":"Spheric Guardian","floor":19,"turns":4},{"damage":23,"enemies":"Shell Parasite","floor":20,"turns":6},{"damage":7,"enemies":"Centurion and Healer","floor":21,"turns":9},{"damage":0,"enemies":"downfall:FleeingMerchant","floor":23,"turns":5},{"damage":102,"enemies":"Gremlin Leader","floor":26,"turns":11},{"damage":16,"enemies":"Shelled Parasite and Fungi","floor":27,"turns":5},{"damage":9,"enemies":"Snecko","floor":29,"turns":4},{"damage":19,"enemies":"Slavers","floor":31,"turns":3},{"damage":20,"enemies":"Sentry and Sphere","floor":32,"turns":4},{"damage":1,"enemies":"downfall:Defect","floor":33,"turns":6},{"damage":0,"enemies":"Orb Walker","floor":36,"turns":3},{"damage":9,"enemies":"3 Shapes","floor":37,"turns":2},{"damage":24,"enemies":"downfall:FleeingMerchant","floor":38,"turns":6},{"damage":42,"enemies":"Mind Bloom Boss Battle","floor":42,"turns":9},{"damage":30,"enemies":"Reptomancer","floor":43,"turns":4},{"damage":7,"enemies":"Jaw Worm Horde","floor":45,"turns":2},{"damage":11,"enemies":"Maw","floor":47,"turns":3},{"damage":64,"enemies":"Giant Head","floor":48,"turns":8},{"damage":0,"enemies":"Writhing Mass","floor":49,"turns":4},{"damage":59,"enemies":"downfall:Watcher","floor":50,"turns":8}],"seed_played":"-4957922737222713488","potions_obtained":[{"floor":2,"key":"Weak Potion"},{"floor":4,"key":"Regen Potion"},{"floor":9,"key":"Block Potion"},{"floor":14,"key":"DistilledChaos"},{"floor":19,"key":"GamblersBrew"},{"floor":21,"key":"Block Potion"},{"floor":22,"key":"CultistPotion"},{"floor":27,"key":"DuplicationPotion"},{"floor":33,"key":"PowerPotion"},{"floor":42,"key":"Regen Potion"},{"floor":45,"key":"Weak Potion"},{"floor":49,"key":"champ:UltimateStancePotion"}],"is_trial":false,"path_per_floor":["R","M","$","M","M","R","T","M","E","M","E","R","E","M","M","B",null,"R","M","M","M","?","$","T","?","E","M","R","M","R","E","M","B",null,"R","M","M","$","?","?","T","?","E","R","M","R","M","E","M","B",null],"character_chosen":"THE_CHAMP","items_purchased":["champ:DefensiveStyle","Bag of Preparation","Vajra","expansioncontent:Corrupt"],"campfire_rested":1,"item_purchase_floors":[3,23,38,38],"current_hp_per_floor":[90,90,90,85,85,85,85,78,73,73,85,85,80,80,80,41,90,90,90,90,88,88,88,88,88,25,21,60,60,72,58,62,61,90,90,90,81,80,80,80,80,61,72,87,80,90,84,59,59,56],"gold":193,"neow_bonus":"RANDOM_COLORLESS","is_daily":false,"chose_seed":false,"campfire_upgraded":7,"win_rate":0.0,"timestamp":1610190042,"path_taken":["R","M","?","M","M","R","T","M","E","M","E","R","E","M","M","BOSS","R","M","?","M","?","$","T","?","E","M","R","M","R","E","M","BOSS","R","M","M","$","?","?","T","?","E","R","M","R","M","E","M","BOSS"],"items_purchased_type":["Card","Relic","Relic","Card"],"build_version":"2020-12-22","purchased_purges":3,"victory":true,"max_hp_per_floor":[90,90,90,90,90,90,90,90,90,90,90,90,90,90,90,90,90,90,90,90,90,90,90,90,90,90,90,90,90,90,90,90,90,90,90,90,90,90,90,90,90,90,90,90,90,90,90,90,90,90],"relic_stats":{"counters":[32,161],"Eternal Feather":49,"Pen Nib":[5],"Bag of Preparation":[32],"Ginger":[10],"Letter Opener":[82],"Cursed Key":0,"Dream Catcher":0,"Shovel":1,"Busted Crown":38,"Turnip":[12],"obtain_stats":[{"Vajra":38,"champ:ChampionCrown":0,"downfall:HeartBlessingGreen":18,"Eternal Feather":24,"Pen Nib":35,"Bag of Preparation":23,"Ginger":42,"Letter Opener":43,"Cursed Key":34,"Dream Catcher":48,"Shovel":7,"Busted Crown":17,"champ:DefensiveTrainingManual":9,"WingedGreaves":13,"Turnip":31,"Bag of Marbles":26,"Meat on the Bone":11},{"Vajra":25,"champ:ChampionCrown":0,"downfall:HeartBlessingGreen":12,"Eternal Feather":16,"Pen Nib":22,"Bag of Preparation":16,"Ginger":26,"Letter Opener":27,"Cursed Key":22,"Dream Catcher":30,"Shovel":4,"Busted Crown":12,"champ:DefensiveTrainingManual":6,"WingedGreaves":9,"Turnip":20,"Bag of Marbles":17,"Meat on the Bone":8},{"Vajra":123,"champ:ChampionCrown":0,"downfall:HeartBlessingGreen":55,"Eternal Feather":79,"Pen Nib":112,"Bag of Preparation":79,"Ginger":132,"Letter Opener":136,"Cursed Key":112,"Dream Catcher":149,"Shovel":13,"Busted Crown":55,"champ:DefensiveTrainingManual":22,"WingedGreaves":34,"Turnip":102,"Bag of Marbles":90,"Meat on the Bone":30}],"Meat on the Bone":72},"card_choices":[{"not_picked":["Blind","Jack Of All Trades"],"picked":"expansioncontent:GuardianWhirl","floor":0},{"not_picked":["champ:PerfectedStrike","champ:EnragedBash"],"picked":"champ:Haymaker","floor":2},{"not_picked":["champ:GutPunch","champ:CrookedStrike"],"picked":"champ:FocusedGladiator","floor":3},{"not_picked":["champ:PerfectedStrike","champ:BerserkerStyle","champ:BerserkersShout"],"picked":"SKIP","floor":4},{"not_picked":["champ:PerfectedStrike","champ:BerserkerStyle","champ:BerserkersShout"],"picked":"SKIP","floor":4},{"not_picked":["champ:TornadoPunch","champ:BladeFlurry"],"picked":"champ:StanceDance","floor":5},{"not_picked":["champ:FanOfKnives","champ:CrookedStrike"],"picked":"champ:FocusedGladiator","floor":8},{"not_picked":["champ:GladiatorStyle","champ:EnchantSword"],"picked":"champ:SwordSigil","floor":9},{"not_picked":["champ:FlashCut","champ:FanOfKnives"],"picked":"champ:BringItOn","floor":10},{"not_picked":["champ:Duel","champ:BladeFlurry"],"picked":"champ:Devastate","floor":11},{"not_picked":["champ:BerserkersShout","champ:AdrenalArmor","champ:Haymaker"],"picked":"SKIP","floor":13},{"not_picked":["champ:GutPunch","champ:BringItOn"],"picked":"champ:SwordSigil","floor":14},{"not_picked":["champ:GladiatorsShout","champ:CrookedStrike","champ:GutPunch"],"picked":"SKIP","floor":15},{"not_picked":["champ:DancingMaster","champ:CrownThrow"],"picked":"champ:CheapShot","floor":16},{"not_picked":["champ:RecklessLeap"],"picked":"SKIP","floor":19},{"not_picked":[],"picked":"champ:DefensiveStyle+1","floor":20},{"not_picked":[],"picked":"champ:FalseCounter","floor":21},{"not_picked":[],"picked":"champ:RageSigil","floor":23},{"not_picked":["champ:FaceSlap"],"picked":"SKIP","floor":26},{"not_picked":["champ:BerserkersShout"],"picked":"SKIP","floor":27},{"not_picked":[],"picked":"champ:FalseCounter","floor":29},{"not_picked":[],"picked":"champ:SwordSigil","floor":31},{"not_picked":[],"picked":"champ:ViciousMockery","floor":32},{"not_picked":[],"picked":"champ:CheapShot","floor":33},{"not_picked":[],"picked":"champ:FocusedDefense+1","floor":36},{"not_picked":[],"picked":"champ:ShieldSigil+1","floor":37},{"not_picked":[],"picked":"champ:DefensiveShout+1","floor":38},{"not_picked":["champ:EndlessRage+1"],"picked":"SKIP","floor":43},{"not_picked":["champ:Circumvent"],"picked":"SKIP","floor":45},{"not_picked":[],"picked":"champ:Lariat","floor":47},{"not_picked":[],"picked":"champ:ShieldSigil","floor":48},{"not_picked":["champ:EnragedBash+1"],"picked":"SKIP","floor":49}],"player_experience":1410020,"relics_obtained":[{"floor":7,"key":"Shovel"},{"floor":9,"key":"champ:DefensiveTrainingManual"},{"floor":11,"key":"Meat on the Bone"},{"floor":13,"key":"WingedGreaves"},{"floor":24,"key":"Eternal Feather"},{"floor":26,"key":"Bag of Marbles"},{"floor":31,"key":"Turnip"},{"floor":35,"key":"Pen Nib"},{"floor":42,"key":"Ginger"},{"floor":43,"key":"Letter Opener"},{"floor":48,"key":"Dream Catcher"}],"event_choices":[{"damage_healed":0,"gold_gain":0,"player_choice":"Ignored","damage_taken":0,"max_hp_gain":0,"max_hp_loss":0,"event_name":"Ghosts","floor":25,"gold_loss":0},{"cards_removed":["champ:DefensiveStyle"],"damage_healed":0,"gold_gain":0,"player_choice":"Removed Power","damage_taken":0,"max_hp_gain":0,"max_hp_loss":0,"event_name":"Falling","floor":40,"gold_loss":0}],"is_beta":false,"boss_relics":[{"not_picked":["Runic Dome","Philosopher\u0027s Stone"],"picked":"Busted Crown"},{"not_picked":["Sozu","Coffee Dripper"],"picked":"Cursed Key"}],"items_purged_floors":[23,38,38],"is_endless":false,"potions_floor_spawned":[2,4,9,10,14,19,21,27,29,33,37,42,45,49],"ascension_level":1}}