{"host":"7gewg82ormp6yt4e","time":1610183253,"event":{"mods":["BaseMod","Block Reminder","Colored Map","Colored Powertips","DeckTracker","Highlight Path","Minty Spire (QoL Compilation)","Relic Stats","StSLib","ojb\u0027s Info Mod"],"gold_per_floor":[209,67,67,84,84,84,124,124,149,164,164,195,195,218,218,218,218],"floor_reached":16,"playtime":435,"items_purged":[],"score":216,"play_id":"5d1028c3-b244-444e-92de-ddff1b944dc8","local_time":"20210109180733","is_ascension_mode":true,"campfire_choices":[{"floor":6,"key":"REST"},{"data":"Enlightenment","floor":8,"key":"SMITH"},{"floor":11,"key":"REST"},{"data":"Defragment","floor":13,"key":"SMITH"},{"data":"Redo","floor":15,"key":"SMITH"}],"circlet_count":0,"master_deck":["AscendersBane","Strike_B","Strike_B","Strike_B","Strike_B","Defend_B","Defend_B","Defend_B","Defend_B+1","Zap","Dualcast","Cold Snap+1","Doom and Gloom","Enlightenment+1","Cold Snap","Defragment+1","Redo+1"],"relics":["Cracked Core","Golden Idol","PreservedInsect","Bag of Marbles","Emotion Chip"],"acts_visited":["Exordium"],"potions_floor_usage":[12],"damage_taken":[{"damage":0,"enemies":"Small Slimes","floor":1,"turns":3},{"damage":4,"enemies":"Jaw Worm","floor":4,"turns":3},{"damage":30,"enemies":"Gremlin Nob","floor":7,"turns":4},{"damage":0,"enemies":"Cultist","floor":10,"turns":3},{"damage":15,"enemies":"Lagavulin","floor":12,"turns":5},{"damage":11,"enemies":"Lots of Slimes","floor":14,"turns":4},{"damage":23,"enemies":"Hexaghost","floor":16,"turns":7}],"seed_played":"5795776535440558680","potions_obtained":[{"floor":7,"key":"AttackPotion"}],"is_trial":false,"path_per_floor":["M","$","?","M","?","R","E","R","T","M","R","E","R","M","R","B"],"character_chosen":"DEFECT","items_purchased":["Doom and Gloom","Enlightenment"],"campfire_rested":2,"item_purchase_floors":[2,2],"current_hp_per_floor":[64,64,43,39,39,58,28,28,28,28,47,32,32,21,21,0,0],"gold":218,"neow_bonus":"HUNDRED_GOLD","is_daily":false,"chose_seed":false,"campfire_upgraded":3,"win_rate":0.0,"timestamp":1610183253,"path_taken":["M","$","?","M","?","R","E","R","T","M","R","E","R","M","R","BOSS"],"items_purchased_type":["Card","Card"],"build_version":"2020-12-22","purchased_purges":0,"victory":false,"max_hp_per_floor":[71,71,71,71,64,64,64,64,64,64,64,64,64,64,64,64,64],"relic_stats":{"Emotion Chip":[10,4,3,3,0],"counters":[7,29],"Golden Idol":22,"PreservedInsect":28,"obtain_stats":[{"Emotion Chip":12,"Golden Idol":5,"PreservedInsect":7,"Bag of Marbles":9,"Cracked Core":0},{"Emotion Chip":5,"Golden Idol":2,"PreservedInsect":3,"Bag of Marbles":3,"Cracked Core":0},{"Emotion Chip":18,"Golden Idol":6,"PreservedInsect":10,"Bag of Marbles":10,"Cracked Core":0}]},"card_choices":[{"not_picked":["Gash","Hello World"],"picked":"Cold Snap","floor":1},{"not_picked":["Conserve Battery","Redo","Hello World"],"picked":"SKIP","floor":4},{"not_picked":["Conserve Battery","Gash"],"picked":"Cold Snap","floor":7},{"not_picked":["Sweeping Beam","Creative AI"],"picked":"Defragment","floor":10},{"not_picked":["Barrage","Beam Cell","Streamline"],"picked":"SKIP","floor":12},{"not_picked":["White Noise","Darkness"],"picked":"Redo","floor":14}],"player_experience":2513570,"relics_obtained":[{"floor":7,"key":"PreservedInsect"},{"floor":9,"key":"Bag of Marbles"},{"floor":12,"key":"Emotion Chip"}],"event_choices":[{"damage_healed":0,"gold_gain":0,"player_choice":"Entered Light","damage_taken":21,"max_hp_gain":0,"max_hp_loss":0,"event_name":"Shining Light","floor":3,"gold_loss":0,"cards_upgraded":["Defend_B","Cold Snap"]},{"damage_healed":0,"gold_gain":0,"player_choice":"Lose Max HP","damage_taken":0,"relics_obtained":["Golden Idol"],"max_hp_gain":0,"max_hp_loss":7,"event_name":"Golden Idol","floor":5,"gold_loss":0}],"is_beta":false,"boss_relics":[],"items_purged_floors":[],"is_endless":false,"potions_floor_spawned":[7],"killed_by":"Hexaghost","ascension_level":20}}