{"host":"r40cn8c2kv7g6k3i","time":1610219934,"event":{"mods":["Act Like it!","BaseMod","Colored Powertips","Downfall","Gensokyo","Hallownest","KinomotoSakuraMod(ƒæ÷Æ±æ”£)","Marisa£®ÏF”Í°°ƒß¿Ì…≥£©","Minty Spire (QoL Compilation)","Onozuka Komachi Mod","Prisma Mod","Reimu£®≤©¿ˆ¡È√Œ£©","Remilia£®¿Ÿ√◊¿Ú—«£©","Replay The Spire","Shop Mod","Spicy Shops","StSLib","The Alterego","The Bug Knight","The Servant 0.9.4","UnlockEverythingMod","WarShipGirlsR/’ΩΩ¢…Ÿ≈ÆR mod","Youmu£®ªÍ∆«—˝√Œ£©","Yuri Mod"],"gold_per_floor":[114,129,144,29,29,29,29,41,121,121,153,153,189,426,426,540,540,601,851,851,869,514,514,576,596,667,667,617,617,690,31,31,419,419,462,462,75,75,168,229,18,59,84,101,0,41,41,83,83,283],"floor_reached":51,"playtime":5666,"items_purged":["Strike_MRS"],"score":1094,"play_id":"726dd8ad-aa9c-43a6-8b7e-62bb2edcd918","local_time":"20210110031854","is_ascension_mode":true,"campfire_choices":[{"data":"UnstableBomb","floor":6,"key":"SMITH"},{"data":"OortCloud","floor":10,"key":"SMITH"},{"floor":23,"key":"RECALL"},{"data":"Gensokyo:CrescentMoonSlash","floor":29,"key":"SMITH"},{"data":"AbsoluteMagnitude","floor":49,"key":"SMITH"}],"circlet_count":0,"master_deck":["Strike_MRS","Strike_MRS","Defend_MRS+1","Defend_MRS","MasterSpark","UpSweep","EnergyFlow+1","DragonMeteor+1","MeteoricShower+1","Acceleration","DeepEcoloBomb","UnstableBomb+1","Clumsy","Gensokyo:CrescentMoonSlash+1","OortCloud+1","Robbery+1","AlicesGift+1","SporeBomb+1","PropBag+1","CasketOfStar","CurseOfTheBell","PropBag","OpenUniverse","Gensokyo:MissMary","Gensokyo:RPG","WitchOfGreed+1","BlazeAway","Shame","ManaConvection+1","Slimebound:Icky","BinaryStars+1","GalacticHalo+1","ReplayTheSpireMod:Splinters","PowerUp+1","AsteroidBelt+1","Acceleration+1","ChargeUpSpray","GasGiant+1","MagicChant+1","AbsoluteMagnitude+1","Gensokyo:LockedMedkit","MagicAbsorber+1","MysteriousBeam+1"],"relics":["BewitchedHakkero","Coffee Dripper","Astrolabe","Gensokyo:NagashiBinaDoll","HandmadeGrimoire","Blue Candle","Ice Cream","Replay:Grab Bag","Philosopher\u0027s Stone","SlaversCollar","Calling Bell","Mango","Gremlin Horn","Replay:Mystery Machine","Gensokyo:MosesMiracle","Bottled Flame","BreadOfAWashokuLover","Potion Belt","ReplayTheSpireMod:CursedCoin","Garlic","Bag of Marbles","Toxic Egg 2","RuthlessExorcism:ReiMu","Lizard Tail","Gensokyo:EmptyGrave","Orichalcum","CaptainsWheel","Oddly Smooth Stone","Gensokyo:DualWield"],"acts_visited":["Gensokyo:Gensokyo","Gensokyo:Gensokyoer","Gensokyo:Gensokyoest"],"potions_floor_usage":[14,14,16,30,33,33,50,50,50,50],"damage_taken":[{"damage":3,"enemies":"Gensokyo:Gryphon","floor":1,"turns":3},{"damage":8,"enemies":"Gensokyo:2_Kodama","floor":2,"turns":3},{"damage":0,"enemies":"Gensokyo:3_Fairies","floor":3,"turns":3},{"damage":14,"enemies":"Gensokyo:Python_and_Kodama","floor":8,"turns":4},{"damage":0,"enemies":"Gensokyo:Mamizou","floor":11,"turns":6},{"damage":6,"enemies":"Gensokyo:VengefulSpirit","floor":13,"turns":4},{"damage":16,"enemies":"Gensokyo:Cirno","floor":14,"turns":6},{"damage":22,"enemies":"Gensokyo:Kokoro","floor":16,"turns":7},{"damage":19,"enemies":"Gensokyo:Chomper","floor":18,"turns":4},{"damage":0,"enemies":"Gensokyo:2_Gloops","floor":21,"turns":2},{"damage":0,"enemies":"Gensokyo:Reisen","floor":24,"turns":5},{"damage":38,"enemies":"Gensokyo:Slime_Group","floor":25,"turns":3},{"damage":37,"enemies":"Gensokyo:Tenshi","floor":30,"turns":5},{"damage":13,"enemies":"Gensokyo:Kaguya","floor":33,"turns":6},{"damage":0,"enemies":"Gensokyo:3_Bats","floor":35,"turns":1},{"damage":62,"enemies":"Gensokyo:3_Bats","floor":36,"turns":5},{"damage":12,"enemies":"Gensokyo:Marisa","floor":40,"turns":4},{"damage":10,"enemies":"Gensokyo:AncientGuardian","floor":42,"turns":8},{"damage":16,"enemies":"Gensokyo:Rafflesia","floor":44,"turns":4},{"damage":1,"enemies":"Gensokyo:AtlasGolem","floor":46,"turns":3},{"damage":39,"enemies":"Gensokyo:Dusk_and_Dawn","floor":48,"turns":5},{"damage":7,"enemies":"Gensokyo:Shinki","floor":50,"turns":7}],"seed_played":"2514172766060085334","potions_obtained":[{"floor":3,"key":"Adrenaline Potion"},{"floor":8,"key":"Adrenaline Potion"},{"floor":14,"key":"ZuzhouPotion:ReiMu"},{"floor":18,"key":"champ:CounterPotion"},{"floor":30,"key":"Ancient Potion"},{"floor":40,"key":"Ancient Potion"},{"floor":42,"key":"Block Potion"},{"floor":44,"key":"Explosive Potion"},{"floor":46,"key":"Adrenaline Potion"},{"floor":46,"key":"Fire Potion"},{"floor":48,"key":"Fire Potion"}],"is_trial":false,"path_per_floor":["M","M","M","COS","?","R","?","M","T","R","E","?","M","E","R","B",null,"M","?","?","M","COS","R","E","M","T","?","?","R","E","$","R","B",null,"M","?","$","?","?","E","$","M","T","M","COS","M","?","M","R","B",null],"character_chosen":"MARISA","items_purchased":["ReplayTheSpireMod:CursedCoin","Garlic","Bag of Marbles","Toxic Egg 2","Fire Potion","EssenceOfSteel","Lizard Tail","CaptainsWheel","GasGiant+1"],"campfire_rested":0,"item_purchase_floors":[31,31,31,31,31,31,37,41,41],"current_hp_per_floor":[72,64,64,64,64,64,53,39,39,39,39,39,33,17,39,17,89,70,70,70,70,70,70,70,32,32,32,39,39,16,16,43,54,104,104,104,104,96,96,84,96,86,86,70,70,69,69,30,30,23],"gold":283,"neow_bonus":"DOUBLE_BOSS_RELIC","is_daily":false,"chose_seed":false,"campfire_upgraded":4,"win_rate":0.0,"timestamp":1610219934,"path_taken":["M","M","M","COS","?","R","?","M","T","R","E","?","M","E","R","BOSS","M","?","?","M","COS","R","E","M","T","?","?","R","E","?","R","BOSS","M","?","$","?","?","E","?","M","T","M","COS","M","?","?","R","BOSS"],"items_purchased_type":["Relic","Relic","Relic","Relic","Potion","Potion","Relic","Relic","Card"],"build_version":"2020-12-22","purchased_purges":1,"victory":true,"max_hp_per_floor":[75,75,75,75,75,75,75,75,75,75,75,75,75,75,75,75,89,89,84,84,84,84,84,84,84,84,84,91,91,91,91,91,104,104,104,104,104,96,96,96,96,96,96,96,96,96,96,96,96,96],"card_choices":[{"not_picked":["MachineGunSpark","ShootingEcho"],"picked":"Acceleration","floor":1},{"not_picked":["WitchLeyline","DragonMeteor"],"picked":"DeepEcoloBomb","floor":2},{"not_picked":["DC","WitchLeyline"],"picked":"UnstableBomb","floor":3},{"not_picked":["Robbery","DC"],"picked":"OortCloud","floor":8},{"not_picked":["MilkyWay","SporeBomb"],"picked":"Robbery","floor":11},{"not_picked":["GravityBeat","DragonMeteor"],"picked":"SporeBomb","floor":13},{"not_picked":["LuminesStrike","PowerUp"],"picked":"PropBag","floor":14},{"not_picked":["MaximisePower","FinalSpark"],"picked":"CasketOfStar","floor":16},{"not_picked":["DoubleSpark+1","IllusionStar"],"picked":"PropBag","floor":18},{"not_picked":["GrandCross","Occultation"],"picked":"OpenUniverse","floor":21},{"not_picked":["DoubleSpark","OneTimeOff"],"picked":"WitchOfGreed+1","floor":24},{"not_picked":["ShootingEcho","DC"],"picked":"BlazeAway","floor":25},{"not_picked":["LuminesStrike+1","CasketOfStar"],"picked":"ManaConvection","floor":30},{"not_picked":["JA","BlazingStar"],"picked":"BinaryStars+1","floor":33},{"not_picked":["Orbital+1","IllusionStar+1"],"picked":"GalacticHalo+1","floor":35},{"not_picked":["DoubleSpark+1","GalacticHalo+1"],"picked":"PowerUp+1","floor":39},{"not_picked":["StarBarrage+1","NonDirectionalLaser+1"],"picked":"AsteroidBelt+1","floor":39},{"not_picked":["GravityBeat","ShootingEcho"],"picked":"Acceleration+1","floor":39},{"not_picked":["RefractionSpark+1","DC+1"],"picked":"ChargeUpSpray","floor":40},{"not_picked":["6A","ShootingEcho+1"],"picked":"MagicChant+1","floor":42},{"not_picked":["ShootingEcho+1","AlicesGift+1"],"picked":"AbsoluteMagnitude","floor":44},{"not_picked":["ChargingUp+1","MilkyWay+1"],"picked":"MagicAbsorber+1","floor":46},{"not_picked":["ShootTheMoon","GasGiant+1"],"picked":"MysteriousBeam+1","floor":48}],"player_experience":159116,"relics_obtained":[{"floor":9,"key":"HandmadeGrimoire"},{"floor":11,"key":"Blue Candle"},{"floor":17,"key":"Mango"},{"floor":17,"key":"Gremlin Horn"},{"floor":17,"key":"Replay:Mystery Machine"},{"floor":24,"key":"Bottled Flame"},{"floor":25,"key":"Gensokyo:MosesMiracle"},{"floor":30,"key":"Potion Belt"},{"floor":40,"key":"Orichalcum"},{"floor":43,"key":"Oddly Smooth Stone"}],"event_choices":[],"is_beta":false,"boss_relics":[{"not_picked":["ChewingGum","ReplayTheSpireMod:DimensionalGlitch"],"picked":"Replay:Grab Bag"},{"not_picked":["Runic Dome","Busted Crown"],"picked":"Philosopher\u0027s Stone"},{"not_picked":["Fusion Hammer","Sozu"],"picked":"SlaversCollar"},{"not_picked":["ExperimentalFamiliar","Snecko Heart"],"picked":"Calling Bell"},{"not_picked":["Replay:Bronze Core","Black Star"],"picked":"BewitchedHakkero"}],"items_purged_floors":[37],"is_endless":false,"potions_floor_spawned":[3,8,14,18,40,44,46],"ascension_level":3}}