{"host":"36mulxq349byzoa2","time":1610224534,"event":{"mods":["AchievementEnabler","BaseMod","Better Match","Block Reminder","Colored Map","Colored Powertips","Minty Spire (QoL Compilation)","Rare Cards Sparkle","StSLib","SuperFastMode"],"gold_per_floor":[111,33,33,47,47,79,89,89,89,89,89,106,106,106,106,179,179,195,195,195,195,245,272,291,291,291,291,216,226,226,259,259,333,333,347,347,125,125,150,150,161,161,161,212,212,231,277,293,293,293],"floor_reached":51,"playtime":1083,"items_purged":["Caltrops"],"score":1346,"play_id":"55445469-d119-4368-9a75-d30c74aff9ac","local_time":"20210109153534","is_ascension_mode":true,"campfire_choices":[{"data":"Blade Dance","floor":10,"key":"SMITH"},{"data":"Blade Dance","floor":13,"key":"SMITH"},{"data":"Neutralize","floor":15,"key":"SMITH"},{"floor":25,"key":"REST"},{"data":"Storm of Steel","floor":27,"key":"SMITH"},{"floor":30,"key":"REST"},{"data":"Calculated Gamble","floor":32,"key":"SMITH"},{"data":"Phantasmal Killer","floor":40,"key":"SMITH"},{"floor":42,"key":"REST"},{"floor":45,"key":"REST"},{"floor":49,"key":"REST"}],"circlet_count":0,"master_deck":["AscendersBane","Defend_G","Defend_G","Defend_G","Defend_G","Survivor","Neutralize+1","Blade Dance+1","Blade Dance+1","Accuracy+1","Storm of Steel+1","Calculated Gamble+1","Acrobatics+1","Phantasmal Killer+1","Night Terror+1","Poisoned Stab+1","Leg Sweep+1"],"relics":["Ring of the Snake","NeowsBlessing","Frozen Egg 2","Paper Crane","NlothsMask","WristBlade","Calipers","Art of War","Smiling Mask","Pantograph","Astrolabe","Pen Nib","Pocketwatch","Bird Faced Urn","Omamori"],"acts_visited":["Exordium","TheCity","TheBeyond"],"potions_floor_usage":[16,23,24,31,33,50,50],"damage_taken":[{"damage":0,"enemies":"Cultist","floor":1,"turns":1},{"damage":0,"enemies":"Small Slimes","floor":4,"turns":1},{"damage":0,"enemies":"Lagavulin","floor":6,"turns":1},{"damage":0,"enemies":"Jaw Worm","floor":7,"turns":4},{"damage":7,"enemies":"Blue Slaver","floor":12,"turns":4},{"damage":9,"enemies":"Slime Boss","floor":16,"turns":8},{"damage":0,"enemies":"Chosen","floor":18,"turns":3},{"damage":13,"enemies":"Slavers","floor":23,"turns":5},{"damage":5,"enemies":"Shell Parasite","floor":24,"turns":4},{"damage":0,"enemies":"3 Cultists","floor":29,"turns":2},{"damage":12,"enemies":"Book of Stabbing","floor":31,"turns":3},{"damage":45,"enemies":"Champ","floor":33,"turns":7},{"damage":0,"enemies":"Orb Walker","floor":35,"turns":2},{"damage":25,"enemies":"Mind Bloom Boss Battle","floor":39,"turns":5},{"damage":22,"enemies":"3 Shapes","floor":41,"turns":3},{"damage":26,"enemies":"2 Orb Walkers","floor":44,"turns":4},{"damage":15,"enemies":"Sphere and 2 Shapes","floor":46,"turns":3},{"damage":18,"enemies":"Maw","floor":48,"turns":4},{"damage":42,"enemies":"Donu and Deca","floor":50,"turns":7}],"seed_played":"2097848898575111169","potions_obtained":[{"floor":1,"key":"Fire Potion"},{"floor":12,"key":"LiquidBronze"},{"floor":18,"key":"SkillPotion"},{"floor":24,"key":"Weak Potion"},{"floor":29,"key":"SkillPotion"},{"floor":46,"key":"Dexterity Potion"},{"floor":48,"key":"BlessingOfTheForge"}],"is_trial":false,"path_per_floor":["M","$","?","M","$","E","M","?","T","R","?","M","R","T","R","B",null,"M","?","?","T","?","E","M","R","T","R","?","M","R","E","R","B",null,"M","?","$","?","?","R","M","R","T","?","R","M","T","M","R","B",null],"character_chosen":"THE_SILENT","items_purchased":["Caltrops","Pen Nib"],"campfire_rested":5,"item_purchase_floors":[2,37],"current_hp_per_floor":[59,59,52,52,52,52,52,52,52,52,52,45,45,45,45,36,59,59,59,41,41,41,28,23,44,44,44,44,44,65,53,53,26,60,60,60,60,60,42,42,20,40,40,16,36,23,23,11,31,16],"gold":293,"neow_bonus":"THREE_ENEMY_KILL","is_daily":false,"chose_seed":false,"campfire_upgraded":6,"win_rate":0.0,"timestamp":1610224534,"path_taken":["M","$","?","M","$","E","M","?","T","R","?","?","R","?","R","BOSS","M","?","?","?","?","E","?","R","T","R","?","M","R","E","R","BOSS","M","?","$","?","?","R","M","R","T","?","R","?","?","M","R","BOSS"],"items_purchased_type":["Card","Relic"],"build_version":"2020-12-22","purchased_purges":1,"victory":true,"max_hp_per_floor":[66,66,66,66,66,66,66,66,66,66,66,66,66,66,66,66,66,66,66,71,71,71,71,71,71,71,71,71,71,71,71,71,71,71,71,67,67,67,67,67,67,67,67,67,67,67,67,67,67,67],"card_choices":[{"not_picked":["Well Laid Plans","Dash"],"picked":"Blade Dance","floor":1},{"not_picked":["Dodge and Roll","Flying Knee"],"picked":"Blade Dance","floor":4},{"not_picked":["Setup","Dagger Spray"],"picked":"Accuracy+1","floor":6},{"not_picked":["Quick Slash","Distraction","Underhanded Strike"],"picked":"SKIP","floor":7},{"not_picked":["Dagger Spray","Expertise","Doppelganger"],"picked":"SKIP","floor":12},{"not_picked":["Night Terror","Glass Knife"],"picked":"Storm of Steel","floor":16},{"not_picked":["Poisoned Stab","Crippling Poison"],"picked":"Well Laid Plans+1","floor":18},{"not_picked":["Dagger Throw","Burst"],"picked":"Acrobatics+1","floor":23},{"not_picked":["Deadly Poison","Bane","Riddle With Holes"],"picked":"SKIP","floor":24},{"not_picked":["Sucker Punch","PiercingWail","Skewer"],"picked":"SKIP","floor":29},{"not_picked":["PiercingWail","Tools of the Trade+1","Blur"],"picked":"SKIP","floor":31},{"not_picked":["Unload","Venomology"],"picked":"Phantasmal Killer","floor":33},{"not_picked":["Escape Plan","Caltrops+1","PiercingWail+1"],"picked":"SKIP","floor":35},{"not_picked":["Deadly Poison","Footwork+1","Sucker Punch"],"picked":"SKIP","floor":41},{"not_picked":["All Out Attack","Deflect+1","Acrobatics"],"picked":"SKIP","floor":46},{"not_picked":["Blur+1","Dodge and Roll","Caltrops+1"],"picked":"SKIP","floor":48}],"player_experience":1023896,"relics_obtained":[{"floor":6,"key":"Frozen Egg 2"},{"floor":9,"key":"Paper Crane"},{"floor":21,"key":"Calipers"},{"floor":23,"key":"Art of War"},{"floor":26,"key":"Smiling Mask"},{"floor":31,"key":"Pantograph"},{"floor":39,"key":"Pocketwatch"},{"floor":43,"key":"Bird Faced Urn"},{"floor":47,"key":"Omamori"}],"event_choices":[{"cards_removed":["Strike_G"],"damage_healed":0,"gold_gain":0,"player_choice":"Card Removal","damage_taken":7,"max_hp_gain":0,"max_hp_loss":0,"event_name":"Golden Wing","floor":3,"gold_loss":0},{"damage_healed":0,"gold_gain":0,"player_choice":"Ignored","damage_taken":0,"max_hp_gain":0,"max_hp_loss":0,"event_name":"Liars Game","floor":8,"gold_loss":0},{"damage_healed":0,"gold_gain":0,"player_choice":"Trade","damage_taken":0,"relics_obtained":["NlothsMask"],"max_hp_gain":0,"max_hp_loss":0,"event_name":"FaceTrader","floor":11,"gold_loss":0},{"damage_healed":0,"gold_gain":0,"cards_transformed":["Strike_G","Strike_G"],"player_choice":"Became Test Subject","damage_taken":0,"max_hp_gain":0,"max_hp_loss":0,"event_name":"Drug Dealer","floor":19,"gold_loss":0,"cards_obtained":["Catalyst","Calculated Gamble"]},{"damage_healed":0,"gold_gain":0,"player_choice":"Shed Blood","damage_taken":23,"max_hp_gain":5,"max_hp_loss":0,"event_name":"Forgotten Altar","floor":20,"gold_loss":0},{"damage_healed":0,"gold_gain":100,"player_choice":"Bet on Murderer","damage_taken":0,"max_hp_gain":0,"max_hp_loss":0,"event_name":"The Joust","floor":22,"gold_loss":50},{"cards_removed":["Strike_G"],"damage_healed":0,"gold_gain":0,"player_choice":"Gave Gold","damage_taken":0,"max_hp_gain":0,"max_hp_loss":0,"event_name":"Beggar","floor":28,"gold_loss":75},{"damage_healed":0,"gold_gain":0,"player_choice":"Max HP","damage_taken":0,"max_hp_gain":0,"max_hp_loss":4,"event_name":"Winding Halls","floor":36,"gold_loss":0},{"cards_removed":["Well Laid Plans"],"damage_healed":0,"gold_gain":0,"player_choice":"Removed Power","damage_taken":0,"max_hp_gain":0,"max_hp_loss":0,"event_name":"Falling","floor":38,"gold_loss":0},{"damage_healed":0,"gold_gain":0,"player_choice":"Fight","damage_taken":0,"max_hp_gain":0,"max_hp_loss":0,"event_name":"MindBloom","floor":39,"gold_loss":0},{"damage_healed":0,"gold_gain":0,"player_choice":"Fight","damage_taken":0,"max_hp_gain":0,"max_hp_loss":0,"event_name":"Mysterious Sphere","floor":44,"gold_loss":0}],"is_beta":false,"boss_relics":[{"not_picked":["Ectoplasm","Runic Pyramid"],"picked":"WristBlade"},{"not_picked":["SacredBark","SlaversCollar"],"picked":"Astrolabe"}],"items_purged_floors":[37],"is_endless":false,"potions_floor_spawned":[1,12,18,24,29,46,48],"ascension_level":19}}