{"host":"hzinic87vu8p95wn","time":1610195438,"event":{"mods":["BaseMod","Minty Spire (QoL Compilation)"],"gold_per_floor":[114,114,131,142,154,182,182,199,199,44,44,15,30,43,43,114,114,132,182,29,29,29,29,47,47,71,84,84,84,84],"floor_reached":29,"playtime":893,"items_purged":["Strike_G"],"score":428,"play_id":"af9e43b1-4bd9-4f10-84d6-259b4126251c","local_time":"20210109233038","is_ascension_mode":true,"campfire_choices":[{"floor":7.0,"key":"REST"},{"floor":15.0,"key":"REST"},{"floor":23.0,"key":"REST"},{"data":"Accuracy","floor":25.0,"key":"SMITH"},{"floor":28.0,"key":"REST"}],"circlet_count":0,"master_deck":["AscendersBane","Strike_G","Strike_G","Strike_G","Strike_G","Defend_G","Defend_G","Defend_G","Defend_G","Defend_G","Survivor","Neutralize","Noxious Fumes+1","Blade Dance","Dagger Spray","Caltrops","Poisoned Stab","Accuracy+1","Backstab","Backflip","Deflect","Storm of Steel","Well Laid Plans","PiercingWail","Footwork"],"relics":["Ring of the Snake","NeowsBlessing","Anchor","Pantograph","Blue Candle","Black Star","Pear","MealTicket"],"acts_visited":["Exordium","TheCity"],"potions_floor_usage":[29],"damage_taken":[{"damage":0.0,"enemies":"Small Slimes","floor":1.0,"turns":1.0},{"damage":0.0,"enemies":"Cultist","floor":3.0,"turns":1.0},{"damage":0.0,"enemies":"2 Louse","floor":4.0,"turns":1.0},{"damage":1.0,"enemies":"Exordium Wildlife","floor":5.0,"turns":4.0},{"damage":32.0,"enemies":"3 Sentries","floor":6.0,"turns":8.0},{"damage":35.0,"enemies":"Exordium Thugs","floor":8.0,"turns":5.0},{"damage":4.0,"enemies":"Red Slaver","floor":13.0,"turns":4.0},{"damage":2.0,"enemies":"Looter","floor":14.0,"turns":3.0},{"damage":14.0,"enemies":"The Guardian","floor":16.0,"turns":10.0},{"damage":40.0,"enemies":"Spheric Guardian","floor":18.0,"turns":6.0},{"damage":24.0,"enemies":"Chosen","floor":24.0,"turns":3.0},{"damage":32.0,"enemies":"Centurion and Healer","floor":27.0,"turns":6.0},{"damage":32,"enemies":"Book of Stabbing","floor":29,"turns":4}],"seed_played":"-156152081605469709","potions_obtained":[{"floor":1.0,"key":"SneckoOil"},{"floor":13.0,"key":"EntropicBrew"},{"floor":16.0,"key":"LiquidMemories"},{"floor":27.0,"key":"SkillPotion"}],"is_trial":false,"path_per_floor":["M","?","M","M","M","E","R","M","T","$","?","$","M","M","R","B",null,"M","?","$","T","?","R","M","R","T","M","R","E"],"character_chosen":"THE_SILENT","items_purchased":["Accuracy","Backstab","Backflip","Well Laid Plans"],"campfire_rested":4,"item_purchase_floors":[10,10,12,20],"current_hp_per_floor":[59,59,59,59,58,26,45,10,10,10,10,10,6,4,23,34,58,18,18,18,28,43,65,41,41,41,9,31,0,0],"gold":84,"neow_bonus":"THREE_ENEMY_KILL","is_daily":false,"chose_seed":false,"campfire_upgraded":1,"win_rate":0.0,"timestamp":1610195438,"path_taken":["M","?","M","?","?","E","R","M","T","$","?","?","?","M","R","BOSS","M","?","$","?","?","R","M","R","T","M","R","E"],"items_purchased_type":["Card","Card","Card","Card"],"build_version":"2020-12-22","purchased_purges":1,"victory":false,"max_hp_per_floor":[66,66,66,66,66,66,66,66,66,66,66,66,66,66,66,66,66,66,66,66,76,76,76,76,76,76,76,76,76,76],"card_choices":[{"not_picked":["Blade Dance","Outmaneuver"],"picked":"Noxious Fumes","floor":1.0},{"not_picked":["Tactician","Masterful Stab"],"picked":"Blade Dance","floor":3.0},{"not_picked":["Acrobatics","Sucker Punch"],"picked":"Dagger Spray","floor":4.0},{"not_picked":["Underhanded Strike","Sucker Punch","Acrobatics"],"picked":"SKIP","floor":5.0},{"not_picked":["Catalyst","Heel Hook"],"picked":"Caltrops","floor":6.0},{"not_picked":["Underhanded Strike","Quick Slash"],"picked":"Poisoned Stab","floor":8.0},{"not_picked":["Backflip","Choke","Finisher"],"picked":"SKIP","floor":13.0},{"not_picked":["Dodge and Roll","Skewer"],"picked":"Deflect","floor":14.0},{"not_picked":["Corpse Explosion","Grand Finale"],"picked":"Storm of Steel","floor":16.0},{"not_picked":["Slice","Predator","Dagger Throw"],"picked":"SKIP","floor":18.0},{"not_picked":["Deadly Poison","Underhanded Strike"],"picked":"PiercingWail","floor":24.0},{"not_picked":["Prepared+1","Escape Plan"],"picked":"Footwork","floor":27.0}],"player_experience":1556629,"relics_obtained":[{"floor":6.0,"key":"Pantograph"},{"floor":9.0,"key":"Blue Candle"},{"floor":21.0,"key":"Pear"},{"floor":26.0,"key":"MealTicket"}],"event_choices":[{"damage_healed":0.0,"max_hp_gain":0.0,"max_hp_loss":0.0,"gold_gain":0.0,"event_name":"WeMeetAgain","player_choice":"Gave Potion","floor":2.0,"gold_loss":0.0,"damage_taken":0.0,"relics_obtained":["Anchor"]},{"damage_healed":0.0,"max_hp_gain":0.0,"max_hp_loss":0.0,"gold_gain":0.0,"event_name":"Living Wall","player_choice":"Grow","floor":11.0,"gold_loss":0.0,"damage_taken":0.0,"cards_upgraded":["Noxious Fumes"]},{"damage_healed":0.0,"max_hp_gain":0.0,"max_hp_loss":0.0,"gold_gain":50.0,"event_name":"Golden Shrine","player_choice":"Pray","floor":19.0,"gold_loss":0.0,"damage_taken":0.0},{"damage_healed":15.0,"max_hp_gain":0.0,"max_hp_loss":0.0,"gold_gain":0.0,"event_name":"The Library","player_choice":"Heal","floor":22.0,"gold_loss":0.0,"damage_taken":0.0}],"is_beta":false,"boss_relics":[{"not_picked":["Philosopher\u0027s Stone","SacredBark"],"picked":"Black Star"}],"items_purged_floors":[20],"is_endless":false,"potions_floor_spawned":[1,13,16,27],"killed_by":"Book of Stabbing","ascension_level":18}}