{"host":"z9x5nldzhmx4jdfi","time":1610218334,"event":{"mods":["2.2 Compatiblity","BaseMod","Better Altar","Better Match","Better Note","Better Sensory Stone","Better Skull","Better Third Choice","BetterRewards","Block Reminder","Card Filter","Colored Powertips","Infinite Spire","Minty Spire (QoL Compilation)","Relic Filter","StSLib","Td1madao Mod","The Animator","The Servant 0.9.4","Wandering Minibosses"],"gold_per_floor":[125,125,125,125,137,137,171,202,202,535,535,535,198,208,208,306,306,316,327,624,85,85,113,125,156,156,156,202,220,250,269,269,374,374,392,392,416,467,743,768,785,785,785,810,823,823,823,841,841,841,841,841,654,704,759,837,837,69,144,224,224,224,327,400,75,75,190,190,190,190],"floor_reached":69,"playtime":6579,"items_purged":["animator:Strike","animator:Strike","animator:Strike","Pain","animator:Defend"],"score":2095,"play_id":"c4d1d29f-e40d-4077-9a7c-d3fcf23f357f","local_time":"20210109125214","is_ascension_mode":true,"campfire_choices":[{"floor":6.0,"key":"REST"},{"floor":12,"key":"REST"},{"data":"animator:Evileye","floor":15,"key":"SMITH"},{"data":"animator:MisaKurobane","floor":27,"key":"SMITH"},{"data":"animator:MisaKurobane","floor":32,"key":"SMITH"},{"floor":42,"key":"RECALL"},{"data":"animator:Arpeggio","floor":47,"key":"SMITH"},{"data":"animator:Demiurge","floor":49,"key":"SMITH"},{"data":"animator:Biyorigo","floor":52,"key":"SMITH"},{"data":"animator:MisaKurobane","floor":62,"key":"SMITH"},{"floor":66,"key":"REST"},{"data":"animator:Elesis","floor":68,"key":"SMITH"}],"circlet_count":0,"master_deck":["AscendersBane","animator:Strike_Overlord+1","animator:Defend+1","animator:Defend+1","animator:Cocytus+1","animator:Demiurge+1","animator:LeleiLaLalena+1","animator:Lu+1","animator:Aisha+1","animator:MisaKurobane+1","animator:Sebas+1","animator:MisaKurobane+1","animator:Arpeggio+1","animator:Aisha+1","animator:Laby+1","animator:Evileye+1","animator:Lu+1","animator:Elesis+1","animator:PandorasActor+1","animator:PandorasActor+1","animator:Laby+1","animator:Aisha+1","animator:Entoma+12","animator:Shiro+1","animator:PandorasActor+1","animator:Jibril+1","animator:Biyorigo+1","animator:Sebas+1","animator:Eve+1","animator:Ain+1","animator:Ciel+1","Seeing Red+1","animator:ChlammyZell+1","animator:Elesis+2"],"relics":["animator:TheEruzaStone","animator:AncientMedallion"],"acts_visited":["TheCity","TheBeyond","TheEnding","EYB:TheUnnamedReign"],"potions_floor_usage":[10,11,16,59,59,63,69,69],"damage_taken":[{"damage":9.0,"enemies":"Small Slimes","floor":1.0,"turns":3.0},{"damage":2.0,"enemies":"2 Louse","floor":5.0,"turns":2.0},{"damage":22.0,"enemies":"Gremlin Nob","floor":7.0,"turns":4.0},{"damage":2.0,"enemies":"infinitespire:Voidling","floor":8.0,"turns":2.0},{"damage":2,"enemies":"3 Sentries","floor":10,"turns":5},{"damage":0,"enemies":"Exordium Wildlife","floor":11,"turns":1},{"damage":0,"enemies":"3 Louse","floor":14,"turns":3},{"damage":0,"enemies":"The Guardian","floor":16,"turns":6},{"damage":3,"enemies":"3 Byrds","floor":18,"turns":3},{"damage":0,"enemies":"Shell Parasite","floor":19,"turns":3},{"damage":0,"enemies":"Snecko","floor":20,"turns":8},{"damage":0,"enemies":"animator:HornedBat","floor":23,"turns":4},{"damage":0,"enemies":"Snake Plant","floor":24,"turns":3},{"damage":0,"enemies":"Slavers","floor":25,"turns":4},{"damage":0,"enemies":"animator:HornedBat","floor":28,"turns":6},{"damage":0,"enemies":"Cultist and Chosen","floor":29,"turns":4},{"damage":15,"enemies":"Nightmare","floor":30,"turns":6},{"damage":0,"enemies":"Sentry and Sphere","floor":31,"turns":3},{"damage":3,"enemies":"Champ","floor":33,"turns":7},{"damage":0,"enemies":"3 Darklings","floor":35,"turns":3},{"damage":0,"enemies":"Orb Walker","floor":37,"turns":1},{"damage":0,"enemies":"2 Orb Walkers","floor":38,"turns":3},{"damage":2,"enemies":"infinitespire:Three Voidlings","floor":39,"turns":4},{"damage":0,"enemies":"Nightmare_Alpha","floor":39,"turns":6},{"damage":0,"enemies":"Reptomancer","floor":40,"turns":4},{"damage":0,"enemies":"Maw","floor":41,"turns":5},{"damage":0,"enemies":"Nemesis","floor":44,"turns":5},{"damage":0,"enemies":"Sphere and 2 Shapes","floor":45,"turns":2},{"damage":0,"enemies":"Spire Growth","floor":48,"turns":3},{"damage":0,"enemies":"infinitespire:MassOfShapes","floor":50,"turns":6},{"damage":43,"enemies":"animator:TRIPLE_SHAPES_WEAK","floor":54,"turns":5},{"damage":6,"enemies":"animator:UNNAMED_CULTIST_1","floor":55,"turns":6},{"damage":42,"enemies":"animator:LARGE_WISP","floor":59,"turns":6},{"damage":26,"enemies":"animator:UNNAMED_CULTIST_2","floor":60,"turns":11},{"damage":37,"enemies":"animator:ULTIMATE_WISP","floor":63,"turns":7},{"damage":27,"enemies":"animator:ULTIMATE_CUBE","floor":67,"turns":9},{"damage":98,"enemies":"animator:TheUnnamed","floor":69,"turns":10}],"seed_played":"1722640594135986825","potions_obtained":[{"floor":1.0,"key":"Dexterity Potion"},{"floor":5.0,"key":"Explosive Potion"},{"floor":8.0,"key":"SmokeBomb"},{"floor":14,"key":"BlessingOfTheForge"},{"floor":54,"key":"animator:FalseLifePotion"},{"floor":55,"key":"animator:FalseLifePotion"},{"floor":59,"key":"animator:FalseLifePotion"},{"floor":60,"key":"animator:FalseLifePotion"},{"floor":63,"key":"animator:FalseLifePotion"},{"floor":67,"key":"animator:FalseLifePotion"}],"is_trial":false,"path_per_floor":["M","?","?","?","M","R","E","M","T","E","M","R","$","M","R","B",null,"M","M","M","$","?","E","M","E","T","R","E","M","NM","M","R","B",null,"M","?","M","?","?","E","M","R","T","E","M","?","R","M","R","B",null,"R","??","M","M","T","?","$","M","M","?","R","E","T","?","R","E","R","B"],"character_chosen":"THE_ANIMATOR","items_purchased":["infinitespire:Joker Card","animator:LeleiLaLalena","animator:Lu","animator:Aisha","Happy Flower","animator:MisaKurobane","animator:Sebas","animator:MisaKurobane","animator:Arpeggio","Mummified Hand","animator:Aisha","animator:Elesis","animator:PandorasActor","HornCleat","animator:Laby","animator:Aisha","animator:AncientMedallion","animator:AncientMedallion","animator:AncientMedallion"],"campfire_rested":3,"item_purchase_floors":[0,0,0,0,0,0,0,0,0,0,0,13,13,21,21,21,58,58,58],"current_hp_per_floor":[8,8,8,8,6,25,3,3,3,1,1,20,20,20,20,20,55,52,52,52,52,52,54,54,56,56,56,56,56,41,43,43,41,65,67,49,51,51,59,61,61,61,61,61,63,63,63,63,63,65,79,79,98,55,53,53,53,53,31,93,98,98,61,61,61,90,71,71,0,0],"gold":190,"neow_bonus":"","is_daily":false,"chose_seed":false,"campfire_upgraded":8,"win_rate":0.0,"timestamp":1610218334,"path_taken":["M","?","?","?","M","R","E","M","T","E","M","R","$","M","R","BOSS","M","M","?","$","?","E","M","E","T","R","E","M","NM","M","R","BOSS","M","?","M","?","?","E","M","R","T","E","M","?","R","M","R","BOSS","R","??","M","M","T","?","$","M","M","?","R","E","T","?","R","E","R","BOSS"],"items_purchased_type":["Relic","Card","Card","Card","Relic","Card","Card","Card","Card","Relic","Card","Card","Card","Relic","Card","Card","Relic","Relic","Relic"],"build_version":"2020-12-22","purchased_purges":5,"victory":false,"max_hp_per_floor":[66,66,66,66,66,66,66,66,66,66,66,66,66,66,66,66,66,66,66,66,66,66,68,68,70,70,70,70,70,70,72,72,73,73,75,75,77,77,78,80,80,80,80,80,82,82,82,82,82,84,84,84,98,98,98,98,98,98,98,98,98,98,98,98,98,98,98,98,98,98],"card_choices":[{"not_picked":["animator:Ara","animator:Aqua"],"picked":"animator:Laby","floor":1.0},{"not_picked":["animator:Chung","animator:Mitsurugi","animator:Souei"],"picked":"SKIP","floor":5.0},{"not_picked":["animator:Vanir","animator:Shizu","animator:Shuna"],"picked":"SKIP","floor":7.0},{"not_picked":["animator:Demiurge","animator:NarberalGamma"],"picked":"animator:Evileye","floor":8.0},{"not_picked":["animator:Togame","animator:GazelDwargon"],"picked":"animator:Lu","floor":10},{"not_picked":["animator:Aisha","animator:YunYun","animator:DolaStephanie"],"picked":"SKIP","floor":14},{"not_picked":["animator:Demiurge","animator:Shalltear"],"picked":"animator:PandorasActor","floor":18},{"not_picked":["animator:DolaCouronne+1","animator:Konayuki","animator:Azekura"],"picked":"SKIP","floor":19},{"not_picked":["animator:Mitsurugi","animator:UneriGinkaku","animator:Ara+1"],"picked":"SKIP","floor":20},{"not_picked":["animator:TsurugaMeisai+1","animator:Demiurge+1"],"picked":"animator:Shiro","floor":23},{"not_picked":["animator:Cocytus","animator:Evileye+1"],"picked":"animator:PandorasActor+1","floor":24},{"not_picked":["animator:Shion","animator:Togame+1"],"picked":"animator:Jibril+1","floor":25},{"not_picked":["animator:Azekura+1","animator:Togame+1"],"picked":"animator:Biyorigo","floor":28},{"not_picked":["animator:ZankiKiguchi","animator:Tet+1","animator:TukaLunaMarceau+1"],"picked":"SKIP","floor":29},{"not_picked":["animator:Cocytus","animator:PandorasActor+1"],"picked":"animator:Sebas+1","floor":30},{"not_picked":["animator:Chris","animator:Kuribayashi","animator:Demiurge+1"],"picked":"SKIP","floor":31},{"not_picked":["animator:ItamiYouji","animator:Albedo"],"picked":"animator:Eve+1","floor":33},{"not_picked":["animator:Shion","animator:YaoHaDucy","animator:Vanir+1"],"picked":"SKIP","floor":35},{"not_picked":["animator:Hitei+1","animator:GazelDwargon+1"],"picked":"animator:Ain+1","floor":37},{"not_picked":["animator:Raven","animator:Ain"],"picked":"animator:Ciel+1","floor":39},{"not_picked":["infinitespire:Starlight","infinitespire:SevenWalls"],"picked":"infinitespire:FutureSight","floor":39},{"not_picked":["animator:Chung+1","animator:Souei+1","animator:Mitsurugi+1"],"picked":"SKIP","floor":40},{"not_picked":["animator:Nanami+1","animator:Azekura+1","animator:FielNirvalen+1"],"picked":"SKIP","floor":41},{"not_picked":["animator:YaoHaDucy","animator:ItamiYouji","animator:Darkness+1"],"picked":"SKIP","floor":44},{"not_picked":["animator:Laby+1","animator:Vanir"],"picked":"animator:ChlammyZell+1","floor":48},{"not_picked":["animator:DolaSchwi","animator:PandorasActor","animator:Verdia+1"],"picked":"SKIP","floor":54},{"not_picked":["animator:ZankiKiguchi","animator:Mitsurugi","animator:DolaRiku+1"],"picked":"SKIP","floor":55},{"not_picked":["animator:Raven","animator:Tyuule","animator:Ciel"],"picked":"SKIP","floor":59},{"not_picked":["animator:Ara","animator:RoryMercury+1","animator:ZankiKiguchi"],"picked":"SKIP","floor":60},{"not_picked":["animator:ChlammyZell","animator:Shuna","animator:Evileye+1"],"picked":"SKIP","floor":63},{"not_picked":["animator:Wiz","animator:DolaRiku+1"],"picked":"animator:Elesis","floor":67}],"player_experience":1496379,"relics_obtained":[{"floor":3.0,"key":"Art of War"},{"floor":7.0,"key":"CaptainsWheel"},{"floor":9.0,"key":"Bag of Marbles"},{"floor":10,"key":"Old Coin"},{"floor":23,"key":"Toxic Egg 2"},{"floor":25,"key":"infinitespire:Satchel"},{"floor":28,"key":"Nunchaku"},{"floor":30,"key":"Frozen Egg 2"},{"floor":38,"key":"Girya"},{"floor":39,"key":"Turnip"},{"floor":39,"key":"wanderingMiniBosses:LockLocket"},{"floor":40,"key":"Bronze Scales"},{"floor":43,"key":"infinitespire:FocusingShard"},{"floor":44,"key":"Smiling Mask"},{"floor":53,"key":"animator:TheEruzaStone"},{"floor":53,"key":"animator:AncientMedallion"},{"floor":56,"key":"animator:AncientMedallion"},{"floor":63,"key":"animator:AncientMedallion"},{"floor":64,"key":"animator:AncientMedallion"},{"floor":65,"key":"animator:AncientMedallion"},{"floor":65,"key":"animator:AncientMedallion"},{"floor":67,"key":"animator:AncientMedallion"}],"event_choices":[{"damage_healed":0.0,"max_hp_gain":0.0,"max_hp_loss":0.0,"gold_gain":0.0,"event_name":"betterThird:BetterSerpent","player_choice":"Ignored","floor":2.0,"gold_loss":0.0,"damage_taken":125.0},{"damage_healed":0.0,"max_hp_gain":0.0,"max_hp_loss":0.0,"gold_gain":0.0,"event_name":"Accursed Blacksmith","player_choice":"Rummage","floor":4.0,"gold_loss":0.0,"damage_taken":0.0,"relics_obtained":["WarpedTongs"],"cards_obtained":["Pain"]},{"cards_removed":["animator:Elesis"],"damage_healed":0,"gold_gain":0,"player_choice":"Take \u0026 Give","damage_taken":0,"max_hp_gain":0,"max_hp_loss":0,"event_name":"betterNote:BetterNote","floor":22,"gold_loss":0,"cards_obtained":["animator:Entoma"]},{"damage_healed":0,"gold_gain":0,"player_choice":"Fight","damage_taken":0,"max_hp_gain":0,"max_hp_loss":0,"event_name":"Mysterious Sphere","floor":38,"gold_loss":0},{"cards_removed":["animator:Defend_Overlord"],"damage_healed":0,"gold_gain":0,"player_choice":"Removed Skill","damage_taken":0,"max_hp_gain":0,"max_hp_loss":0,"event_name":"Falling","floor":46,"gold_loss":0}],"is_beta":false,"boss_relics":[{"not_picked":["SacredBark","Cursed Key"],"picked":"Sozu"},{"not_picked":["Coffee Dripper","animator:CursedBlade"],"picked":"animator:VividPicture"}],"items_purged_floors":[0,0,0,13,21],"is_endless":false,"potions_floor_spawned":[1,5,8,14,20,23,29,30,31,33,37,39,44,45,59,67],"killed_by":"animator:TheUnnamed","ascension_level":10}}