{"host":"6zkg1nbuv5vlksgu","time":1610214778,"event":{"mods":["Aspiration","BaseMod","Colored Map","Conspire","DeckTracker","Highlight Path","Hubris","Infinite Spire","Minty Spire (QoL Compilation)","Quick Restart","Relic Sorter","Replay The Spire","StSLib","The Jungle","The Valiant"],"gold_per_floor":[117,132,147,147,72,107,107,107,107],"floor_reached":8,"playtime":633,"items_purged":["Eruption"],"score":56,"play_id":"a94ab527-b783-4a71-9492-aef882382a95","local_time":"20210109125258","is_ascension_mode":false,"campfire_choices":[{"data":"CutThroughFate","floor":7,"key":"SMITH"}],"circlet_count":0,"master_deck":["Strike_P","Strike_P","Strike_P","Strike_P","Defend_P","Defend_P","Defend_P","Defend_P","Vigilance","Replay:Anticipation","Evaluate","CutThroughFate+1","Establishment"],"relics":["PureWater","NeowsBlessing","MealTicket"],"acts_visited":["Exordium"],"potions_floor_usage":[6,6],"damage_taken":[{"damage":0,"enemies":"2 Louse","floor":1,"turns":2},{"damage":0,"enemies":"Jaw Worm","floor":2,"turns":1},{"damage":0,"enemies":"Small Slimes","floor":3,"turns":4},{"damage":18,"enemies":"Lagavulin","floor":6,"turns":10},{"damage":67,"enemies":"Gremlin Nob","floor":8,"turns":5}],"seed_played":"-1403841412049189617","potions_obtained":[{"floor":2,"key":"Fruit Juice"},{"floor":3,"key":"ColorlessPotion"}],"is_trial":false,"path_per_floor":["M","M","M","?","$","E","R","E"],"character_chosen":"WATCHER","items_purchased":[],"campfire_rested":0,"item_purchase_floors":[],"current_hp_per_floor":[72,72,72,72,72,59,59,0,0],"gold":107,"neow_bonus":"THREE_ENEMY_KILL","is_daily":false,"chose_seed":false,"campfire_upgraded":1,"win_rate":0.0,"timestamp":1610214778,"path_taken":["M","M","M","?","$","E","R","E"],"items_purchased_type":[],"build_version":"2020-12-22","purchased_purges":1,"victory":false,"max_hp_per_floor":[72,72,72,72,72,77,77,77,77],"card_choices":[{"not_picked":["LikeWater","WheelKick"],"picked":"Replay:Anticipation","floor":1},{"not_picked":["LikeWater","Crescendo"],"picked":"Evaluate","floor":2},{"not_picked":["SignatureMove","Replay:BluntJabs"],"picked":"CutThroughFate","floor":3},{"not_picked":["Fasting2","ThirdEye"],"picked":"Establishment","floor":6}],"player_experience":55770,"relics_obtained":[{"floor":6,"key":"MealTicket"}],"event_choices":[{"damage_healed":0,"gold_gain":0,"player_choice":"Leave","damage_taken":0,"max_hp_gain":0,"max_hp_loss":0,"event_name":"The Cleric","floor":4,"gold_loss":0}],"is_beta":false,"boss_relics":[],"items_purged_floors":[5],"is_endless":false,"potions_floor_spawned":[2,3],"killed_by":"Gremlin Nob","ascension_level":0}}