{"host":"1ji5b8jeyk5v3v7b","time":1610151452,"event":{"mods":["AchievementEnabler","BaseMod","BetterRewards","Colored Map","Colored Powertips","Downfall","Energized Spire","Hermit","Jorbs\u0027s Wanderer Trilogy","KinomotoSakuraMod(ñÿîVñ{?)","MarisaÅiñ∂âJÅ@ñÇóùçπÅj","Minty Spire (QoL Compilation)","Rare Cards Sparkle","StSLib","The Alterego","The Construct","The Cursed","The Hierophant","The Necromancer","The Runesmith"],"gold_per_floor":[114,129,145,164,164,164,181,181,236,131,131,151,151,201,201,297,297,312,312,312,347,112,112,112,123,147,162,162,3,3,22,22,22,22],"floor_reached":33,"playtime":1776,"items_purged":[],"score":258,"play_id":"24a89493-37b6-459b-bfc8-c868faf0cfad","local_time":"20210109011732","is_ascension_mode":false,"campfire_choices":[{"data":"Zap","floor":6,"key":"SMITH"},{"data":"Redo","floor":8,"key":"SMITH"},{"floor":11,"key":"REST"},{"data":"Fusion","floor":15,"key":"SMITH"},{"floor":23,"key":"REST"},{"floor":30,"key":"REST"},{"data":"Storm","floor":32,"key":"SMITH"}],"circlet_count":0,"master_deck":["Strike_B","Strike_B","Strike_B+1","Strike_B+1","Defend_B","Defend_B","Defend_B","Defend_B","Zap+1","Dualcast","Conserve Battery","Cold Snap","Chill","Doom and Gloom","Redo+1","Melter","Double Energy","Fusion","FTL","Ball Lightning","Fusion+1","Stack","Sweeping Beam","Machine Learning","Sweeping Beam","Barrage","Cold Snap","Storm+1","Darkness","BootSequence","Ball Lightning+1","Genetic Algorithm+1","Rip and Tear","Loop","Sweeping Beam","Streamline","Barrage+1"],"relics":["Cracked Core","Whetstone","Odd Mushroom","Velvet Choker","Red Mask","Dream Catcher","Lantern","Eternal Feather"],"acts_visited":["Exordium","TheCity"],"potions_floor_usage":[16,33,33,33],"damage_taken":[{"damage":1,"enemies":"Cultist","floor":1,"turns":3},{"damage":3,"enemies":"2 Louse","floor":2,"turns":2},{"damage":0,"enemies":"Jaw Worm","floor":3,"turns":3},{"damage":18,"enemies":"Large Slime","floor":4,"turns":8},{"damage":2,"enemies":"2 Fungi Beasts","floor":7,"turns":3},{"damage":7,"enemies":"The Mushroom Lair","floor":12,"turns":3},{"damage":39,"enemies":"Hexaghost","floor":16,"turns":9},{"damage":4,"enemies":"Chosen","floor":18,"turns":4},{"damage":22,"enemies":"Masked Bandits","floor":21,"turns":5},{"damage":9,"enemies":"3 Byrds","floor":25,"turns":4},{"damage":18,"enemies":"3 Cultists","floor":27,"turns":5},{"damage":19,"enemies":"Snecko","floor":31,"turns":4},{"damage":87,"enemies":"Automaton","floor":33,"turns":8}],"seed_played":"3213146345114894884","potions_obtained":[{"floor":7,"key":"DuplicationPotion"},{"floor":12,"key":"Strength Potion"},{"floor":18,"key":"SteroidPotion"},{"floor":21,"key":"Strength Potion"},{"floor":31,"key":"Block Potion"}],"is_trial":false,"path_per_floor":["M","M","M","M","?","R","M","R","T","$","R","?","?","?","R","B",null,"M","?","?","?","$","R","?","M","T","M","T","$","R","M","R","B"],"character_chosen":"DEFECT","items_purchased":["Melter","Double Energy","Cold Snap","Storm","Dream Catcher","Rip and Tear","Loop","Sweeping Beam"],"campfire_rested":3,"item_purchase_floors":[10,10,22,22,22,29,29,29],"current_hp_per_floor":[81,78,78,60,60,60,58,58,58,58,82,75,75,75,75,36,82,78,62,62,40,40,66,66,57,57,39,39,39,86,67,87,0,0],"gold":22,"neow_bonus":"TEN_PERCENT_HP_BONUS","is_daily":false,"chose_seed":false,"campfire_upgraded":4,"win_rate":0.0,"timestamp":1610151452,"path_taken":["M","M","?","M","?","R","M","R","T","$","R","?","?","?","R","BOSS","M","?","?","?","?","R","?","M","T","M","?","?","R","?","R","BOSS"],"items_purchased_type":["Card","Card","Card","Card","Relic","Card","Card","Card"],"build_version":"2020-12-22","purchased_purges":0,"victory":false,"max_hp_per_floor":[82,82,82,82,82,82,82,82,82,82,82,82,82,82,82,82,82,82,87,87,87,87,87,87,87,87,87,87,87,87,87,87,87,87],"card_choices":[{"not_picked":["Stack","Steam"],"picked":"Conserve Battery","floor":1},{"not_picked":["Skim","Double Energy"],"picked":"Cold Snap","floor":2},{"not_picked":["Loop","Scrape"],"picked":"Chill","floor":3},{"not_picked":["Barrage","Chill"],"picked":"Doom and Gloom","floor":4},{"not_picked":["Blizzard","Leap"],"picked":"Redo","floor":7},{"not_picked":["Streamline","Compile Driver"],"picked":"Fusion","floor":12},{"not_picked":["Fission","Seek"],"picked":"Machine Learning","floor":16},{"not_picked":["Leap","Scrape"],"picked":"Sweeping Beam","floor":18},{"not_picked":["Conserve Battery","Beam Cell"],"picked":"Barrage","floor":21},{"not_picked":["Auto Shields","Redo"],"picked":"Darkness","floor":23},{"not_picked":["Coolheaded","Hello World"],"picked":"Ball Lightning+1","floor":25},{"not_picked":["Gash","Machine Learning"],"picked":"Genetic Algorithm+1","floor":27},{"not_picked":["Genetic Algorithm+1","Rip and Tear"],"picked":"Streamline","floor":30},{"not_picked":["Cold Snap","Steam Power"],"picked":"Barrage+1","floor":31}],"player_experience":4279,"relics_obtained":[{"floor":9,"key":"Whetstone"},{"floor":12,"key":"Odd Mushroom"},{"floor":21,"key":"Red Mask"},{"floor":26,"key":"Lantern"},{"floor":28,"key":"Eternal Feather"}],"event_choices":[{"damage_healed":0,"gold_gain":0,"player_choice":"Leave","damage_taken":0,"max_hp_gain":0,"max_hp_loss":0,"event_name":"The Cleric","floor":5,"gold_loss":0},{"damage_healed":0,"gold_gain":0,"player_choice":"Fought Mushrooms","damage_taken":0,"max_hp_gain":0,"max_hp_loss":0,"event_name":"Mushrooms","floor":12,"gold_loss":0},{"damage_healed":0,"gold_gain":50,"player_choice":"Gained Gold","damage_taken":0,"max_hp_gain":0,"max_hp_loss":0,"event_name":"Golden Wing","floor":14,"gold_loss":0},{"damage_healed":0,"gold_gain":0,"player_choice":"Shed Blood","damage_taken":21,"max_hp_gain":5,"max_hp_loss":0,"event_name":"Forgotten Altar","floor":19,"gold_loss":0},{"damage_healed":0,"gold_gain":0,"player_choice":"Ignored","damage_taken":0,"max_hp_gain":0,"max_hp_loss":0,"event_name":"Ghosts","floor":20,"gold_loss":0},{"damage_healed":0,"gold_gain":0,"player_choice":"Fought Bandits","damage_taken":0,"max_hp_gain":0,"max_hp_loss":0,"event_name":"Masked Bandits","floor":21,"gold_loss":0},{"damage_healed":0,"gold_gain":0,"player_choice":"Read","damage_taken":0,"max_hp_gain":0,"max_hp_loss":0,"event_name":"The Library","floor":24,"gold_loss":0,"cards_obtained":["BootSequence"]}],"is_beta":false,"boss_relics":[{"not_picked":["Runic Dome","energizedSpire:MagnifyingGlass"],"picked":"Velvet Choker"}],"items_purged_floors":[],"is_endless":false,"potions_floor_spawned":[7,12,18,21,31],"killed_by":"Automaton","ascension_level":0}}