{"host":"6pgtslebjnyv5xmi","time":1610205617,"event":{"mods":["AchievementEnabler","BaseMod","Colored Map","Minty Spire (QoL Compilation)","Rare Cards Sparkle","StSLib","SuperFastMode","The Hierophant","everything is the same but u backflip on backflip"],"gold_per_floor":[116,132,132,64,64,64,64,64,64,79,96,96,115,85,85,85,85],"floor_reached":16,"playtime":722,"items_purged":[],"score":175,"play_id":"79359b88-5c00-44bf-baeb-666567313dbd","local_time":"20210110002017","is_ascension_mode":true,"campfire_choices":[{"data":"Corruption","floor":6,"key":"SMITH"},{"data":"Feel No Pain","floor":8,"key":"SMITH"},{"data":"Reaper","floor":15,"key":"SMITH"}],"circlet_count":0,"master_deck":["AscendersBane","Strike_R","Strike_R","Strike_R","Strike_R","Defend_R","Defend_R","Defend_R","Defend_R","Bash","Corruption+1","Flame Barrier","Feel No Pain+1","Sentinel","Reaper+1"],"relics":["Burning Blood","CultistMask","Kunai"],"acts_visited":["Exordium"],"potions_floor_usage":[12,16],"damage_taken":[{"damage":4,"enemies":"2 Louse","floor":1,"turns":4},{"damage":6,"enemies":"Cultist","floor":2,"turns":4},{"damage":6,"enemies":"Small Slimes","floor":10,"turns":5},{"damage":30,"enemies":"Gremlin Gang","floor":11,"turns":7},{"damage":0,"enemies":"Gremlin Nob","floor":12,"turns":2},{"damage":13,"enemies":"Lots of Slimes","floor":13,"turns":8},{"damage":2,"enemies":"Looter","floor":14,"turns":4},{"damage":86,"enemies":"Slime Boss","floor":16,"turns":21}],"seed_played":"2364635447106947219","potions_obtained":[{"floor":11,"key":"SmokeBomb"},{"floor":13,"key":"SteroidPotion"}],"is_trial":false,"path_per_floor":["M","M","?","$","?","R","?","R","T","M","M","E","M","M","R","B"],"character_chosen":"IRONCLAD","items_purchased":["Feel No Pain"],"campfire_rested":0,"item_purchase_floors":[4],"current_hp_per_floor":[70,70,70,70,75,75,75,75,75,75,51,57,50,60,60,0,0],"gold":85,"neow_bonus":"ONE_RANDOM_RARE_CARD","is_daily":false,"chose_seed":false,"campfire_upgraded":3,"win_rate":0.0,"timestamp":1610205617,"path_taken":["M","M","?","?","?","R","?","R","T","M","M","E","?","M","R","BOSS"],"items_purchased_type":["Card"],"build_version":"2020-12-22","purchased_purges":0,"victory":false,"max_hp_per_floor":[75,75,75,75,80,80,80,80,80,80,80,80,80,80,80,80,80],"card_choices":[{"not_picked":["Clothesline","Power Through","Thunderclap"],"picked":"SKIP","floor":1},{"not_picked":["Anger","Clothesline"],"picked":"Flame Barrier","floor":2},{"not_picked":["True Grit","Clothesline"],"picked":"Sentinel","floor":10},{"not_picked":["Clash","Sever Soul","Warcry"],"picked":"SKIP","floor":11},{"not_picked":["Sword Boomerang","True Grit"],"picked":"Reaper","floor":13},{"not_picked":["Intimidate","Perfected Strike","True Grit"],"picked":"SKIP","floor":14}],"player_experience":929776,"relics_obtained":[{"floor":9,"key":"Kunai"}],"event_choices":[{"damage_healed":0,"gold_gain":0,"player_choice":"Trade","damage_taken":0,"relics_obtained":["CultistMask"],"max_hp_gain":0,"max_hp_loss":0,"event_name":"FaceTrader","floor":3,"gold_loss":0},{"damage_healed":0,"gold_gain":0,"player_choice":"Donut","damage_taken":0,"max_hp_gain":5,"max_hp_loss":0,"event_name":"Big Fish","floor":5,"gold_loss":0},{"cards_removed":["Strike_R"],"damage_healed":0,"gold_gain":0,"player_choice":"Offered Basic","damage_taken":0,"max_hp_gain":0,"max_hp_loss":0,"event_name":"Bonfire Elementals","floor":7,"gold_loss":0}],"is_beta":false,"boss_relics":[],"items_purged_floors":[],"is_endless":false,"potions_floor_spawned":[11,12,13],"killed_by":"Slime Boss","ascension_level":15}}