{"host":"k6u7q08ihsmpx7o5","time":1610188784,"event":{"mods":["BaseMod","Bestiary","Filter the Spire","Minty Spire (QoL Compilation)","Permanent Neow","Relic Stats","StSLib"],"gold_per_floor":[117,117,127,140,153,180,180,180,180,198,198,215,215,248,248,248,248],"floor_reached":16,"playtime":699,"items_purged":[],"score":224,"play_id":"f31ddf7e-b7de-4f8d-bfaf-5fb5fb329621","local_time":"20210109113944","is_ascension_mode":true,"campfire_choices":[{"data":"Neutralize","floor":11.0,"key":"SMITH"},{"floor":13,"key":"REST"},{"data":"Blade Dance","floor":15,"key":"SMITH"}],"circlet_count":0,"master_deck":["AscendersBane","Strike_G","Strike_G","Strike_G","Strike_G","Defend_G","Defend_G","Defend_G","Defend_G","Defend_G","Survivor","Neutralize+1","PiercingWail","Quick Slash","Quick Slash","Phantasmal Killer","Burst","Blade Dance+1"],"relics":["Philosopher\u0027s Stone","Bottled Flame","Pantograph","Anchor"],"acts_visited":["Exordium"],"potions_floor_usage":[],"damage_taken":[{"damage":2.0,"enemies":"Cultist","floor":1.0,"turns":4.0},{"damage":0.0,"enemies":"2 Louse","floor":3.0,"turns":2.0},{"damage":0.0,"enemies":"Small Slimes","floor":4.0,"turns":6.0},{"damage":0.0,"enemies":"Red Slaver","floor":5.0,"turns":5.0},{"damage":18.0,"enemies":"Gremlin Nob","floor":6.0,"turns":4.0},{"damage":27.0,"enemies":"Large Slime","floor":10.0,"turns":10.0},{"damage":1,"enemies":"3 Louse","floor":12,"turns":5},{"damage":9,"enemies":"3 Sentries","floor":14,"turns":7},{"damage":50,"enemies":"Hexaghost","floor":16,"turns":9}],"seed_played":"-889436450295656874","potions_obtained":[{"floor":4.0,"key":"FearPotion"},{"floor":5.0,"key":"Block Potion"},{"floor":14,"key":"Explosive Potion"}],"is_trial":false,"path_per_floor":["M","?","M","M","M","E","?","?","T","M","R","M","R","E","R","B"],"character_chosen":"THE_SILENT","items_purchased":[],"campfire_rested":1,"item_purchase_floors":[],"current_hp_per_floor":[57,57,57,57,57,39,39,39,39,12,12,11,30,21,21,0,0],"gold":248,"neow_bonus":"BOSS_RELIC","is_daily":false,"chose_seed":false,"campfire_upgraded":2,"win_rate":0.0,"timestamp":1610188784,"path_taken":["M","?","?","M","M","E","?","?","T","?","R","M","R","E","R","BOSS"],"items_purchased_type":[],"build_version":"2020-12-22","purchased_purges":0,"victory":false,"max_hp_per_floor":[66,66,66,66,66,66,66,66,66,66,66,66,66,66,66,66,66],"relic_stats":{"counters":[9,52],"Pantograph":25,"obtain_stats":[{"Bottled Flame":6,"Anchor":14,"Pantograph":9,"Philosopher\u0027s Stone":0,"Ring of the Snake":0},{"Bottled Flame":5,"Anchor":8,"Pantograph":5,"Philosopher\u0027s Stone":0,"Ring of the Snake":0},{"Bottled Flame":21,"Anchor":43,"Pantograph":21,"Philosopher\u0027s Stone":0,"Ring of the Snake":0}]},"card_choices":[{"not_picked":["Outmaneuver","Tactician","Dodge and Roll"],"picked":"SKIP","floor":1.0},{"not_picked":["Underhanded Strike","Prepared"],"picked":"PiercingWail","floor":3.0},{"not_picked":["Leg Sweep","Prepared"],"picked":"Quick Slash","floor":4.0},{"not_picked":["Accuracy","Slice"],"picked":"Quick Slash","floor":5.0},{"not_picked":["Quick Slash","Deadly Poison"],"picked":"Phantasmal Killer","floor":6.0},{"not_picked":["Dodge and Roll","Underhanded Strike","PiercingWail"],"picked":"SKIP","floor":10.0},{"not_picked":["Outmaneuver","Deflect"],"picked":"Blade Dance","floor":12},{"not_picked":["Expertise","Backstab","Flying Knee"],"picked":"SKIP","floor":14}],"player_experience":1976011,"relics_obtained":[{"floor":6.0,"key":"Bottled Flame"},{"floor":9.0,"key":"Pantograph"},{"floor":14,"key":"Anchor"}],"event_choices":[{"cards_removed":["Strike_G"],"damage_healed":0.0,"max_hp_gain":0.0,"max_hp_loss":0.0,"gold_gain":0.0,"event_name":"Bonfire Elementals","player_choice":"Offered Basic","floor":2.0,"gold_loss":0.0,"damage_taken":0.0},{"damage_healed":0.0,"max_hp_gain":0.0,"max_hp_loss":0.0,"gold_gain":0.0,"event_name":"Dead Adventurer","player_choice":"Searched \u00270\u0027 times","floor":7.0,"gold_loss":0.0,"damage_taken":0.0},{"damage_healed":0.0,"max_hp_gain":0.0,"max_hp_loss":0.0,"gold_gain":0.0,"event_name":"Match and Keep!","player_choice":"1 cards matched","floor":8.0,"gold_loss":0.0,"damage_taken":0.0,"cards_obtained":["Burst"]}],"is_beta":false,"boss_relics":[],"items_purged_floors":[],"is_endless":false,"potions_floor_spawned":[4,5,14],"killed_by":"Hexaghost","ascension_level":20}}