{"host":"nptej036rrbiurf5","time":1610159235,"event":{"mods":["BaseMod","Colored Map","Colored Powertips","DeckTracker","Minty Spire (QoL Compilation)","StSLib","SuperFastMode"],"gold_per_floor":[110,126,201,220,231,231,259,259,285,285,285,295,47,57,57,57,57],"floor_reached":16,"playtime":255,"items_purged":["Strike_R"],"score":204,"play_id":"b63b6ec1-931d-44b0-9733-b5b1f99c7533","local_time":"20210109112715","is_ascension_mode":true,"campfire_choices":[{"data":"Inflame","floor":6.0,"key":"SMITH"},{"data":"Bash","floor":8.0,"key":"SMITH"},{"data":"Pommel Strike","floor":10.0,"key":"SMITH"},{"data":"Feel No Pain","floor":15.0,"key":"SMITH"}],"circlet_count":0,"master_deck":["AscendersBane","Strike_R","Strike_R","Strike_R","Strike_R","Defend_R","Defend_R","Defend_R","Defend_R","Bash+1","Feel No Pain+1","Pommel Strike+1","Sever Soul","Inflame+1","Dropkick","Reckless Charge"],"relics":["Burning Blood","NeowsBlessing","Nunchaku","Bronze Scales","Vajra","Bag of Preparation"],"acts_visited":["Exordium"],"potions_floor_usage":[],"damage_taken":[{"damage":0.0,"enemies":"Cultist","floor":1.0,"turns":1.0},{"damage":0.0,"enemies":"Jaw Worm","floor":2.0,"turns":1.0},{"damage":0.0,"enemies":"Small Slimes","floor":4.0,"turns":1.0},{"damage":18.0,"enemies":"2 Fungi Beasts","floor":5.0,"turns":3.0},{"damage":23.0,"enemies":"Lagavulin","floor":7.0,"turns":7.0},{"damage":11.0,"enemies":"Looter","floor":12.0,"turns":2.0},{"damage":15.0,"enemies":"Red Slaver","floor":14.0,"turns":3.0},{"damage":22,"enemies":"The Guardian","floor":16,"turns":5}],"seed_played":"-7887469722188784052","potions_obtained":[{"floor":1.0,"key":"Block Potion"},{"floor":2.0,"key":"FearPotion"},{"floor":12.0,"key":"Dexterity Potion"}],"is_trial":false,"path_per_floor":["M","M","?","M","M","R","E","R","T","R","?","M","$","M","R","B"],"character_chosen":"IRONCLAD","items_purchased":["Bag of Preparation"],"campfire_rested":0,"item_purchase_floors":[13],"current_hp_per_floor":[74,75,64,70,58,58,41,41,41,41,36,31,31,22,22,0,0],"gold":57,"neow_bonus":"THREE_ENEMY_KILL","is_daily":false,"chose_seed":false,"campfire_upgraded":4,"win_rate":0.0,"timestamp":1610159235,"path_taken":["M","?","?","M","M","R","E","R","T","R","?","M","$","M","R","BOSS"],"items_purchased_type":["Relic"],"build_version":"2020-12-22","purchased_purges":1,"victory":false,"max_hp_per_floor":[75,75,75,75,75,75,75,75,75,75,75,75,75,75,75,75,75],"card_choices":[{"not_picked":["Infernal Blade","Clothesline"],"picked":"Feel No Pain","floor":1.0},{"not_picked":["Flex","Ghostly Armor"],"picked":"Pommel Strike","floor":2.0},{"not_picked":["Iron Wave","Uppercut"],"picked":"Sever Soul","floor":4.0},{"not_picked":["Dropkick","Flex"],"picked":"Inflame","floor":5.0},{"not_picked":["Combust","Whirlwind"],"picked":"Dropkick","floor":7.0},{"not_picked":["Clash","Whirlwind"],"picked":"Reckless Charge","floor":12.0},{"not_picked":["Rupture","Flex","Heavy Blade"],"picked":"SKIP","floor":14.0}],"player_experience":882325,"relics_obtained":[{"floor":7.0,"key":"Nunchaku"},{"floor":9.0,"key":"Bronze Scales"}],"event_choices":[{"damage_healed":0.0,"max_hp_gain":0.0,"max_hp_loss":0.0,"gold_gain":75.0,"event_name":"World of Goop","player_choice":"Gather Gold","floor":3.0,"gold_loss":0.0,"damage_taken":11.0},{"damage_healed":0.0,"max_hp_gain":0.0,"max_hp_loss":0.0,"gold_gain":0.0,"event_name":"Scrap Ooze","player_choice":"Success","floor":11.0,"gold_loss":0.0,"damage_taken":5.0,"relics_obtained":["Vajra"]}],"is_beta":false,"boss_relics":[],"items_purged_floors":[13],"is_endless":false,"potions_floor_spawned":[1,2,12],"killed_by":"The Guardian","ascension_level":20}}