{"host":"6rmw1q50jy0xmvyl","time":1610202444,"event":{"mods":["BaseMod","BetterRewards","Clockwork Mod","Colored Map","Duelist Mod","Infinite Spire","Minty Spire (QoL Compilation)","Remove Card Discount Mod","StSLib","thorton","??????REMEMod"],"gold_per_floor":[112,125,91,166,166,166,166],"floor_reached":6,"playtime":381,"items_purged":["Strike_B","Strike_B","Strike_B","Strike_B","Defend_B","Defend_B","Defend_B"],"score":43,"play_id":"f9bed183-8a3e-4be4-9a67-e8b56175b5d2","local_time":"20210109152724","is_ascension_mode":true,"campfire_choices":[],"circlet_count":0,"master_deck":["Defend_B","Zap","Dualcast","theDuelist:HappyLover","Defragment","Genetic Algorithm","Doom and Gloom","Undo","Capacitor","Self Repair","Gash","Loop","infinitespire:Collect"],"relics":["Cracked Core","REME_ComplimentaryCards","infinitespire:BottledMercury","HandDrill"],"acts_visited":["Exordium"],"potions_floor_usage":[6],"damage_taken":[{"damage":0,"enemies":"Small Slimes","floor":1,"turns":3},{"damage":0,"enemies":"2 Louse","floor":2,"turns":2},{"damage":29,"enemies":"Gremlin Nob","floor":6,"turns":3}],"seed_played":"695934206777502818","potions_obtained":[{"floor":2,"key":"DuplicationPotion"}],"is_trial":false,"path_per_floor":["M","M","$","?","?","E"],"character_chosen":"DEFECT","items_purchased":["Defragment","infinitespire:BottledMercury","Genetic Algorithm","Doom and Gloom","Undo","Capacitor","HandDrill","Loop"],"campfire_rested":0,"item_purchase_floors":[0,0,0,0,0,0,0,3],"current_hp_per_floor":[48,55,55,44,26,0,0],"gold":166,"neow_bonus":"","is_daily":false,"chose_seed":false,"campfire_upgraded":0,"win_rate":0.0,"timestamp":1610202444,"path_taken":["M","M","$","?","?","E"],"items_purchased_type":["Card","Relic","Card","Card","Card","Card","Relic","Card"],"build_version":"2020-12-22","purchased_purges":7,"victory":false,"max_hp_per_floor":[75,75,75,75,75,75,75],"card_choices":[{"not_picked":["Steam Power","Barrage"],"picked":"Gash","floor":1},{"not_picked":["Ball Lightning","Redo","REME_SelfUpgrade"],"picked":"SKIP","floor":2},{"not_picked":["infinitespire:Fortify","infinitespire:Menacing"],"picked":"infinitespire:Collect","floor":5}],"player_experience":701024,"relics_obtained":[],"event_choices":[{"damage_healed":0,"gold_gain":75,"player_choice":"Gather Gold","damage_taken":11,"max_hp_gain":0,"max_hp_loss":0,"event_name":"World of Goop","floor":4,"gold_loss":0}],"is_beta":false,"boss_relics":[],"items_purged_floors":[0,0,0,0,0,0,0],"is_endless":false,"potions_floor_spawned":[2],"killed_by":"Gremlin Nob","ascension_level":5}}