{"host":"d61fcf2p3sjwe6yo","time":1610225200,"event":{"mods":["AchievementEnabler","BaseMod","Colored Map","Minty Spire (QoL Compilation)","StSLib","SuperFastMode"],"gold_per_floor":[114,127,137,150,166,193,193,193,220,244,289,301,338,363,375,484,496,525,74,84,101,16,16,46,145,145,145,145,145],"floor_reached":28,"playtime":1011,"items_purged":["Strike_B"],"score":377,"play_id":"11751581-3673-49c1-9fbc-5614db46621d","local_time":"20210109234640","is_ascension_mode":true,"campfire_choices":[{"data":"Sunder","floor":7.0,"key":"SMITH"},{"floor":12.0,"key":"REST"},{"floor":15.0,"key":"REST"},{"data":"Fission","floor":23,"key":"SMITH"},{"floor":27,"key":"REST"}],"circlet_count":0,"master_deck":["Strike_B","Strike_B","Strike_B","Defend_B","Defend_B","Defend_B","Defend_B","Zap+1","Dualcast","Sunder+1","Ball Lightning","Seek","Fission+1","Defragment","Defragment","Reinforced Body","Seek"],"relics":["Cracked Core","MealTicket","Dead Branch","MawBank","Boot","Anchor","Inserter","Gambling Chip","Bronze Scales","Singing Bowl","DataDisk"],"acts_visited":["Exordium","TheCity"],"potions_floor_usage":[16,24,24,24,24,24],"damage_taken":[{"damage":1.0,"enemies":"Cultist","floor":1.0,"turns":4.0},{"damage":0.0,"enemies":"Small Slimes","floor":2.0,"turns":2.0},{"damage":0.0,"enemies":"2 Louse","floor":3.0,"turns":1.0},{"damage":4.0,"enemies":"Red Slaver","floor":4.0,"turns":3.0},{"damage":10.0,"enemies":"2 Fungi Beasts","floor":5.0,"turns":3.0},{"damage":10.0,"enemies":"Lagavulin","floor":6.0,"turns":7.0},{"damage":3.0,"enemies":"Large Slime","floor":10.0,"turns":5.0},{"damage":32.0,"enemies":"Gremlin Nob","floor":11.0,"turns":4.0},{"damage":10.0,"enemies":"3 Sentries","floor":13.0,"turns":6.0},{"damage":0.0,"enemies":"Blue Slaver","floor":14.0,"turns":2.0},{"damage":33,"enemies":"The Guardian","floor":16,"turns":10},{"damage":28,"enemies":"2 Thieves","floor":18,"turns":4},{"damage":1,"enemies":"Spheric Guardian","floor":20,"turns":3},{"damage":21,"enemies":"Snecko","floor":21,"turns":4},{"damage":14,"enemies":"Book of Stabbing","floor":24,"turns":4},{"damage":16,"enemies":"Slavers","floor":28,"turns":4}],"seed_played":"7842270197888234894","potions_obtained":[{"floor":3.0,"key":"Explosive Potion"},{"floor":5.0,"key":"Weak Potion"},{"floor":11.0,"key":"Fire Potion"},{"floor":13.0,"key":"Dexterity Potion"},{"floor":18,"key":"Energy Potion"},{"floor":20,"key":"EntropicBrew"}],"is_trial":false,"path_per_floor":["M","M","M","M","M","E","R","?","T","M","E","R","E","M","R","B",null,"M","$","M","M","?","R","E","?","T","R","E"],"character_chosen":"DEFECT","items_purchased":["Defragment","Gambling Chip"],"campfire_rested":3,"item_purchase_floors":[19,19],"current_hp_per_floor":[67,67,67,63,53,43,43,43,43,40,8,30,20,20,42,9,59,31,46,45,24,24,24,10,10,10,32,16,16],"gold":145,"neow_bonus":"RANDOM_COMMON_RELIC","is_daily":false,"chose_seed":false,"campfire_upgraded":2,"win_rate":0.0,"timestamp":1610225200,"path_taken":["M","M","M","M","M","E","R","?","T","M","E","R","E","?","R","BOSS","M","$","M","M","?","R","E","?","T","R","E"],"items_purchased_type":["Card","Relic"],"build_version":"2020-12-22","purchased_purges":1,"victory":false,"max_hp_per_floor":[75,75,75,75,75,75,75,75,75,75,75,75,75,75,75,75,75,75,75,75,75,75,75,75,75,75,75,75,75],"card_choices":[{"not_picked":["Go for the Eyes","Recycle"],"picked":"Sunder","floor":1.0},{"not_picked":["Stack","Gash","Turbo"],"picked":"SKIP","floor":2.0},{"not_picked":["Gash","Chaos"],"picked":"Ball Lightning","floor":3.0},{"not_picked":["Steam","Hello World","Chill"],"picked":"SKIP","floor":4.0},{"not_picked":["Streamline","Go for the Eyes","Leap"],"picked":"SKIP","floor":5.0},{"not_picked":["Loop","Leap"],"picked":"Seek","floor":6.0},{"not_picked":["Turbo","Coolheaded","Rebound"],"picked":"SKIP","floor":10.0},{"not_picked":["Coolheaded","Rebound","Redo"],"picked":"SKIP","floor":11.0},{"not_picked":["Rebound","Streamline","Compile Driver"],"picked":"SKIP","floor":13.0},{"not_picked":["Hologram","Cold Snap","Barrage"],"picked":"SKIP","floor":14.0},{"not_picked":["Multi-Cast","All For One"],"picked":"Fission","floor":16},{"not_picked":["Turbo","Leap"],"picked":"Defragment","floor":18},{"not_picked":["Ball Lightning","Lockon","Reprogram"],"picked":"SKIP","floor":20},{"not_picked":["Hologram+1","Redo"],"picked":"Reinforced Body","floor":21},{"not_picked":["Stack+1","Streamline"],"picked":"Seek","floor":24}],"player_experience":167623,"relics_obtained":[{"floor":6.0,"key":"Dead Branch"},{"floor":9.0,"key":"MawBank"},{"floor":11.0,"key":"Boot"},{"floor":13.0,"key":"Anchor"},{"floor":24,"key":"Singing Bowl"},{"floor":26,"key":"DataDisk"}],"event_choices":[{"damage_healed":0.0,"max_hp_gain":0.0,"max_hp_loss":0.0,"gold_gain":0.0,"event_name":"Upgrade Shrine","player_choice":"Upgraded","floor":8.0,"gold_loss":0.0,"damage_taken":0.0,"cards_upgraded":["Zap"]},{"damage_healed":0,"gold_gain":0,"player_choice":"Obtained Relic","damage_taken":0,"relics_obtained":["Bronze Scales"],"max_hp_gain":0,"max_hp_loss":0,"event_name":"Addict","floor":22,"gold_loss":85},{"damage_healed":0,"gold_gain":99,"player_choice":"Stole From Cult","damage_taken":0,"max_hp_gain":0,"max_hp_loss":0,"event_name":"Nest","floor":25,"gold_loss":0}],"is_beta":false,"boss_relics":[{"not_picked":["Pandora\u0027s Box","Busted Crown"],"picked":"Inserter"}],"items_purged_floors":[19],"is_endless":false,"potions_floor_spawned":[3,5,11,13,18,20],"killed_by":"Slavers","ascension_level":9}}