{"host":"FirstDane","time":1610228099,"event":{"mods":["BaseMod","Bestiary","Highlight Path","Minty Spire (QoL Compilation)","Relic Stats","Slay the Relics Exporter"],"gold_per_floor":[111,111,127,143,156,184,184,213,239,258,258,291,356,10,10,81,81,96,96,109,127,127,27,52,68,93,93,124,124,159,174,174,251,251,262,262,279,292,2,28,38,38,38,38,68,85,110,143,143,143,143,143,143,52,79,79],"floor_reached":57,"playtime":4701,"items_purged":["Strike_G","Strike_G","Strike_G"],"score":3240,"play_id":"6c5917d6-ea64-4dcd-ae76-737881c800dd","local_time":"20210109153459","is_ascension_mode":true,"campfire_choices":[{"data":"Dash","floor":7,"key":"SMITH"},{"data":"Dash","floor":11,"key":"SMITH"},{"floor":15,"key":"REST"},{"data":"Catalyst","floor":27,"key":"SMITH"},{"data":"Wraith Form v2","floor":29,"key":"SMITH"},{"data":"Catalyst","floor":32,"key":"SMITH"},{"floor":42,"key":"RECALL"},{"data":"Acrobatics","floor":44,"key":"SMITH"},{"data":"Noxious Fumes","floor":49,"key":"SMITH"},{"data":"Bouncing Flask","floor":53,"key":"SMITH"}],"circlet_count":0,"master_deck":["AscendersBane","Strike_G","Defend_G","Defend_G","Defend_G","Defend_G","Survivor","Neutralize","Dash+1","Venomology","Poisoned Stab","Dash+1","Sucker Punch","Deadly Poison","Corpse Explosion","Leg Sweep","Bouncing Flask+1","Catalyst+1","Sadistic Nature","Wraith Form v2+1","Noxious Fumes+1","Catalyst+1","PiercingWail","After Image","Acrobatics+1","Deflect+1","Leg Sweep","Bouncing Flask","Panacea"],"relics":["Ring of the Snake","Snake Skull","Centennial Puzzle","Happy Flower","Art of War","Runic Pyramid","Kunai","PreservedInsect","Blood Vial","Lantern","Coffee Dripper","Frozen Eye","Bottled Lightning","Bag of Preparation","Thread and Needle","TungstenRod","Ginger"],"acts_visited":["Exordium","TheCity","TheBeyond","TheEnding"],"potions_floor_usage":[3,4,5,6,6,6,8,8,13,13,20,21,25,28,33,40,41,45,56,56],"damage_taken":[{"damage":0,"enemies":"2 Louse","floor":1,"turns":4},{"damage":0,"enemies":"Small Slimes","floor":3,"turns":3},{"damage":0,"enemies":"Cultist","floor":4,"turns":3},{"damage":6,"enemies":"Exordium Wildlife","floor":5,"turns":3},{"damage":10,"enemies":"Lagavulin","floor":6,"turns":5},{"damage":5,"enemies":"Gremlin Nob","floor":8,"turns":4},{"damage":7,"enemies":"Large Slime","floor":10,"turns":6},{"damage":4,"enemies":"3 Sentries","floor":12,"turns":3},{"damage":12,"enemies":"Lagavulin Event","floor":13,"turns":5},{"damage":17,"enemies":"Slime Boss","floor":16,"turns":8},{"damage":3,"enemies":"Chosen","floor":18,"turns":5},{"damage":2,"enemies":"Shell Parasite","floor":20,"turns":3},{"damage":0,"enemies":"3 Cultists","floor":21,"turns":3},{"damage":0,"enemies":"Gremlin Leader","floor":24,"turns":4},{"damage":0,"enemies":"Snake Plant","floor":25,"turns":4},{"damage":11,"enemies":"Slavers","floor":28,"turns":4},{"damage":0,"enemies":"Gremlin Leader","floor":30,"turns":5},{"damage":0,"enemies":"Chosen and Byrds","floor":31,"turns":4},{"damage":1,"enemies":"Collector","floor":33,"turns":5},{"damage":0,"enemies":"3 Shapes","floor":35,"turns":2},{"damage":11,"enemies":"3 Darklings","floor":37,"turns":5},{"damage":0,"enemies":"4 Shapes","floor":38,"turns":5},{"damage":0,"enemies":"Giant Head","floor":40,"turns":5},{"damage":2,"enemies":"Spire Growth","floor":41,"turns":3},{"damage":0,"enemies":"Reptomancer","floor":45,"turns":3},{"damage":0,"enemies":"Writhing Mass","floor":46,"turns":3},{"damage":0,"enemies":"Mind Bloom Boss Battle","floor":47,"turns":4},{"damage":0,"enemies":"Nemesis","floor":48,"turns":3},{"damage":2,"enemies":"Donu and Deca","floor":50,"turns":6},{"damage":0,"enemies":"Time Eater","floor":51,"turns":5},{"damage":10,"enemies":"Shield and Spear","floor":55,"turns":3},{"damage":0,"enemies":"The Heart","floor":56,"turns":5}],"seed_played":"6073349889361494335","potions_obtained":[{"floor":1,"key":"Strength Potion"},{"floor":3,"key":"Explosive Potion"},{"floor":6,"key":"Swift Potion"},{"floor":8,"key":"SmokeBomb"},{"floor":24,"key":"Regen Potion"},{"floor":28,"key":"LiquidMemories"},{"floor":33,"key":"SneckoOil"},{"floor":45,"key":"SpeedPotion"},{"floor":48,"key":"PowerPotion"}],"is_trial":false,"path_per_floor":["M","?","M","M","M","E","R","E","T","M","R","E","?","$","R","B",null,"M","?","M","M","?","$","E","M","T","R","E","R","E","M","R","B",null,"M","?","M","M","$","E","M","R","T","R","E","M","?","E","R","B","B",null,"R","$","E","B",null],"character_chosen":"THE_SILENT","items_purchased":["Catalyst","Sadistic Nature","Frozen Eye","Panacea"],"campfire_rested":1,"item_purchase_floors":[14,14,39,54],"current_hp_per_floor":[59,64,64,64,58,48,48,43,43,36,36,32,20,20,39,22,54,51,51,49,49,31,31,31,45,45,45,34,34,36,38,38,39,62,64,64,55,57,57,59,59,59,59,59,61,63,65,67,67,67,69,70,70,70,60,62],"gold":79,"neow_bonus":"TRANSFORM_TWO_CARDS","is_daily":false,"chose_seed":false,"campfire_upgraded":8,"win_rate":0.0,"timestamp":1610228099,"path_taken":["M","?","M","M","M","E","R","E","T","M","R","E","?","$","R","BOSS","M","?","?","M","?","$","E","M","T","R","E","R","E","M","R","BOSS","M","?","M","?","$","E","M","R","T","R","E","M","?","E","R","BOSS","BOSS","R","$","E","BOSS"],"items_purchased_type":["Card","Card","Relic","Card"],"build_version":"2020-12-18","purchased_purges":3,"victory":true,"max_hp_per_floor":[60,65,65,65,65,65,65,65,65,65,65,65,65,65,65,65,65,65,65,65,65,70,70,70,70,70,70,70,70,70,70,70,70,70,70,70,70,70,70,70,70,70,70,70,70,70,70,70,70,70,70,70,70,70,70,70],"relic_stats":{"Happy Flower":[34],"counters":[32,133],"Snake Skull":[224],"PreservedInsect":405,"Bag of Preparation":[14],"Ginger":[2],"Blood Vial":30,"Centennial Puzzle":[34],"Art of War":[42],"Kunai":[4],"obtain_stats":[{"Lantern":30,"Happy Flower":12,"Thread and Needle":47,"Snake Skull":6,"PreservedInsect":26,"Bag of Preparation":45,"Ginger":55,"Blood Vial":28,"Frozen Eye":39,"Centennial Puzzle":8,"Art of War":13,"Coffee Dripper":34,"Kunai":24,"Bottled Lightning":43,"TungstenRod":48,"Ring of the Snake":0,"Runic Pyramid":17},{"Lantern":17,"Happy Flower":8,"Thread and Needle":27,"Snake Skull":5,"PreservedInsect":15,"Bag of Preparation":25,"Ginger":31,"Blood Vial":16,"Frozen Eye":22,"Centennial Puzzle":6,"Art of War":9,"Coffee Dripper":19,"Kunai":14,"Bottled Lightning":24,"TungstenRod":28,"Ring of the Snake":0,"Runic Pyramid":10},{"Lantern":72,"Happy Flower":31,"Thread and Needle":111,"Snake Skull":18,"PreservedInsect":63,"Bag of Preparation":104,"Ginger":128,"Blood Vial":67,"Frozen Eye":93,"Centennial Puzzle":22,"Art of War":36,"Coffee Dripper":81,"Kunai":59,"Bottled Lightning":101,"TungstenRod":114,"Ring of the Snake":0,"Runic Pyramid":44}],"TungstenRod":6,"Ring of the Snake":[64]},"card_choices":[{"not_picked":["Dodge and Roll","Expertise"],"picked":"Poisoned Stab","floor":1},{"not_picked":["Acrobatics","Tactician"],"picked":"Dash","floor":3},{"not_picked":["Caltrops","Dodge and Roll","Slice"],"picked":"SKIP","floor":4},{"not_picked":["Backflip","Setup"],"picked":"Sucker Punch","floor":5},{"not_picked":["Underhanded Strike","Quick Slash","Reflex"],"picked":"SKIP","floor":6},{"not_picked":["Heel Hook","Caltrops"],"picked":"Deadly Poison","floor":8},{"not_picked":["Slice","Deadly Poison"],"picked":"Corpse Explosion","floor":10},{"not_picked":["Deadly Poison","Flechettes"],"picked":"Leg Sweep","floor":12},{"not_picked":["Dagger Spray","PiercingWail"],"picked":"Bouncing Flask","floor":13},{"not_picked":["Die Die Die","Night Terror"],"picked":"Wraith Form v2","floor":16},{"not_picked":["Dagger Throw","Outmaneuver+1"],"picked":"Noxious Fumes","floor":18},{"not_picked":["Sucker Punch","Calculated Gamble","Reflex"],"picked":"SKIP","floor":20},{"not_picked":["All Out Attack","Distraction","Bane"],"picked":"SKIP","floor":21},{"not_picked":["Expertise","Tactician+1","Phantasmal Killer"],"picked":"SKIP","floor":24},{"not_picked":["Bane","Concentrate","Escape Plan"],"picked":"SKIP","floor":25},{"not_picked":["Dagger Throw","Leg Sweep"],"picked":"PiercingWail","floor":28},{"not_picked":["Poisoned Stab","Riddle With Holes+1","Leg Sweep"],"picked":"SKIP","floor":30},{"not_picked":["Skewer+1","Deflect","All Out Attack"],"picked":"SKIP","floor":31},{"not_picked":["Storm of Steel","A Thousand Cuts"],"picked":"After Image","floor":33},{"not_picked":["Poisoned Stab","Sucker Punch"],"picked":"Acrobatics","floor":35},{"not_picked":["Noxious Fumes","Slice","Infinite Blades"],"picked":"SKIP","floor":37},{"not_picked":["Quick Slash+1","Prepared"],"picked":"Deflect+1","floor":38},{"not_picked":["Cloak And Dagger","Doppelganger","Poisoned Stab"],"picked":"SKIP","floor":40},{"not_picked":["Infinite Blades","Prepared","Expertise"],"picked":"SKIP","floor":41},{"not_picked":["Dagger Spray","Terror"],"picked":"Leg Sweep","floor":45},{"not_picked":["Quick Slash","Escape Plan"],"picked":"Bouncing Flask","floor":46},{"not_picked":["Flying Knee+1","Bullet Time","Escape Plan+1"],"picked":"SKIP","floor":48},{"not_picked":["Reflex","Dagger Spray","Cloak And Dagger+1"],"picked":"SKIP","floor":55}],"player_experience":3883314,"relics_obtained":[{"floor":6,"key":"Snake Skull"},{"floor":8,"key":"Centennial Puzzle"},{"floor":12,"key":"Happy Flower"},{"floor":13,"key":"Art of War"},{"floor":24,"key":"Kunai"},{"floor":26,"key":"PreservedInsect"},{"floor":28,"key":"Blood Vial"},{"floor":30,"key":"Lantern"},{"floor":43,"key":"Bottled Lightning"},{"floor":45,"key":"Bag of Preparation"},{"floor":47,"key":"Thread and Needle"},{"floor":48,"key":"TungstenRod"},{"floor":55,"key":"Ginger"}],"event_choices":[{"damage_healed":0,"gold_gain":0,"player_choice":"Donut","damage_taken":0,"max_hp_gain":5,"max_hp_loss":0,"event_name":"Big Fish","floor":2,"gold_loss":0},{"damage_healed":0,"gold_gain":0,"player_choice":"Searched \u00271\u0027 times","damage_taken":0,"max_hp_gain":0,"max_hp_loss":0,"event_name":"Dead Adventurer","floor":13,"gold_loss":0},{"damage_healed":0,"gold_gain":0,"player_choice":"Copied","damage_taken":0,"max_hp_gain":0,"max_hp_loss":0,"event_name":"Duplicator","floor":19,"gold_loss":0,"cards_obtained":["Catalyst"]},{"damage_healed":0,"gold_gain":0,"player_choice":"Shed Blood","damage_taken":23,"max_hp_gain":5,"max_hp_loss":0,"event_name":"Forgotten Altar","floor":22,"gold_loss":0},{"damage_healed":0,"gold_gain":0,"player_choice":"0 cards matched","damage_taken":0,"max_hp_gain":0,"max_hp_loss":0,"event_name":"Match and Keep!","floor":36,"gold_loss":0,"cards_obtained":[]},{"damage_healed":0,"gold_gain":0,"player_choice":"Fight","damage_taken":0,"max_hp_gain":0,"max_hp_loss":0,"event_name":"MindBloom","floor":47,"gold_loss":0}],"is_beta":true,"boss_relics":[{"not_picked":["SlaversCollar","WristBlade"],"picked":"Runic Pyramid"},{"not_picked":["Sozu","Ring of the Serpent"],"picked":"Coffee Dripper"}],"items_purged_floors":[14,23,39],"is_endless":false,"potions_floor_spawned":[1,3,6,8,18,24,25,28,33,37,40,41,45,48,55],"ascension_level":20}}