{"host":"rx3fqeecbcmic2ko","time":1610216993,"event":{"mods":["BaseMod","Disable Question Mark Monsters","Energized Spire","Hyrulean Relics","Minty Spire (QoL Compilation)","Quick Restart","Relic Filter","Small Relic Pack","StSLib","The Bug Knight","The Wild Card"],"gold_per_floor":[113,113,83,93,105,105,120,120,120,120,120,120,120,134,134,229,229,248,248,96,110,110,110,125,125,150,166,166,194,206,131,131,131,131],"floor_reached":33,"playtime":1260,"items_purged":[],"score":255,"play_id":"13037da8-8c7a-441c-83dd-4ea332d105c7","local_time":"20210109132953","is_ascension_mode":false,"campfire_choices":[{"data":"Poisoned Stab","floor":6.0,"key":"SMITH"},{"data":"Bane","floor":10.0,"key":"SMITH"},{"floor":15.0,"key":"REST"},{"floor":23,"key":"REST"},{"floor":28,"key":"REST"},{"floor":32,"key":"REST"}],"circlet_count":1,"master_deck":["Strike_G+1","Strike_G+1","Strike_G+1","Strike_G+1","Strike_G+1","Defend_G+1","Defend_G+1","Defend_G+1","Defend_G+1","Defend_G+1","Survivor","Neutralize","Backstab+1","Cloak And Dagger","Poisoned Stab+1","Bane+1","Blade Dance","Slice","Corpse Explosion","relicPack:ZaWorld","Finisher+1","Dagger Throw+1","Dagger Spray","Masterful Stab+1","PiercingWail","Deflect"],"relics":["Circlet","Snake Skull","Dream Catcher","relicPack:StarArrow","relicPack:OneForAll","TwistedFunnel","Regal Pillow","MealTicket","Incense Burner"],"acts_visited":["TheCity"],"potions_floor_usage":[29,33,33,33],"damage_taken":[{"damage":0.0,"enemies":"Small Slimes","floor":1.0,"turns":4.0},{"damage":0.0,"enemies":"2 Louse","floor":4.0,"turns":2.0},{"damage":1.0,"enemies":"Cultist","floor":5.0,"turns":4.0},{"damage":3.0,"enemies":"Red Slaver","floor":7.0,"turns":3.0},{"damage":0.0,"enemies":"3 Louse","floor":14.0,"turns":2.0},{"damage":59.0,"enemies":"The Guardian","floor":16.0,"turns":14.0},{"damage":12,"enemies":"Shell Parasite","floor":18,"turns":5},{"damage":15,"enemies":"2 Thieves","floor":21,"turns":2},{"damage":38,"enemies":"Centurion and Healer","floor":24,"turns":4},{"damage":15,"enemies":"Snecko","floor":27,"turns":5},{"damage":27,"enemies":"Book of Stabbing","floor":29,"turns":5},{"damage":5,"enemies":"Snake Plant","floor":30,"turns":3},{"damage":58,"enemies":"Champ","floor":33,"turns":11}],"seed_played":"-990343855704333841","potions_obtained":[{"floor":3.0,"key":"Poison Potion"},{"floor":3.0,"key":"DuplicationPotion"},{"floor":5.0,"key":"Dexterity Potion"},{"floor":16.0,"key":"Dexterity Potion"},{"floor":18,"key":"LiquidBronze"},{"floor":29,"key":"GamblersBrew"},{"floor":30,"key":"Poison Potion"}],"is_trial":false,"path_per_floor":["M","?","?","M","M","R","M","$","T","R","?","?","$","M","R","B",null,"M","?","$","M","?","R","M","?","T","M","R","E","M","?","R","B"],"character_chosen":"THE_SILENT","items_purchased":["TwistedFunnel"],"campfire_rested":4,"item_purchase_floors":[20],"current_hp_per_floor":[70,70,70,70,69,69,66,66,66,66,52,52,52,52,70,11,70,58,58,58,43,43,70,32,32,32,17,53,26,21,21,57,0,0],"gold":131,"neow_bonus":"BOSS_RELIC","is_daily":false,"chose_seed":false,"campfire_upgraded":2,"win_rate":0.0,"timestamp":1610216993,"path_taken":["M","?","?","M","M","R","?","?","T","R","?","?","$","M","R","BOSS","M","?","$","M","?","R","M","?","T","M","R","E","?","?","R","BOSS"],"items_purchased_type":["Relic"],"build_version":"2020-12-22","purchased_purges":0,"victory":false,"max_hp_per_floor":[70,70,70,70,70,70,70,70,70,70,70,70,70,70,70,70,70,70,70,70,70,70,70,70,70,70,70,70,70,70,70,70,70,70],"card_choices":[{"not_picked":["Outmaneuver","Flying Knee"],"picked":"Backstab","floor":1.0},{"not_picked":["Finisher","Flying Knee"],"picked":"Cloak And Dagger","floor":4.0},{"not_picked":["Deadly Poison","Flechettes"],"picked":"Poisoned Stab","floor":5.0},{"not_picked":["Catalyst","Backstab"],"picked":"Bane","floor":7.0},{"not_picked":["Backflip","Flechettes"],"picked":"Blade Dance","floor":14.0},{"not_picked":["Heel Hook","Quick Slash"],"picked":"Slice","floor":15.0},{"not_picked":["Doppelganger","Die Die Die"],"picked":"Corpse Explosion","floor":16.0},{"not_picked":["Cloak And Dagger","Quick Slash","Prepared+1"],"picked":"SKIP","floor":18},{"not_picked":["Backflip+1","Blur+1"],"picked":"Finisher+1","floor":21},{"not_picked":["Riddle With Holes","Cloak And Dagger"],"picked":"Dagger Throw+1","floor":23},{"not_picked":["Quick Slash","Blade Dance","Backstab"],"picked":"SKIP","floor":24},{"not_picked":["Outmaneuver+1","Venomology","Dodge and Roll"],"picked":"SKIP","floor":27},{"not_picked":["Outmaneuver","Setup"],"picked":"Dagger Spray","floor":28},{"not_picked":["Concentrate","Caltrops"],"picked":"Masterful Stab+1","floor":29},{"not_picked":["Catalyst","Predator"],"picked":"PiercingWail","floor":30},{"not_picked":["Flechettes","Footwork"],"picked":"Deflect","floor":32}],"player_experience":84620,"relics_obtained":[{"floor":9.0,"key":"Snake Skull"},{"floor":26,"key":"MealTicket"},{"floor":29,"key":"Incense Burner"}],"event_choices":[{"damage_healed":0.0,"max_hp_gain":0.0,"max_hp_loss":0.0,"gold_gain":0.0,"event_name":"Liars Game","player_choice":"Ignored","floor":2.0,"gold_loss":0.0,"damage_taken":0.0},{"damage_healed":0.0,"max_hp_gain":0.0,"max_hp_loss":0.0,"gold_gain":0.0,"event_name":"The Woman in Blue","player_choice":"Bought 2 Potions","floor":3.0,"gold_loss":0.0,"damage_taken":0.0},{"damage_healed":0.0,"max_hp_gain":0.0,"max_hp_loss":0.0,"gold_gain":0.0,"event_name":"Shining Light","player_choice":"Entered Light","floor":11.0,"gold_loss":0.0,"damage_taken":14.0,"cards_upgraded":["Backstab","Strike_G"]},{"damage_healed":0.0,"max_hp_gain":0.0,"max_hp_loss":0.0,"gold_gain":0.0,"event_name":"Dead Adventurer","player_choice":"Searched \u00271\u0027 times","floor":12.0,"gold_loss":0.0,"damage_taken":0.0,"relics_obtained":["Dream Catcher"]},{"damage_healed":0,"gold_gain":0,"player_choice":"Opened","damage_taken":0,"relics_obtained":["Regal Pillow"],"max_hp_gain":0,"max_hp_loss":0,"event_name":"The Mausoleum","floor":22,"gold_loss":0,"cards_obtained":["Writhe"]},{"damage_healed":0,"gold_gain":0,"player_choice":"Simplicity","damage_taken":0,"max_hp_gain":0,"max_hp_loss":0,"event_name":"Back to Basics","floor":25,"gold_loss":0,"cards_upgraded":["Strike_G","Strike_G","Strike_G","Strike_G","Defend_G","Defend_G","Defend_G","Defend_G","Defend_G"]},{"cards_removed":["Writhe"],"damage_healed":0,"gold_gain":0,"player_choice":"Gave Gold","damage_taken":0,"max_hp_gain":0,"max_hp_loss":0,"event_name":"Beggar","floor":31,"gold_loss":75}],"is_beta":false,"boss_relics":[{"not_picked":["Runic Pyramid","energizedSpire:EnergizedDie"],"picked":"relicPack:StarArrow"}],"items_purged_floors":[],"is_endless":false,"potions_floor_spawned":[5,7,16,18,29,30],"killed_by":"Champ","ascension_level":0}}