{"host":"4328iixd8pca51w5","time":1610210160,"event":{"mods":["2.2 Compatiblity","BaseMod","CapriCore","KOR Keyword Fix","Minty Spire (QoL Compilation)","StSLib","The Immortal"],"gold_per_floor":[111,111,61,61,87,120,120,138,138,313,313,338,350,367,367,367,367,367],"floor_reached":16,"playtime":499,"items_purged":[],"score":124,"play_id":"d1f7fd6e-e40b-4026-9547-e0ce98547f42","local_time":"20210110013600","is_ascension_mode":true,"campfire_choices":[{"data":"MokouMod:FlickeringFlame","floor":11,"key":"SMITH"},{"data":"MokouMod:SearingShot","floor":15,"key":"SMITH"}],"circlet_count":0,"master_deck":["MokouMod:Strike","MokouMod:Strike","MokouMod:Strike","MokouMod:Strike","MokouMod:Strike","MokouMod:Defend","MokouMod:Defend","MokouMod:Defend","MokouMod:Defend","MokouMod:HeatSpark","MokouMod:FujiyamaVolcano+1","MokouMod:FlickeringFlame+1","Doubt","MokouMod:SearingShot+1","MokouMod:ScorchingColumn","MokouMod:IllusoryBattlefield"],"relics":["MokouMod:PhoenixFeather","Ornamental Fan","PreservedInsect","Orichalcum","Smiling Mask","Meat on the Bone"],"acts_visited":["Exordium"],"potions_floor_usage":[16],"damage_taken":[{"damage":7.0,"enemies":"Small Slimes","floor":1.0,"turns":4.0},{"damage":36,"enemies":"Lagavulin","floor":6,"turns":8},{"damage":8,"enemies":"Jaw Worm","floor":8,"turns":2},{"damage":4,"enemies":"3 Sentries","floor":12,"turns":3},{"damage":0,"enemies":"2 Louse","floor":13,"turns":2},{"damage":14,"enemies":"Red Slaver","floor":14,"turns":3},{"damage":27,"enemies":"Hexaghost","floor":16,"turns":9}],"seed_played":"-4545559615761512289","potions_obtained":[{"floor":1.0,"key":"SkillPotion"},{"floor":12,"key":"SpeedPotion"}],"is_trial":false,"path_per_floor":["M","?","?","$","T","E","?","M","T","?","R","E","M","M","R","B"],"character_chosen":"MKU","items_purchased":[],"campfire_rested":0,"item_purchase_floors":[],"current_hp_per_floor":[75,75,75,75,75,39,39,31,31,31,31,27,39,37,37,10,10,10],"gold":367,"neow_bonus":"TEN_PERCENT_HP_BONUS","is_daily":false,"chose_seed":false,"campfire_upgraded":2,"win_rate":0.0,"timestamp":1610210160,"path_taken":["M","?","?","$","?","E","?","?","T","?","R","E","M","M","R","BOSS"],"items_purchased_type":[],"build_version":"2020-12-22","purchased_purges":0,"victory":false,"max_hp_per_floor":[82,82,82,82,82,82,82,82,82,82,82,82,82,82,82,82,82,82],"card_choices":[{"not_picked":["MokouMod:PhoenixFeathers","MokouMod:ImperishableFlame"],"picked":"MokouMod:FujiyamaVolcano","floor":1.0},{"not_picked":["MokouMod:Trailblazer","MokouMod:IgnitionBarrier"],"picked":"MokouMod:FlickeringFlame","floor":6},{"not_picked":["MokouMod:IgneousBlow","MokouMod:InfernalWave","MokouMod:FusionFlare"],"picked":"SKIP","floor":8},{"not_picked":["MokouMod:BlazingComet","MokouMod:FlickeringFlame"],"picked":"MokouMod:SearingShot","floor":12},{"not_picked":["MokouMod:IcarusDive","MokouMod:AdaptivePyromancy"],"picked":"MokouMod:ScorchingColumn","floor":13},{"not_picked":["MokouMod:Trailblazer","MokouMod:CrimsonArmoury"],"picked":"MokouMod:IllusoryBattlefield","floor":14}],"player_experience":182400,"relics_obtained":[{"floor":5.0,"key":"PreservedInsect"},{"floor":6,"key":"Orichalcum"},{"floor":9,"key":"Smiling Mask"},{"floor":12,"key":"Meat on the Bone"}],"event_choices":[{"damage_healed":0.0,"max_hp_gain":0.0,"max_hp_loss":0.0,"gold_gain":0.0,"event_name":"Big Fish","player_choice":"Box","floor":2.0,"gold_loss":0.0,"damage_taken":0.0,"relics_obtained":["Ornamental Fan"],"cards_obtained":["Regret"]},{"cards_removed":["Regret"],"damage_healed":0.0,"max_hp_gain":0.0,"max_hp_loss":0.0,"gold_gain":0.0,"event_name":"The Cleric","player_choice":"Card Removal","floor":3.0,"gold_loss":50.0,"damage_taken":0.0},{"damage_healed":0,"gold_gain":0,"player_choice":"Upgraded","damage_taken":0,"max_hp_gain":0,"max_hp_loss":0,"event_name":"Upgrade Shrine","floor":7,"gold_loss":0,"cards_upgraded":["MokouMod:FujiyamaVolcano"]},{"damage_healed":0,"gold_gain":175,"player_choice":"AGREE","damage_taken":0,"max_hp_gain":0,"max_hp_loss":0,"event_name":"Liars Game","floor":10,"gold_loss":0,"cards_obtained":["Doubt"]}],"is_beta":false,"boss_relics":[],"items_purged_floors":[],"is_endless":false,"potions_floor_spawned":[1,12],"killed_by":"Hexaghost","ascension_level":3}}