{"host":"h23hlq20ir8sps7h","time":1610161999,"event":{"mods":["Act Like it!","Aspiration","BaseMod","BetterRewards","Colored Map","Conspire","Energized Spire","Friendly Minions","GifTheSpireLib","Halation","Hubris","Ironclad Rager","Minty Spire (QoL Compilation)","Permanent Neow","Prisma Mod","Quarter Circle Forward PUNCH!","Quick Restart","Railgun Mod","Remilia??????","Replay The Spire","SCP261 Mod","Shop Mod","Spikes Relics","StSLib","Stuff the Spire","The Animator","The Hierophant","The Problem Sleuth","The Runesmith","The Sage","Trackpad","Wandering Minibosses","vexMod"],"gold_per_floor":[113,113,113,113,128,162,162,162,162],"floor_reached":8,"playtime":687,"items_purged":[],"score":57,"play_id":"9badc13a-f5e9-4e2d-8b24-af96e37d28dc","local_time":"20210108191319","is_ascension_mode":true,"campfire_choices":[],"circlet_count":0,"master_deck":["PrismaMod:ChloeCommonAttack","PrismaMod:ChloeCommonAttack","PrismaMod:ChloeCommonAttack","PrismaMod:ChloeCommonAttack","PrismaMod:ChloeCommonAttack","PrismaMod:ChloeCommonDefend","PrismaMod:ChloeCommonDefend","PrismaMod:ChloeCommonDefend","PrismaMod:ChloeCommonDefend","PrismaMod:ChloeCheapAttack","PrismaMod:ChloeCheapDefend","Apotheosis","PrismaMod:ChloeEyeOfTheEuryale","Injury","PrismaMod:ChloeCheapAttack","PrismaMod:ChloeCheapAttack"],"relics":["PrismaMod:PrismaTraceOn","Frozen Egg 2","halation:PinkSoulGem","hubris:TenFootPole"],"acts_visited":["Exordium"],"potions_floor_usage":[],"damage_taken":[{"damage":0,"enemies":"Small Slimes","floor":1,"turns":5},{"damage":0,"enemies":"2 Louse","floor":5,"turns":4},{"damage":25,"enemies":"Gremlin Nob","floor":6,"turns":5},{"damage":36,"enemies":"3 Sentries","floor":8,"turns":6}],"seed_played":"-1118264352399287665","potions_obtained":[{"floor":5,"key":"Explosive Potion"}],"is_trial":false,"path_per_floor":["M","?","$","?","M","E","?","E"],"character_chosen":"CHLOE","items_purchased":[],"campfire_rested":0,"item_purchase_floors":[],"current_hp_per_floor":[54,54,54,54,54,29,29,0,0],"gold":162,"neow_bonus":"RANDOM_COLORLESS_2","is_daily":false,"chose_seed":false,"campfire_upgraded":0,"win_rate":0.0,"timestamp":1610161999,"path_taken":["M","?","$","?","M","E","?","E"],"items_purchased_type":[],"build_version":"2020-12-22","purchased_purges":0,"victory":false,"max_hp_per_floor":[75,75,75,75,75,75,75,75,75],"card_choices":[{"not_picked":["Sadistic Nature","Magnetism"],"picked":"Apotheosis","floor":0},{"not_picked":["PrismaMod:ChloeUncommonAttack","PrismaMod:ChloeBetterTracePools"],"picked":"PrismaMod:ChloeEyeOfTheEuryale","floor":1},{"not_picked":["PrismaMod:ChloeCheapAttackTwo","PrismaMod:ChloeMaid"],"picked":"PrismaMod:ChloeCheapAttack","floor":5},{"not_picked":["PrismaMod:ChloeUncommonAOEAttack","PrismaMod:ChloeCommonAOEAttack"],"picked":"PrismaMod:ChloeCheapAttack","floor":6}],"player_experience":260766,"relics_obtained":[{"floor":6,"key":"hubris:TenFootPole"}],"event_choices":[{"cards_removed":["PrismaMod:ChloeCommonDefend"],"damage_healed":0,"gold_gain":0,"player_choice":"Purged","damage_taken":0,"max_hp_gain":0,"max_hp_loss":0,"event_name":"Purifier","floor":7,"gold_loss":0}],"is_beta":false,"boss_relics":[],"items_purged_floors":[],"is_endless":false,"potions_floor_spawned":[5],"killed_by":"3 Sentries","ascension_level":1}}