{"host":"3ikutf0nfngyhvfs","time":1610236387,"event":{"mods":["AchievementEnabler","BaseMod","Downfall","Duelist Mod","Hermit","Minty Spire (QoL Compilation)","Shop Mod","StSLib","The Bug Knight","The Construct","The Cursed","The Disciple","The Hierophant","The Necromancer","The Poker Player","The Runesmith"],"gold_per_floor":[113,288,302,249,259,259,259,285,285,285,285,300,300,316,316,387,387,409,334,278,130,176,176,204,303,382,297,297,340,103,109,109,257,257,292,262,368,443,443,443,464,491,491,285,378,451,86,144,144,44,44,44,19,44,14],"floor_reached":56,"playtime":10100,"items_purged":["hierophant:Defend_Hierophant","hierophant:Strike_Hierophant","hierophant:Strike_Hierophant","Parasite"],"score":1573,"play_id":"38cb1115-8f5d-4326-99e5-7af0b829d779","local_time":"20210109175306","is_ascension_mode":false,"campfire_choices":[{"data":"hierophant:PristineSoul","floor":6.0,"key":"SMITH"},{"floor":11.0,"key":"REST"},{"floor":13.0,"key":"RECALL"},{"data":"hierophant:PristineSoul","floor":15,"key":"SMITH"},{"data":"hierophant:Exaltation","floor":23,"key":"SMITH"},{"floor":28,"key":"REST"},{"data":"hierophant:ChurchCoffers","floor":32,"key":"SMITH"},{"data":"hierophant:HolyVerse","floor":40,"key":"SMITH"},{"data":"hierophant:Batter","floor":49,"key":"SMITH"},{"data":"hierophant:Punish","floor":52,"key":"SMITH"}],"circlet_count":0,"master_deck":["hierophant:Punish+1","hierophant:Defend_Hierophant+1","hierophant:ChurchCoffers+1","hierophant:Exaltation+1","hierophant:PristineSoul+1","hierophant:HolyVerse+1","hierophant:PristineSoul+1","hierophant:EyeForCoin+1","hierophant:Doubloon+1","hierophant:Doubloon+1","hierophant:Batter+1","hierophant:Doubloon+1","hierophant:Glossolalia+1","hierophant:Refuge","hierophant:Doubloon+1","hierophant:Doubloon+1","hierophant:Doubloon+1","hierophant:Doubloon+1","hierophant:RecallFunds+1","hierophant:Doubloon+1","hierophant:Cornucopia+1","hierophant:Doubloon+1","hierophant:Doubloon+1","hierophant:Remorse+1","hierophant:Doubloon+1","hierophant:Determination+1","hierophant:Doubloon+1","hierophant:FlamingChariot+1","hierophant:HolyVerse+1","hierophant:Doubloon+1","hierophant:Doubloon+1","hierophant:Empathy+1","expansioncontent:DonusPower+1","hierophant:Doubloon+1","hierophant:Bribe+1","hierophant:Doubloon+1","hierophant:Doubloon+1","hierophant:Charity+1","hierophant:Community+1","hierophant:Invocation+1","hierophant:Encroach+1","hierophant:Doubloon+1","hierophant:Doubloon+1","hierophant:MorningPrayer+1","hierophant:Doubloon+1"],"relics":["hierophant:PropheticMaskRelic","Torii","Mango","Toxic Egg 2","Philosopher\u0027s Stone","Unceasing Top","Frozen Egg 2","Matryoshka","Eternal Feather","MerchantsRug","Empty Cage","Shuriken","HollowMod:LifeEnderRelic","Akabeko","White Beast Statue","Bag of Preparation"],"acts_visited":["Exordium","TheCity","TheBeyond","TheEnding"],"potions_floor_usage":[16,18,24,24,37,38,48,48,50,55,55],"damage_taken":[{"damage":5.0,"enemies":"2 Louse","floor":1.0,"turns":3.0},{"damage":6.0,"enemies":"Jaw Worm","floor":3.0,"turns":5.0},{"damage":0.0,"enemies":"Small Slimes","floor":5.0,"turns":2.0},{"damage":42.0,"enemies":"3 Sentries","floor":8.0,"turns":12.0},{"damage":1.0,"enemies":"Lagavulin","floor":12.0,"turns":6.0},{"damage":1.0,"enemies":"Blue Slaver","floor":14.0,"turns":5.0},{"damage":44,"enemies":"The Guardian","floor":16,"turns":26},{"damage":0,"enemies":"Shell Parasite","floor":18,"turns":5},{"damage":23,"enemies":"2 Thieves","floor":20,"turns":4},{"damage":1,"enemies":"Centurion and Healer","floor":22,"turns":8},{"damage":26,"enemies":"Slavers","floor":24,"turns":4},{"damage":0,"enemies":"Gremlin Leader","floor":29,"turns":9},{"damage":16,"enemies":"Snake Plant","floor":31,"turns":5},{"damage":37,"enemies":"Collector","floor":33,"turns":12},{"damage":2,"enemies":"3 Darklings","floor":35,"turns":6},{"damage":0,"enemies":"Orb Walker","floor":37,"turns":3},{"damage":18,"enemies":"Writhing Mass","floor":38,"turns":6},{"damage":29,"enemies":"Reptomancer","floor":41,"turns":5},{"damage":15,"enemies":"Maw","floor":45,"turns":7},{"damage":27,"enemies":"Transient","floor":46,"turns":5},{"damage":0,"enemies":"Writhing Mass","floor":48,"turns":2},{"damage":12,"enemies":"Donu and Deca","floor":50,"turns":3},{"damage":27,"enemies":"Shield and Spear","floor":54,"turns":4},{"damage":90,"enemies":"The Heart","floor":55,"turns":11}],"seed_played":"-4257985966972496137","potions_obtained":[{"floor":3.0,"key":"FearPotion"},{"floor":5.0,"key":"Guardian:BlockOnCardUsePotion"},{"floor":8.0,"key":"ColorlessPotion"},{"floor":12.0,"key":"DistilledChaos"},{"floor":16,"key":"DistilledChaos"},{"floor":18,"key":"FearPotion"},{"floor":22,"key":"SkillPotion"},{"floor":24,"key":"sneckomod:MuddlingPotion"},{"floor":31,"key":"SpeedPotion"},{"floor":36,"key":"Regen Potion"},{"floor":36,"key":"Slimebound:ThreeZeroPotion"},{"floor":37,"key":"GamblersBrew"},{"floor":45,"key":"Block Potion"},{"floor":46,"key":"Weak Potion"},{"floor":48,"key":"PowerPotion"},{"floor":54,"key":"champ:CounterPotion"}],"is_trial":false,"path_per_floor":["M","?","M","$","M","R","?","E","T","?","R","E","R","M","R","B",null,"M","?","M","$","M","R","E","?","T","?","R","E","$","M","R","B",null,"M","?","M","M","?","R","E","T","T","$","M","M","$","M","R","B",null,"R","$","E","B",null],"character_chosen":"HIEROPHANT","items_purchased":["hierophant:HolyVerse","hierophant:Refuge","MerchantsRug","expansioncontent:DonusPower+1","hierophant:Community+1","hierophant:Invocation+1","hierophant:Doubloon+1"],"campfire_rested":2,"item_purchase_floors":[4,21,30,44,47,47,53],"current_hp_per_floor":[77,77,71,71,71,71,71,29,43,24,52,51,51,50,50,6,96,96,96,73,73,72,72,46,46,46,46,74,74,74,58,73,36,96,96,96,96,78,78,96,86,86,86,86,76,49,49,58,82,93,93,93,93,93,3],"gold":14,"neow_bonus":"TEN_PERCENT_HP_BONUS","is_daily":false,"chose_seed":false,"campfire_upgraded":7,"win_rate":0.0,"timestamp":1610236386,"path_taken":["M","?","M","$","M","R","?","E","T","?","R","E","R","M","R","BOSS","M","?","M","$","M","R","E","?","T","?","R","E","$","M","R","BOSS","M","?","?","?","?","R","E","?","T","$","M","M","$","M","R","BOSS","R","$","E","BOSS"],"items_purchased_type":["Card","Card","Relic","Card","Card","Card","Card"],"build_version":"2020-12-22","purchased_purges":4,"victory":true,"max_hp_per_floor":[82,82,82,82,82,82,82,82,96,96,96,96,96,96,96,96,96,96,96,96,96,96,96,96,96,96,96,96,96,96,96,96,96,96,96,96,96,96,96,96,96,96,96,96,96,96,93,93,93,93,93,93,93,93,93],"card_choices":[{"not_picked":["hierophant:FlamingChariot","hierophant:RustyCrate"],"picked":"hierophant:Exaltation","floor":1.0},{"not_picked":["hierophant:Shelter","hierophant:RepressedViolence"],"picked":"hierophant:PristineSoul","floor":3.0},{"not_picked":["hierophant:HammerAndAnvil","hierophant:Remorse","hierophant:SealAway"],"picked":"SKIP","floor":5.0},{"not_picked":["hierophant:Doomsaying","hierophant:DeathKnell"],"picked":"hierophant:PristineSoul","floor":8.0},{"not_picked":["hierophant:FlamingChariot","hierophant:Racketeering+1"],"picked":"hierophant:EyeForCoin+1","floor":12.0},{"not_picked":["hierophant:DisplayOfPower","hierophant:ThreeLashes","hierophant:Doubloon+1"],"picked":"SKIP","floor":14},{"not_picked":["hierophant:WrathOfGod","hierophant:AuricForm"],"picked":"hierophant:Batter","floor":16},{"not_picked":["hierophant:Doubloon+1","hierophant:DisplayOfPower"],"picked":"hierophant:Glossolalia+1","floor":18},{"not_picked":["hierophant:Purify","hierophant:Dazzle+1","hierophant:Bribe+1"],"picked":"SKIP","floor":20},{"not_picked":["hierophant:Shelter+1","hierophant:PassingBell","hierophant:FieryStrike+1"],"picked":"SKIP","floor":22},{"not_picked":["hierophant:CursedGold","hierophant:Remorse"],"picked":"hierophant:RecallFunds+1","floor":24},{"not_picked":["hierophant:MorningPrayer+1","hierophant:MintersHammer"],"picked":"hierophant:Cornucopia+1","floor":29},{"not_picked":["hierophant:Shelter+1","hierophant:AuricShield+1"],"picked":"hierophant:Remorse+1","floor":31},{"not_picked":["hierophant:WrathOfGod","hierophant:Cornucopia+1"],"picked":"hierophant:Determination+1","floor":33},{"not_picked":["hierophant:Prophecy+1","hierophant:PassingBell"],"picked":"hierophant:FlamingChariot+1","floor":35},{"not_picked":["hierophant:OrnateBuckler+1","hierophant:LocustPlague"],"picked":"hierophant:HolyVerse+1","floor":37},{"not_picked":["hierophant:FlamingChariot+1","hierophant:Alms+1","hierophant:FieryStrike+1"],"picked":"SKIP","floor":38},{"not_picked":["hierophant:ThreeLashes+1","hierophant:Zeal+1"],"picked":"hierophant:Empathy+1","floor":41},{"not_picked":["hierophant:Embezzle+1","hierophant:Encroach+1"],"picked":"hierophant:Bribe+1","floor":45},{"not_picked":["hierophant:Remorse+1","hierophant:Shelter+1"],"picked":"hierophant:Charity+1","floor":46},{"not_picked":["hierophant:HolyVerse+1","hierophant:FieryStrike"],"picked":"hierophant:Encroach+1","floor":48},{"not_picked":["hierophant:Shelter+1","hierophant:RustyCrate+1"],"picked":"hierophant:MorningPrayer+1","floor":54}],"player_experience":439495,"relics_obtained":[{"floor":8.0,"key":"Torii"},{"floor":9.0,"key":"Mango"},{"floor":12.0,"key":"Toxic Egg 2"},{"floor":24,"key":"Unceasing Top"},{"floor":26,"key":"Frozen Egg 2"},{"floor":29,"key":"Eternal Feather"},{"floor":41,"key":"Shuriken"},{"floor":42,"key":"HollowMod:LifeEnderRelic"},{"floor":43,"key":"Akabeko"},{"floor":43,"key":"White Beast Statue"},{"floor":54,"key":"Bag of Preparation"}],"event_choices":[{"damage_healed":0.0,"max_hp_gain":0.0,"max_hp_loss":0.0,"gold_gain":175.0,"event_name":"Liars Game","player_choice":"AGREE","floor":2.0,"gold_loss":0.0,"damage_taken":0.0,"cards_obtained":["Doubt"]},{"cards_removed":["Doubt"],"damage_healed":0.0,"max_hp_gain":0.0,"max_hp_loss":0.0,"gold_gain":0.0,"event_name":"Living Wall","player_choice":"Forget","floor":7.0,"gold_loss":0.0,"damage_taken":0.0},{"damage_healed":0.0,"max_hp_gain":0.0,"max_hp_loss":0.0,"gold_gain":0.0,"event_name":"Shining Light","player_choice":"Entered Light","floor":10.0,"gold_loss":0.0,"damage_taken":19.0,"cards_upgraded":["hierophant:Defend_Hierophant","hierophant:Defend_Hierophant"]},{"cards_removed":["hierophant:Defend_Hierophant"],"damage_healed":0,"gold_gain":0,"player_choice":"Gave Gold","damage_taken":0,"max_hp_gain":0,"max_hp_loss":0,"event_name":"Beggar","floor":19,"gold_loss":75},{"damage_healed":0,"gold_gain":99,"player_choice":"Stole From Cult","damage_taken":0,"max_hp_gain":0,"max_hp_loss":0,"event_name":"Nest","floor":25,"gold_loss":0},{"damage_healed":0,"gold_gain":0,"player_choice":"Obtained Relic","damage_taken":0,"relics_obtained":["Matryoshka"],"max_hp_gain":0,"max_hp_loss":0,"event_name":"Addict","floor":27,"gold_loss":85},{"damage_healed":0,"gold_gain":0,"player_choice":"Bought 2 Potions","damage_taken":0,"max_hp_gain":0,"max_hp_loss":0,"event_name":"The Woman in Blue","floor":36,"gold_loss":0},{"cards_removed":["hierophant:Defend_Hierophant"],"damage_healed":0,"gold_gain":0,"player_choice":"Removed Skill","damage_taken":0,"max_hp_gain":0,"max_hp_loss":0,"event_name":"Falling","floor":39,"gold_loss":0}],"is_beta":false,"boss_relics":[{"not_picked":["Runic Dome","Cursed Key"],"picked":"Philosopher\u0027s Stone"},{"not_picked":["Calling Bell","Runesmith:UraniumAnvil"],"picked":"Empty Cage"}],"items_purged_floors":[21,30,44,47],"is_endless":false,"potions_floor_spawned":[3,5,8,12,16,18,22,24,31,37,45,46,48,54],"ascension_level":0}}