{"host":"taazmjmli6ma7loo","time":1610151119,"event":{"mods":["AchievementEnabler","BaseMod","Hermit","Minty Spire (QoL Compilation)","StSLib","The Bug Knight","The Hierophant"],"gold_per_floor":[111,61,73,84,84,117,117,147,198,198,198,273,304,315,315,420,470,487,487,487,506,109,109,139,139,139,139,172,185,195,45,45,120,120,140,140,152,30,45,45,57,57,57,57,76,96,96,0,0,0,0],"floor_reached":50,"playtime":2597,"items_purged":["HollowMod:QuickDashStart"],"score":538,"play_id":"c2f2f707-147b-4fb3-b522-3c1f266ffd9c","local_time":"20210109091159","is_ascension_mode":false,"campfire_choices":[{"data":"HollowMod:ZotesMagnificence","floor":7.0,"key":"SMITH"},{"data":"HollowMod:CloakDash","floor":10.0,"key":"SMITH"},{"floor":15.0,"key":"REST"},{"data":"HollowMod:SoulShaman","floor":23.0,"key":"SMITH"},{"floor":25.0,"key":"REST"},{"data":"HollowMod:MantisMark","floor":27.0,"key":"SMITH"},{"floor":32.0,"key":"REST"},{"data":"hermit:FromBeyond","floor":40.0,"key":"SMITH"},{"data":"HollowMod:MantisMark","floor":42.0,"key":"SMITH"},{"data":"HollowMod:ZotesMagnificence","floor":49,"key":"SMITH"}],"circlet_count":0,"master_deck":["HollowMod:FocusHealStart","HollowMod:PogoStrike","HollowMod:CloakDash+1","HollowMod:DescendingDark+1","HollowMod:ZotesMagnificence+1","HollowMod:HuntersJournal","HollowMod:MantisMark+1","HollowMod:SoulShaman+1","HollowMod:CycloneSlash","HollowMod:AwokenDreamNail","HollowMod:LifebloodCocoon","HollowMod:VengefulSpirit+1","HollowMod:ZotesMagnificence","HollowMod:Weaversong","HollowMod:SoulStrike+1","HollowMod:HuntersJournal+1","HollowMod:SiblingsSouls+1","hierophant:Purify","hermit:FromBeyond+1","HollowMod:AbyssShriek","HollowMod:PureNailStrike","HollowMod:CoiledNail","HollowMod:MantisMark+1","HollowMod:SoulEater","HollowMod:SharpenedShadows","hermit:Feint+1","HollowMod:ZotesMagnificence+1","Sweeping Beam+1","HollowMod:ZotesMagnificence+1","Madness","Madness","PiercingWail+1"],"relics":["HollowMod:VesselMask","NeowsBlessing","Dream Catcher","Odd Mushroom","Oddly Smooth Stone","StrikeDummy","Tiny House","Calipers","Meat on the Bone","Potion Belt","PrismaticShard","Pandora\u0027s Box","Letter Opener","Red Mask"],"acts_visited":["Exordium","TheCity","TheBeyond"],"potions_floor_usage":[45,50],"damage_taken":[{"damage":0.0,"enemies":"Small Slimes","floor":1.0,"turns":1.0},{"damage":0.0,"enemies":"2 Louse","floor":3.0,"turns":1.0},{"damage":0.0,"enemies":"Jaw Worm","floor":4.0,"turns":1.0},{"damage":17.0,"enemies":"3 Sentries","floor":6.0,"turns":6.0},{"damage":12.0,"enemies":"The Mushroom Lair","floor":8.0,"turns":3.0},{"damage":7.0,"enemies":"Gremlin Nob","floor":13.0,"turns":3.0},{"damage":1.0,"enemies":"Looter","floor":14.0,"turns":2.0},{"damage":39.0,"enemies":"The Guardian","floor":16.0,"turns":8.0},{"damage":0.0,"enemies":"Spheric Guardian","floor":18.0,"turns":1.0},{"damage":9.0,"enemies":"Shell Parasite","floor":21.0,"turns":3.0},{"damage":41.0,"enemies":"Slavers","floor":24.0,"turns":6.0},{"damage":19.0,"enemies":"HollowMod:Nosk","floor":28.0,"turns":6.0},{"damage":11.0,"enemies":"3 Cultists","floor":29.0,"turns":4.0},{"damage":29.0,"enemies":"Centurion and Healer","floor":30.0,"turns":5.0},{"damage":49.0,"enemies":"Champ","floor":33.0,"turns":8.0},{"damage":29.0,"enemies":"Orb Walker","floor":35.0,"turns":3.0},{"damage":34.0,"enemies":"3 Darklings","floor":37.0,"turns":6.0},{"damage":10.0,"enemies":"Writhing Mass","floor":39.0,"turns":2.0},{"damage":17.0,"enemies":"Jaw Worm Horde","floor":41.0,"turns":3.0},{"damage":2,"enemies":"Sphere and 2 Shapes","floor":45,"turns":2},{"damage":17,"enemies":"4 Shapes","floor":46,"turns":2},{"damage":88,"enemies":"Time Eater","floor":50,"turns":5}],"seed_played":"-2045781788020208357","potions_obtained":[{"floor":4.0,"key":"LiquidBronze"},{"floor":13.0,"key":"FearPotion"},{"floor":14.0,"key":"SneckoOil"},{"floor":17.0,"key":"Weak Potion"},{"floor":24.0,"key":"CultistPotion"},{"floor":29.0,"key":"LiquidMemories"},{"floor":30.0,"key":"LiquidMemories"},{"floor":37.0,"key":"SkillPotion"},{"floor":41.0,"key":"SkillPotion"}],"is_trial":false,"path_per_floor":["M","?","M","M","?","E","R","?","T","R","?","?","E","M","R","B",null,"M","?","?","M","$","R","E","R","T","R","E","M","M","$","R","B",null,"M","?","M","$","M","R","M","R","T","?","M","M","?","?","R","B"],"character_chosen":"THE_BUGKNIGHT","items_purchased":["HollowMod:ZotesMagnificence","HollowMod:Weaversong","PrismaticShard","Fire Potion","Regen Potion"],"campfire_rested":3,"item_purchase_floors":[22,22,31,38,38],"current_hp_per_floor":[75,75,75,75,75,64,64,52,52,52,52,41,34,33,55,16,80,80,80,80,71,71,71,36,60,60,60,47,42,31,31,55,24,80,51,51,29,29,36,36,31,31,31,21,31,26,70,70,70,0,0],"gold":0,"neow_bonus":"THREE_ENEMY_KILL","is_daily":false,"chose_seed":false,"campfire_upgraded":7,"win_rate":0.0,"timestamp":1610151119,"path_taken":["M","?","M","M","?","E","R","?","T","R","?","?","E","?","R","BOSS","M","?","?","?","$","R","E","R","T","R","E","M","M","?","R","BOSS","M","?","M","?","M","R","M","R","T","?","M","M","?","?","R","BOSS"],"items_purchased_type":["Card","Card","Relic","Potion","Potion"],"build_version":"2020-12-22","purchased_purges":1,"victory":false,"max_hp_per_floor":[75,75,75,75,75,75,75,75,75,75,75,75,75,75,75,75,80,80,80,80,80,80,80,80,80,80,80,80,80,80,80,80,80,80,80,80,80,80,80,80,80,80,80,80,80,80,70,70,70,70,70],"card_choices":[{"not_picked":["HollowMod:SoulSplash","HollowMod:CloakDash","HollowMod:TaintedHusks"],"picked":"SKIP","floor":1.0},{"not_picked":["HollowMod:QuirrelsAssistance","HollowMod:BlackTendrils"],"picked":"HollowMod:CloakDash","floor":3.0},{"not_picked":["HollowMod:CornifersMapStart","HollowMod:LifebloodCocoon"],"picked":"HollowMod:DescendingDark","floor":4.0},{"not_picked":["HollowMod:NewJinnsSoul","HollowMod:DungDefenderAura"],"picked":"HollowMod:ZotesMagnificence","floor":6.0},{"not_picked":["HollowMod:ShadowDash","HollowMod:WraithStrike"],"picked":"HollowMod:HuntersJournal","floor":8.0},{"not_picked":["HollowMod:CornifersMapStart","HollowMod:SoulVessel"],"picked":"HollowMod:MantisMark","floor":13.0},{"not_picked":["HollowMod:HeavyBlow","HollowMod:FallenFury"],"picked":"HollowMod:SoulShaman","floor":14.0},{"not_picked":["HollowMod:SoulMaster","HollowMod:GrimmsGift"],"picked":"HollowMod:CycloneSlash","floor":15.0},{"not_picked":["HollowMod:LifebloodCore","HollowMod:MidwifesHunger"],"picked":"HollowMod:AwokenDreamNail","floor":16.0},{"not_picked":["HollowMod:SoulSplash+1","HollowMod:GoodIntentions"],"picked":"HollowMod:LifebloodCocoon","floor":18.0},{"not_picked":["HollowMod:DashSlash","HollowMod:GrimmsGift"],"picked":"HollowMod:VengefulSpirit+1","floor":21.0},{"not_picked":["HollowMod:CornifersMapStart","HollowMod:SiblingsShadow+1","HollowMod:SharpenedShadows"],"picked":"SKIP","floor":24.0},{"not_picked":["HollowMod:WraithStrike","HollowMod:HeavyBlow"],"picked":"HollowMod:SoulStrike+1","floor":25.0},{"not_picked":["HollowMod:MantisMark","HollowMod:InfectedAttack+1"],"picked":"HollowMod:HuntersJournal+1","floor":28.0},{"not_picked":["HollowMod:InfectedAttack+1","HollowMod:DungDefenderAura","HollowMod:NewLittleFool"],"picked":"SKIP","floor":29.0},{"not_picked":["HollowMod:LifebloodCore","HollowMod:ChannelNail"],"picked":"HollowMod:SiblingsSouls+1","floor":30.0},{"not_picked":["Heatsinks","Beam Cell"],"picked":"hierophant:Purify","floor":32.0},{"not_picked":["Bullet Time","Amplify"],"picked":"hermit:FromBeyond","floor":33.0},{"not_picked":["Beam Cell","HollowMod:CornifersMapStart+1"],"picked":"hermit:Feint+1","floor":35.0},{"not_picked":["HollowMod:NewLittleFool","Vengeance","Ball Lightning+1"],"picked":"SKIP","floor":37.0},{"not_picked":["hierophant:Remorse+1","hierophant:MorningPrayer"],"picked":"Sweeping Beam+1","floor":39.0},{"not_picked":["Quick Slash+1","hermit:Ricochet+1"],"picked":"HollowMod:ZotesMagnificence","floor":41.0},{"not_picked":["hermit:Coalescence","Barrage+1"],"picked":"PiercingWail+1","floor":45},{"not_picked":["Perfected Strike+1","LessonLearned","Reflex+1"],"picked":"SKIP","floor":46}],"player_experience":432274,"relics_obtained":[{"floor":6.0,"key":"Dream Catcher"},{"floor":8.0,"key":"Odd Mushroom"},{"floor":9.0,"key":"Oddly Smooth Stone"},{"floor":13.0,"key":"StrikeDummy"},{"floor":24.0,"key":"Calipers"},{"floor":26.0,"key":"Meat on the Bone"},{"floor":28.0,"key":"Potion Belt"},{"floor":43.0,"key":"Letter Opener"}],"event_choices":[{"cards_removed":["HollowMod:QuickDashStart"],"damage_healed":0.0,"max_hp_gain":0.0,"max_hp_loss":0.0,"gold_gain":0.0,"event_name":"The Cleric","player_choice":"Card Removal","floor":2.0,"gold_loss":50.0,"damage_taken":0.0},{"damage_healed":0.0,"max_hp_gain":0.0,"max_hp_loss":0.0,"gold_gain":0.0,"event_name":"Living Wall","player_choice":"Grow","floor":5.0,"gold_loss":0.0,"damage_taken":0.0,"cards_upgraded":["HollowMod:DescendingDark"]},{"damage_healed":0.0,"max_hp_gain":0.0,"max_hp_loss":0.0,"gold_gain":0.0,"event_name":"Mushrooms","player_choice":"Fought Mushrooms","floor":8.0,"gold_loss":0.0,"damage_taken":0.0},{"damage_healed":0.0,"max_hp_gain":0.0,"max_hp_loss":0.0,"gold_gain":75.0,"event_name":"World of Goop","player_choice":"Gather Gold","floor":12.0,"gold_loss":0.0,"damage_taken":11.0},{"damage_healed":0.0,"max_hp_gain":0.0,"max_hp_loss":0.0,"gold_gain":0.0,"event_name":"Ghosts","player_choice":"Ignored","floor":19.0,"gold_loss":0.0,"damage_taken":0.0},{"damage_healed":0.0,"max_hp_gain":0.0,"max_hp_loss":0.0,"gold_gain":0.0,"event_name":"NoteForYourself","player_choice":"Ignored","floor":20.0,"gold_loss":0.0,"damage_taken":0.0},{"damage_healed":0.0,"max_hp_gain":0.0,"max_hp_loss":0.0,"gold_gain":0.0,"event_name":"Duplicator","player_choice":"Copied","floor":36.0,"gold_loss":0.0,"damage_taken":0.0,"cards_obtained":["HollowMod:ZotesMagnificence"]},{"damage_healed":0.0,"max_hp_gain":0.0,"max_hp_loss":0.0,"gold_gain":0.0,"event_name":"Winding Halls","player_choice":"Embrace Madness","floor":44.0,"gold_loss":0.0,"damage_taken":10.0,"cards_obtained":["Madness","Madness"]},{"damage_healed":70,"gold_gain":0,"player_choice":"Heal","damage_taken":0,"max_hp_gain":0,"max_hp_loss":10,"event_name":"The Moai Head","floor":47,"gold_loss":0},{"damage_healed":0,"gold_gain":0,"player_choice":"Paid","damage_taken":0,"relics_obtained":["Red Mask"],"max_hp_gain":0,"max_hp_loss":0,"event_name":"Tomb of Lord Red Mask","floor":48,"gold_loss":96}],"is_beta":false,"boss_relics":[{"not_picked":["Velvet Choker","Astrolabe"],"picked":"Tiny House"},{"not_picked":["Sozu","Coffee Dripper"],"picked":"Pandora\u0027s Box"}],"items_purged_floors":[22],"is_endless":false,"potions_floor_spawned":[4,13,14,24,29,30,37,41],"killed_by":"Time Eater","ascension_level":0}}