{"host":"dxmdoimsvept8qwy","time":1610225797,"event":{"mods":["BaseMod","Colored Powertips","Custom Start","Minty Spire (QoL Compilation)","StSLib"],"gold_per_floor":[116,17,17,28,45,77,42,42,42],"floor_reached":8,"playtime":428,"items_purged":["Strike_G"],"score":81,"play_id":"ece37f48-8acb-457e-9498-6acc24dbdca2","local_time":"20210109155637","is_ascension_mode":true,"campfire_choices":[],"circlet_count":0,"master_deck":["Strike_G","Strike_G","Strike_G","Strike_G","Defend_G","Defend_G","Defend_G","Defend_G","Survivor","Neutralize","Blur","Backflip","Cloak And Dagger","Blur","Accuracy"],"relics":["Ring of the Snake","NeowsBlessing","Letter Opener"],"acts_visited":["Exordium"],"potions_floor_usage":[6,6,8],"damage_taken":[{"damage":0,"enemies":"Small Slimes","floor":1,"turns":1},{"damage":0,"enemies":"Cultist","floor":4,"turns":1},{"damage":0,"enemies":"Jaw Worm","floor":5,"turns":1},{"damage":41,"enemies":"3 Sentries","floor":6,"turns":25},{"damage":63,"enemies":"Gremlin Nob","floor":8,"turns":6}],"seed_played":"-2293527615625558601","potions_obtained":[{"floor":1,"key":"Fire Potion"},{"floor":4,"key":"ColorlessPotion"},{"floor":6,"key":"Swift Potion"}],"is_trial":false,"path_per_floor":["M","$","?","M","M","E","?","E"],"character_chosen":"THE_SILENT","items_purchased":["Backflip"],"campfire_rested":0,"item_purchase_floors":[2],"current_hp_per_floor":[63,63,63,63,63,22,39,0,0],"gold":42,"neow_bonus":"THREE_ENEMY_KILL","is_daily":false,"chose_seed":false,"campfire_upgraded":0,"win_rate":0.0,"timestamp":1610225797,"path_taken":["M","$","?","M","?","E","?","E"],"items_purchased_type":["Card"],"build_version":"2020-12-22","purchased_purges":1,"victory":false,"max_hp_per_floor":[70,70,70,70,70,70,70,70,70],"card_choices":[{"not_picked":["Acrobatics","Slice"],"picked":"Blur","floor":1},{"not_picked":["Choke","Sucker Punch"],"picked":"Cloak And Dagger","floor":4},{"not_picked":["Dodge and Roll","Choke"],"picked":"Blur","floor":5},{"not_picked":["Poisoned Stab","Flying Knee"],"picked":"Accuracy","floor":6}],"player_experience":1008003,"relics_obtained":[{"floor":6,"key":"Letter Opener"}],"event_choices":[{"cards_removed":["Defend_G"],"damage_healed":0,"gold_gain":0,"player_choice":"Offered Basic","damage_taken":0,"max_hp_gain":0,"max_hp_loss":0,"event_name":"Bonfire Elementals","floor":3,"gold_loss":0},{"damage_healed":17,"gold_gain":0,"player_choice":"Healed","damage_taken":0,"max_hp_gain":0,"max_hp_loss":0,"event_name":"The Cleric","floor":7,"gold_loss":35}],"is_beta":false,"boss_relics":[],"items_purged_floors":[2],"is_endless":false,"potions_floor_spawned":[1,4,6],"killed_by":"Gremlin Nob","ascension_level":9}}