{"host":"m5bsg12zcyqnofur","time":1610174641,"event":{"mods":["BaseMod","BetterRewards","Colored Powertips","Downfall","Highlight Path","Minty Spire (QoL Compilation)","Quick Restart","Replay The Spire","Shop Mod","StSLib"],"gold_per_floor":[115,115,133,65,78,106,106,131,210,221,239,239,8,27,27,27,27],"floor_reached":16,"playtime":1331,"items_purged":["Strike_R"],"score":118,"play_id":"2bc91012-04c9-40ff-9411-e796d5d20613","local_time":"20210109004401","is_ascension_mode":true,"campfire_choices":[{"data":"Armaments","floor":7,"key":"SMITH"},{"data":"Offering","floor":12,"key":"SMITH"},{"data":"ReplayTheSpireMod:Muscle Training","floor":15,"key":"SMITH"}],"circlet_count":0,"master_deck":["Strike_R+1","Strike_R","Strike_R","Defend_R","Defend_R","Defend_R","Defend_R+1","Bash","Run Through","Rupture","Armaments+1","Rupture","Offering+1","ReplayTheSpireMod:Muscle Training+1"],"relics":["Burning Blood","Prayer Wheel","Simple Rune","Snack Pack","Replay:Bandana"],"acts_visited":["Exordium"],"potions_floor_usage":[6,6],"damage_taken":[{"damage":1,"enemies":"Jaw Worm","floor":1,"turns":5},{"damage":4,"enemies":"Cultist","floor":3,"turns":4},{"damage":4,"enemies":"2 Louse","floor":5,"turns":3},{"damage":29,"enemies":"3 Sentries","floor":6,"turns":12},{"damage":35,"enemies":"Lagavulin","floor":8,"turns":8},{"damage":11,"enemies":"Large Slime","floor":10,"turns":6},{"damage":8,"enemies":"Lots of Slimes","floor":11,"turns":6},{"damage":13,"enemies":"Looter","floor":14,"turns":3},{"damage":0,"enemies":"Fading Forest","floor":16,"turns":1}],"seed_played":"-4904513811086948279","potions_obtained":[{"floor":1,"key":"BlessingOfTheForge"},{"floor":3,"key":"hexamod:EctoCoolerPotion"},{"floor":11,"key":"hexamod:EctoCoolerPotion"}],"is_trial":false,"path_per_floor":["M","?","M","$","M","E","R","E","T","M","M","R","$","M","R","B"],"character_chosen":"IRONCLAD","items_purchased":["Rupture","Replay:Bandana"],"campfire_rested":0,"item_purchase_floors":[4,13],"current_hp_per_floor":[88,88,88,88,88,65,65,36,36,35,37,37,37,30,30,30,30],"gold":27,"neow_bonus":"TEN_PERCENT_HP_BONUS","is_daily":false,"chose_seed":false,"campfire_upgraded":3,"win_rate":0.0,"timestamp":1610174641,"path_taken":["M","?","M","$","M","E","R","E","T","M","?","R","$","M","R","BOSS"],"items_purchased_type":["Card","Relic"],"build_version":"2020-12-22","purchased_purges":1,"victory":false,"max_hp_per_floor":[88,88,88,88,88,88,88,88,88,88,88,88,88,88,88,88,88],"card_choices":[{"not_picked":["Disarm","Headbutt","Combust"],"picked":"SKIP","floor":1},{"not_picked":["Headbutt","Sever Soul"],"picked":"Run Through","floor":3},{"not_picked":["Massacre","Whirlwind"],"picked":"Armaments","floor":5},{"not_picked":["Anger","Thunderclap","Sword Boomerang"],"picked":"SKIP","floor":6},{"not_picked":["Heavy Blade","ReplayTheSpireMod:Corrosion Curse","Flex"],"picked":"SKIP","floor":8},{"not_picked":["Flex","Armaments"],"picked":"Rupture","floor":10},{"not_picked":["Headbutt","Body Slam","ReplayTheSpireMod:Corrosion Curse"],"picked":"SKIP","floor":10},{"not_picked":["Burning Pact","Anger"],"picked":"Offering","floor":11},{"not_picked":["Thunderclap","Sever Soul","Dual Wield"],"picked":"SKIP","floor":11},{"not_picked":["ReplayTheSpireMod:Corrosion Curse","Pommel Strike"],"picked":"ReplayTheSpireMod:Muscle Training","floor":14},{"not_picked":["ReplayTheSpireMod:Strike From Hell","Dropkick","Replay:Undeath\u0027s Touch"],"picked":"SKIP","floor":14}],"player_experience":107732,"relics_obtained":[{"floor":6,"key":"Prayer Wheel"},{"floor":8,"key":"Simple Rune"},{"floor":9,"key":"Snack Pack"}],"event_choices":[{"cards_removed":["Strike_R"],"damage_healed":0,"gold_gain":0,"player_choice":"Offered Basic","damage_taken":0,"max_hp_gain":0,"max_hp_loss":0,"event_name":"Bonfire Elementals","floor":2,"gold_loss":0}],"is_beta":false,"boss_relics":[],"items_purged_floors":[13],"is_endless":false,"potions_floor_spawned":[1,3,11],"killed_by":"Fading Forest","ascension_level":1}}