{"host":"a7dhdzm3fda48fos","time":1610179724,"event":{"mods":["AchievementEnabler","AlwaysNeverKeys","BaseMod","Better Altar","Better Note","Better Sensory Stone","Better Skull","Better Third Choice","BetterRewards","Block Reminder","Colored Map","Displayed Cursed Tome","Downfall","Friendly Minions","Gold Saver","Hermit","Infinite Spire","Minty Spire (QoL Compilation)","Quick Restart","Relic Filter","Relic Sorter","Relic Stats","Remove Card Discount Mod","Replay The Spire","StSLib","The Cursed"],"gold_per_floor":[117,135,148,148,60,78,154,254,265,265,279,279,139,169,185,286,286,286,304,316,24,124,109,133,133,83,94,94,119,208,208,224,329,329,329,339,350,350,350,350],"floor_reached":38,"playtime":9954,"items_purged":[],"score":444,"play_id":"e156eb59-851b-44c5-8887-0b3db61933b2","local_time":"20210109090844","is_ascension_mode":false,"campfire_choices":[{"floor":1.0,"key":"DIG"},{"data":"Slimebound:Gluttony","floor":10.0,"key":"SMITH"},{"data":"Slimebound:SlimeSlap","floor":12.0,"key":"SMITH"},{"data":"Slimebound:LeechEnergy","floor":18,"key":"SMITH"},{"floor":28,"key":"REST"},{"data":"Slimebound:AcidTongue","floor":28,"key":"SMITH"},{"data":"Slimebound:Teamwork","floor":35,"key":"SMITH"}],"circlet_count":0,"master_deck":["Slimebound:Tackle","Slimebound:Defend_Slimebound","Slimebound:Defend_Slimebound","Slimebound:Defend_Slimebound","Slimebound:Defend_Slimebound","Slimebound:Split","Slimebound:CorrosiveSpit","Slimebound:RollThrough","Slimebound:SplitAcid","Slimebound:SlimeSlap+1","Slimebound:Gluttony+1","Slimebound:GrowthPunch","Slimebound:GrowthPunch","Slimebound:SelfFormingGoo","Slimebound:SplitAcid","Slimebound:LeechEnergy+1","Slimebound:LeadByExample","Slimebound:RejuvenatingLick+1","Slimebound:SplitBruiser","Slimebound:LeechEnergy","Slimebound:MassRepurpose","Slimebound:AcidTongue+1","Slimebound:FirmFortitude+1","Slimebound:FlameTackle","Slimebound:OneTwoCombo","Slimebound:OozeBath","Slimebound:FlameTackle+1","Slimebound:RainOfGoop+1","Bite","Bite","Bite","Bite","Bite","Slimebound:SamplingLick+1","Slimebound:AcidTongue+1","Slimebound:RejuvenatingLick","Slimebound:SplitMire+1","Slimebound:SplitMire+1","Slimebound:Teamwork+1","Slimebound:AcidTongue+1","Slimebound:ComboTackle+1"],"relics":["Slimebound:AbsorbEndCombat","Matryoshka","Toy Ornithopter","ReplayTheSpireMod:TigerMarble","Black Star","infinitespire:Magic Flask","Replay:WaspNest","Omamori","Replay:Rubber Ducky","HornCleat","Iron Hammer","ReplayFunnel","infinitespire:Broken Mirror","Painkiller Herb"],"acts_visited":["Exordium","TheCity","TheBeyond"],"potions_floor_usage":[20,29,38,38,38],"damage_taken":[{"damage":24.0,"enemies":"Small Slimes","floor":2.0,"turns":4.0},{"damage":5.0,"enemies":"Cultist","floor":3.0,"turns":3.0},{"damage":21.0,"enemies":"downfall:FleeingMerchant","floor":5.0,"turns":4.0},{"damage":21.0,"enemies":"Jaw Worm","floor":6.0,"turns":3.0},{"damage":57.0,"enemies":"downfall:LadyInBlue","floor":8.0,"turns":9.0},{"damage":19.0,"enemies":"Red Slaver","floor":9.0,"turns":4.0},{"damage":38.0,"enemies":"Exordium Thugs","floor":11.0,"turns":5.0},{"damage":14.0,"enemies":"downfall:FleeingMerchant","floor":13.0,"turns":4.0},{"damage":50.0,"enemies":"Gremlin Nob","floor":14.0,"turns":5.0},{"damage":12.0,"enemies":"2 Fungi Beasts","floor":15.0,"turns":2.0},{"damage":42,"enemies":"downfall:Watcher","floor":16,"turns":7},{"damage":44,"enemies":"Spheric Guardian","floor":19,"turns":5},{"damage":26,"enemies":"Shell Parasite","floor":20,"turns":3},{"damage":15,"enemies":"downfall:FleeingMerchant","floor":21,"turns":4},{"damage":58,"enemies":"downfall:Ironclad","floor":22,"turns":6},{"damage":27,"enemies":"downfall:FleeingMerchant","floor":23,"turns":4},{"damage":13,"enemies":"Snecko","floor":27,"turns":4},{"damage":74,"enemies":"Nightmare","floor":29,"turns":7},{"damage":14,"enemies":"Centurion and Healer","floor":32,"turns":4},{"damage":42,"enemies":"downfall:Silent","floor":33,"turns":4},{"damage":4,"enemies":"Orb Walker","floor":36,"turns":3},{"damage":43,"enemies":"3 Darklings","floor":37,"turns":4},{"damage":36,"enemies":"infinitespire:Three Voidlings","floor":38,"turns":3},{"damage":98,"enemies":"Nightmare_Alpha","floor":38,"turns":5}],"seed_played":"-1809726258590069811","potions_obtained":[{"floor":2.0,"key":"LiquidMemories"},{"floor":8.0,"key":"CultistPotion"},{"floor":8.0,"key":"ColorlessPotion"},{"floor":16,"key":"infinitespire:BlackPotion"},{"floor":22,"key":"Reflective Coating"},{"floor":30,"key":"Regen Potion"},{"floor":33,"key":"Toxic Potion"}],"is_trial":false,"path_per_floor":["R_BF","M","M","?","$","M","T","?","M","R","M","R","$","E","M","B",null,"R","M","M","$","?","$","T","?","?","M","R","NM","?","T","M","B",null,"T","?","?","?"],"character_chosen":"SLIMEBOUND","items_purchased":["Slimebound:Gluttony","Slimebound:LeadByExample","Slimebound:RejuvenatingLick+1","Slimebound:OneTwoCombo","Slimebound:OozeBath"],"campfire_rested":1,"item_purchase_floors":[5,13,13,21,21],"current_hp_per_floor":[66,50,59,59,60,53,53,58,57,57,41,41,53,27,35,55,66,66,40,25,46,40,41,41,41,66,58,66,37,37,37,66,43,66,66,66,45,0,0,0],"gold":350,"neow_bonus":"TEN_PERCENT_HP_BONUS","is_daily":false,"chose_seed":false,"campfire_upgraded":5,"win_rate":0.0,"timestamp":1610179724,"path_taken":["R_BF","M","M","?","$","?","T","?","?","R","M","R","$","E","M","BOSS","R","M","M","$","?","$","T","?","?","M","R","NM","?","?","M","BOSS","T","?","?","?"],"items_purchased_type":["Card","Card","Card","Card","Card"],"build_version":"2020-12-22","purchased_purges":0,"victory":false,"max_hp_per_floor":[66,66,66,66,66,66,66,66,66,66,66,66,66,66,66,66,66,66,66,66,66,66,66,66,66,66,66,66,66,66,66,66,66,66,66,66,66,66,66,66],"relic_stats":{"counters":[24,104],"Black Star":1,"obtain_stats":[{"ReplayFunnel":30,"Painkiller Herb":34,"Replay:WaspNest":22,"Omamori":24,"infinitespire:Magic Flask":22,"Replay:Rubber Ducky":24,"Blood Vial":1,"Matryoshka":7,"HornCleat":29,"infinitespire:Broken Mirror":31,"Iron Hammer":29,"Slimebound:AbsorbEndCombat":0,"ReplayTheSpireMod:TigerMarble":14,"Black Star":17,"Toy Ornithopter":8},{"ReplayFunnel":18,"Painkiller Herb":20,"Replay:WaspNest":15,"Omamori":16,"infinitespire:Magic Flask":15,"Replay:Rubber Ducky":16,"Blood Vial":0,"Matryoshka":4,"HornCleat":18,"infinitespire:Broken Mirror":18,"Iron Hammer":18,"Slimebound:AbsorbEndCombat":0,"ReplayTheSpireMod:TigerMarble":9,"Black Star":11,"Toy Ornithopter":5},{"ReplayFunnel":81,"Painkiller Herb":89,"Replay:WaspNest":66,"Omamori":70,"infinitespire:Magic Flask":66,"Replay:Rubber Ducky":70,"Blood Vial":0,"Matryoshka":13,"HornCleat":81,"infinitespire:Broken Mirror":81,"Iron Hammer":81,"Slimebound:AbsorbEndCombat":0,"ReplayTheSpireMod:TigerMarble":39,"Black Star":48,"Toy Ornithopter":22}],"Toy Ornithopter":25},"card_choices":[{"not_picked":["Slimebound:Prepare","Slimebound:LivingWall"],"picked":"Slimebound:RollThrough","floor":2.0},{"not_picked":["Slimebound:PressTheAttack","Slimebound:LeechingTouch"],"picked":"Slimebound:SplitAcid","floor":3.0},{"not_picked":["Slimebound:Schlurp","Slimebound:SlimeSpikes"],"picked":"Slimebound:SlimeSlap","floor":5.0},{"not_picked":["Slimebound:ComboTackle","Slimebound:MegaLick"],"picked":"Slimebound:GrowthPunch","floor":6.0},{"not_picked":["Slimebound:ViciousTackle","Slimebound:TongueLash"],"picked":"Slimebound:GrowthPunch","floor":8.0},{"not_picked":["Slimebound:Equalize","Slimebound:ForwardTackle"],"picked":"Slimebound:SelfFormingGoo","floor":9.0},{"not_picked":["Slimebound:ViciousTackle","Slimebound:Replication"],"picked":"Slimebound:SplitAcid","floor":11.0},{"not_picked":["Slimebound:ComboTackle","Slimebound:SplitMire"],"picked":"Slimebound:LeechEnergy","floor":13.0},{"not_picked":["Slimebound:PressTheAttack","Slimebound:FinishingTackle"],"picked":"Slimebound:SplitBruiser","floor":14.0},{"not_picked":["Slimebound:SlimeSpikes","Slimebound:SplitBruiser"],"picked":"Slimebound:LeechEnergy","floor":15.0},{"not_picked":["Slimebound:WasteNot","Slimebound:OozeBath"],"picked":"Slimebound:MassRepurpose","floor":16},{"not_picked":["Slimebound:GoopSpray","Slimebound:SplitAcid+1"],"picked":"Slimebound:AcidTongue","floor":19},{"not_picked":["Slimebound:FinishingTackle+1","Slimebound:RollThrough"],"picked":"Slimebound:FirmFortitude+1","floor":20},{"not_picked":["Slimebound:GoopSpray","Slimebound:LeechingTouch"],"picked":"Slimebound:FlameTackle","floor":21},{"not_picked":["Slimebound:LeadByExample","Slimebound:PressTheAttack"],"picked":"Slimebound:FlameTackle+1","floor":22},{"not_picked":["Slimebound:GoopSpray","Slimebound:SplitAcid+1"],"picked":"Slimebound:RainOfGoop+1","floor":23},{"not_picked":["Slimebound:ItLooksTasty","Slimebound:Schlurp+1"],"picked":"Slimebound:SamplingLick+1","floor":27},{"not_picked":["Slimebound:Prepare","Slimebound:BestDefense"],"picked":"Slimebound:AcidTongue+1","floor":29},{"not_picked":["Slimebound:Repurpose","Slimebound:GoopSpray"],"picked":"Slimebound:RejuvenatingLick","floor":30},{"not_picked":["Slimebound:Repurpose","Slimebound:SplitLeeching"],"picked":"Slimebound:SplitMire+1","floor":30},{"not_picked":["Slimebound:FlameTackle","Slimebound:Replication"],"picked":"Slimebound:SplitMire+1","floor":32},{"not_picked":["Slimebound:PrepareCrush","Slimebound:DouseInSlime"],"picked":"Slimebound:Teamwork","floor":33},{"not_picked":["Slimebound:SplitLeeching","Slimebound:GoopSpray"],"picked":"Slimebound:AcidTongue+1","floor":36},{"not_picked":["Slimebound:LivingWall+1","Slimebound:SamplingLick"],"picked":"Slimebound:ComboTackle+1","floor":37}],"player_experience":100054,"relics_obtained":[{"floor":1.0,"key":"Blood Vial"},{"floor":7.0,"key":"Matryoshka"},{"floor":8.0,"key":"Toy Ornithopter"},{"floor":14.0,"key":"ReplayTheSpireMod:TigerMarble"},{"floor":22,"key":"infinitespire:Magic Flask"},{"floor":22,"key":"Replay:WaspNest"},{"floor":24,"key":"Omamori"},{"floor":24,"key":"Replay:Rubber Ducky"},{"floor":29,"key":"HornCleat"},{"floor":29,"key":"Iron Hammer"},{"floor":30,"key":"ReplayFunnel"},{"floor":31,"key":"infinitespire:Broken Mirror"}],"event_choices":[{"damage_healed":0.0,"max_hp_gain":0.0,"max_hp_loss":0.0,"gold_gain":0.0,"event_name":"betterNote:BetterNote","player_choice":"Ignored","floor":4.0,"gold_loss":0.0,"damage_taken":0.0,"cards_obtained":["Alpha"]},{"damage_healed":0,"gold_gain":0,"player_choice":"Became a vampire (Vial)","damage_taken":0,"max_hp_gain":0,"max_hp_loss":0,"event_name":"Vampires","floor":25,"relics_lost":["Blood Vial"],"gold_loss":0,"cards_obtained":["Bite","Bite","Bite","Bite","Bite"]}],"is_beta":false,"boss_relics":[{"not_picked":["Replay:Ancient Bell","ReplayTheSpireMod:DimensionalGlitch"],"picked":"Black Star"},{"not_picked":["Kintsugi","Runic Dome"],"picked":"Painkiller Herb"}],"items_purged_floors":[],"is_endless":true,"potions_floor_spawned":[2,8,9,15,16,22,27,33,38],"killed_by":"Nightmare_Alpha","ascension_level":0}}