{"host":"6ct3sqwo9phh600z","time":1610196187,"event":{"mods":["AchievementEnabler","BaseMod","Colored Map","Custom Start","Minty Spire (QoL Compilation)","Quick Restart","StSLib","SuperFastMode"],"gold_per_floor":[110,58,58,58,72,103,103,103,103,122,142,142,176,188,188,293,293,312,312,312,312,312,312,328,328,328,328,243,259,277,277,277,375,375,386,386,386,396,79,79,179,213,213,213,230,230,230,53,53,53],"floor_reached":51,"playtime":1364,"items_purged":["Writhe","Grand Finale"],"score":1230,"play_id":"ccc61493-2a68-4df2-94d7-9b6c5789ec06","local_time":"20210109214307","is_ascension_mode":true,"campfire_choices":[{"data":"Cloak And Dagger","floor":8.0,"key":"SMITH"},{"data":"Accuracy","floor":15.0,"key":"SMITH"},{"data":"A Thousand Cuts","floor":23.0,"key":"SMITH"},{"data":"Cloak And Dagger","floor":25.0,"key":"SMITH"},{"data":"Cloak And Dagger","floor":27.0,"key":"SMITH"},{"floor":32.0,"key":"REST"},{"data":"A Thousand Cuts","floor":40,"key":"SMITH"},{"data":"1","floor":44,"key":"LIFT"},{"floor":49,"key":"REST"}],"circlet_count":0,"master_deck":["AscendersBane","Survivor","Neutralize","Blade Dance+1","Cloak And Dagger+1","Prepared","Blade Dance","Cloak And Dagger+1","Cloak And Dagger+1","Acrobatics","Accuracy+1","Backstab","A Thousand Cuts+1","Escape Plan","Neutralize","PiercingWail","Tactician+1","Storm of Steel+1","Bullet Time+1","Underhanded Strike","Unload","A Thousand Cuts+1","Crippling Poison+1","Escape Plan+1","Night Terror+1","Bane","Prepared+1","Catalyst+1","Blade Dance+1","Purity+1","Accuracy+1"],"relics":["Ring of the Snake","NeowsBlessing","Ornamental Fan","Prayer Wheel","Pear","Calipers","Mummified Hand","SlaversCollar","Bag of Preparation","Toxic Egg 2","Tough Bandages","Pandora\u0027s Box","Mercury Hourglass","Pen Nib","Girya"],"acts_visited":["Exordium","TheCity","TheBeyond"],"potions_floor_usage":[50],"damage_taken":[{"damage":0.0,"enemies":"Cultist","floor":1.0,"turns":1.0},{"damage":0.0,"enemies":"Jaw Worm","floor":5.0,"turns":1.0},{"damage":0.0,"enemies":"Gremlin Nob","floor":6.0,"turns":1.0},{"damage":0.0,"enemies":"2 Louse","floor":10.0,"turns":3.0},{"damage":0.0,"enemies":"Looter","floor":11.0,"turns":2.0},{"damage":0.0,"enemies":"3 Sentries","floor":13.0,"turns":9.0},{"damage":0.0,"enemies":"Exordium Wildlife","floor":14.0,"turns":2.0},{"damage":11.0,"enemies":"Hexaghost","floor":16.0,"turns":8.0},{"damage":8.0,"enemies":"Chosen","floor":18.0,"turns":5.0},{"damage":0.0,"enemies":"2 Thieves","floor":21.0,"turns":1.0},{"damage":0.0,"enemies":"3 Cultists","floor":24.0,"turns":3.0},{"damage":3.0,"enemies":"Cultist and Chosen","floor":29.0,"turns":8.0},{"damage":0.0,"enemies":"Centurion and Healer","floor":30.0,"turns":4.0},{"damage":35.0,"enemies":"Automaton","floor":33.0,"turns":9.0},{"damage":8.0,"enemies":"Orb Walker","floor":35.0,"turns":4.0},{"damage":1,"enemies":"3 Darklings","floor":38,"turns":2},{"damage":0,"enemies":"Nemesis","floor":42,"turns":5},{"damage":7,"enemies":"4 Shapes","floor":45,"turns":3},{"damage":11,"enemies":"Donu and Deca","floor":50,"turns":5}],"seed_played":"3358659275314132621","potions_obtained":[{"floor":6.0,"key":"SmokeBomb"},{"floor":10.0,"key":"DuplicationPotion"},{"floor":24.0,"key":"Poison Potion"},{"floor":30.0,"key":"SkillPotion"}],"is_trial":false,"path_per_floor":["M","$","?","?","M","E","T","R","T","M","M","?","E","M","R","B",null,"M","?","?","M","?","R","M","R","T","R","?","M","M","?","R","B",null,"M","?","?","M","$","R","?","E","T","R","M","$","?","$","R","B",null],"character_chosen":"THE_SILENT","items_purchased":["Cloak And Dagger","Mercury Hourglass","LiquidMemories"],"campfire_rested":2,"item_purchase_floors":[2,39,48],"current_hp_per_floor":[63,63,49,42,42,42,52,52,52,52,52,57,57,57,57,46,75,67,67,67,67,67,67,67,67,67,67,67,64,64,48,75,40,78,70,70,70,69,69,69,69,69,69,69,62,62,62,62,89,78],"gold":53,"neow_bonus":"THREE_ENEMY_KILL","is_daily":false,"chose_seed":false,"campfire_upgraded":6,"win_rate":0.0,"timestamp":1610196187,"path_taken":["M","?","?","?","M","E","?","R","T","M","?","?","E","M","R","BOSS","M","?","?","M","?","R","?","R","T","R","?","M","M","?","R","BOSS","M","?","?","?","$","R","?","E","T","R","M","?","?","$","R","BOSS"],"items_purchased_type":["Card","Relic","Potion"],"build_version":"2020-12-22","purchased_purges":2,"victory":true,"max_hp_per_floor":[70,70,70,70,70,70,80,80,80,80,80,85,85,85,85,85,85,85,85,85,85,85,85,85,85,85,85,85,85,85,90,90,90,90,90,90,90,90,90,90,90,90,90,90,90,90,90,90,90,90],"card_choices":[{"not_picked":["Deflect","Prepared"],"picked":"Blade Dance","floor":1.0},{"not_picked":["Caltrops","Slice"],"picked":"Prepared","floor":5.0},{"not_picked":["Deadly Poison","Flechettes","Outmaneuver"],"picked":"SKIP","floor":6.0},{"not_picked":["Bouncing Flask","Predator"],"picked":"Blade Dance","floor":10.0},{"not_picked":["Deflect","Deadly Poison","Footwork"],"picked":"SKIP","floor":10.0},{"not_picked":["Endless Agony","Dagger Spray"],"picked":"Cloak And Dagger","floor":11.0},{"not_picked":["Deflect","Slice"],"picked":"Cloak And Dagger","floor":11.0},{"not_picked":["Tactician","Bouncing Flask"],"picked":"Acrobatics","floor":13.0},{"not_picked":["Backstab","Setup"],"picked":"Accuracy","floor":14.0},{"not_picked":["Tools of the Trade","Prepared"],"picked":"Backstab","floor":14.0},{"not_picked":["Corpse Explosion","Phantasmal Killer"],"picked":"A Thousand Cuts","floor":16.0},{"not_picked":["Dagger Throw","Leg Sweep+1","Caltrops+1"],"picked":"SKIP","floor":18.0},{"not_picked":["Deflect+1","Well Laid Plans","Flying Knee"],"picked":"SKIP","floor":18.0},{"not_picked":["Dagger Spray+1","Outmaneuver"],"picked":"Tactician","floor":24.0},{"not_picked":["Riddle With Holes","Noxious Fumes","Footwork"],"picked":"SKIP","floor":24.0},{"not_picked":["Prepared+1","Dagger Throw"],"picked":"Storm of Steel+1","floor":29.0},{"not_picked":["Flying Knee+1","Deadly Poison+1","Backflip+1"],"picked":"SKIP","floor":29.0},{"not_picked":["Outmaneuver+1","Bane","Terror+1"],"picked":"SKIP","floor":30.0},{"not_picked":["Underhanded Strike","Choke","Distraction+1"],"picked":"SKIP","floor":30.0},{"not_picked":["Corpse Explosion+1","Glass Knife"],"picked":"Bullet Time+1","floor":33.0},{"not_picked":["All Out Attack","PiercingWail+1"],"picked":"Blade Dance+1","floor":35.0},{"not_picked":["Dagger Throw","Quick Slash","Backstab"],"picked":"SKIP","floor":35.0},{"not_picked":["HandOfGreed","Trip+1"],"picked":"Purity+1","floor":36.0},{"not_picked":["Outmaneuver+1","Deadly Poison+1","Flying Knee"],"picked":"SKIP","floor":38},{"not_picked":["Dagger Spray+1","Catalyst+1","Sucker Punch+1"],"picked":"SKIP","floor":38},{"not_picked":["Corpse Explosion+1","Prepared+1","Choke"],"picked":"SKIP","floor":42},{"not_picked":["Setup+1","Cloak And Dagger+1"],"picked":"Accuracy+1","floor":45},{"not_picked":["Quick Slash","Deflect+1","PiercingWail+1"],"picked":"SKIP","floor":45}],"player_experience":228126,"relics_obtained":[{"floor":6.0,"key":"Prayer Wheel"},{"floor":7.0,"key":"Pear"},{"floor":9.0,"key":"Calipers"},{"floor":13.0,"key":"Mummified Hand"},{"floor":26.0,"key":"Toxic Egg 2"},{"floor":42,"key":"Pen Nib"},{"floor":43,"key":"Girya"}],"event_choices":[{"damage_healed":0.0,"max_hp_gain":0.0,"max_hp_loss":0.0,"gold_gain":0.0,"event_name":"Shining Light","player_choice":"Entered Light","floor":3.0,"gold_loss":0.0,"damage_taken":14.0,"cards_upgraded":["Blade Dance","Defend_G"]},{"damage_healed":0.0,"max_hp_gain":0.0,"max_hp_loss":0.0,"gold_gain":0.0,"event_name":"Scrap Ooze","player_choice":"Success","floor":4.0,"gold_loss":0.0,"damage_taken":7.0,"relics_obtained":["Ornamental Fan"]},{"damage_healed":0.0,"max_hp_gain":5.0,"max_hp_loss":0.0,"gold_gain":0.0,"event_name":"Big Fish","player_choice":"Donut","floor":12.0,"gold_loss":0.0,"damage_taken":0.0},{"damage_healed":0.0,"max_hp_gain":0.0,"max_hp_loss":0.0,"gold_gain":0.0,"event_name":"Ghosts","player_choice":"Ignored","floor":19.0,"gold_loss":0.0,"damage_taken":0.0},{"damage_healed":0.0,"max_hp_gain":0.0,"max_hp_loss":0.0,"gold_gain":0.0,"event_name":"The Mausoleum","player_choice":"Opened","floor":20.0,"gold_loss":0.0,"damage_taken":0.0,"relics_obtained":["Bag of Preparation"],"cards_obtained":["Writhe"]},{"damage_healed":0.0,"max_hp_gain":0.0,"max_hp_loss":0.0,"gold_gain":0.0,"event_name":"Match and Keep!","player_choice":"3 cards matched","floor":22.0,"gold_loss":0.0,"damage_taken":0.0,"cards_obtained":["Escape Plan","Neutralize","PiercingWail"]},{"damage_healed":0.0,"max_hp_gain":0.0,"max_hp_loss":0.0,"gold_gain":0.0,"event_name":"Addict","player_choice":"Obtained Relic","floor":28.0,"gold_loss":85.0,"damage_taken":0.0,"relics_obtained":["Tough Bandages"]},{"damage_healed":0.0,"max_hp_gain":5.0,"max_hp_loss":0.0,"gold_gain":0.0,"event_name":"Forgotten Altar","player_choice":"Shed Blood","floor":31.0,"gold_loss":0.0,"damage_taken":21.0},{"damage_healed":0.0,"max_hp_gain":0.0,"max_hp_loss":0.0,"gold_gain":0.0,"event_name":"SensoryStone","player_choice":"Memory 1","floor":36.0,"gold_loss":0.0,"damage_taken":0.0},{"damage_healed":0.0,"max_hp_gain":0.0,"max_hp_loss":0.0,"gold_gain":0.0,"event_name":"Upgrade Shrine","player_choice":"Upgraded","floor":37.0,"gold_loss":0.0,"damage_taken":0.0,"cards_upgraded":["Tactician"]},{"damage_healed":0,"gold_gain":100,"player_choice":"Pray","damage_taken":0,"max_hp_gain":0,"max_hp_loss":0,"event_name":"Golden Shrine","floor":41,"gold_loss":0},{"damage_healed":0,"gold_gain":0,"player_choice":"Ignored","damage_taken":0,"max_hp_gain":0,"max_hp_loss":0,"event_name":"Tomb of Lord Red Mask","floor":47,"gold_loss":0}],"is_beta":false,"boss_relics":[{"not_picked":["Runic Pyramid","Ring of the Serpent"],"picked":"SlaversCollar"},{"not_picked":["Philosopher\u0027s Stone","SacredBark"],"picked":"Pandora\u0027s Box"}],"items_purged_floors":[39,48],"is_endless":false,"potions_floor_spawned":[6,10,18,24,30],"ascension_level":12}}