{"host":"os7ajuuouznx3pj7","time":1610157002,"event":{"mods":["AchievementEnabler","BaseMod","Bestiary","Block Reminder","Colored Map","Colored Powertips","Keyboard Shortcuts","Minty Spire (QoL Compilation)","Quick Restart","Relic Sorter","Relic Stats","SuperFastMode"],"gold_per_floor":[209,284,53,66,83,111,111,141,141,141,141,159,171,206,206,305,305,315,315,223,237,337,337,369,380,380,380,398,411,411,440,440,540,540,550,550,567,383,383,409,409,409,409,409,443,458,458,61,61,61,61,61,21,51,51],"floor_reached":56,"playtime":12816,"items_purged":["Strike_B+1"],"score":1570,"play_id":"28c891d3-ca8e-4461-8d7a-9e1cb2146c86","local_time":"20210108235002","is_ascension_mode":true,"campfire_choices":[{"data":"Darkness","floor":7.0,"key":"SMITH"},{"data":"Zap","floor":11.0,"key":"SMITH"},{"data":"Fission","floor":15.0,"key":"SMITH"},{"data":"Dualcast","floor":23.0,"key":"SMITH"},{"data":"Hologram","floor":27.0,"key":"SMITH"},{"data":"Multi-Cast","floor":30.0,"key":"SMITH"},{"data":"Hologram","floor":32.0,"key":"SMITH"},{"data":"Loop","floor":41.0,"key":"SMITH"},{"data":"Capacitor","floor":44.0,"key":"SMITH"},{"data":"Buffer","floor":47,"key":"SMITH"},{"floor":49,"key":"RECALL"},{"data":"Skim","floor":52,"key":"SMITH"}],"circlet_count":0,"master_deck":["Strike_B+1","Defend_B+1","Defend_B+1","Defend_B+1","Defend_B+1","Zap+1","Dualcast+1","Darkness+1","Capacitor+1","Ball Lightning","Leap","Self Repair","Skim+1","Fission+1","Genetic Algorithm","Doom and Gloom","Hologram+1","Reboot","Hologram+1","Melter","Conserve Battery","Double Energy+1","Skim+1","Rebound","Loop+1","Fusion+1","Darkness+1","Multi-Cast+1","Leap+1","Buffer+1","Hologram+1","Seek+1","Double Energy+1","Loop+1","Double Energy+1","Apotheosis+1","Blind+1","Rebound+1","Skim+1","Leap+1","Secret Technique+1","Aggregate+1","Capacitor"],"relics":["Cracked Core","Prayer Wheel","Bag of Preparation","Meat on the Bone","Bottled Flame","Sozu","OrangePellets","Symbiotic Virus","Incense Burner","Toxic Egg 2","Empty Cage","Sundial","Bottled Lightning","Regal Pillow","DataDisk","Boot"],"acts_visited":["Exordium","TheCity","TheBeyond","TheEnding"],"potions_floor_usage":[55],"damage_taken":[{"damage":7.0,"enemies":"Small Slimes","floor":1.0,"turns":3.0},{"damage":2.0,"enemies":"2 Louse","floor":4.0,"turns":3.0},{"damage":0.0,"enemies":"Jaw Worm","floor":5.0,"turns":3.0},{"damage":21.0,"enemies":"Gremlin Nob","floor":6.0,"turns":4.0},{"damage":25.0,"enemies":"3 Sentries","floor":8.0,"turns":6.0},{"damage":5.0,"enemies":"Red Slaver","floor":12.0,"turns":3.0},{"damage":0.0,"enemies":"Blue Slaver","floor":13.0,"turns":3.0},{"damage":24.0,"enemies":"Gremlin Nob","floor":14.0,"turns":4.0},{"damage":31.0,"enemies":"Hexaghost","floor":16.0,"turns":8.0},{"damage":2.0,"enemies":"Chosen","floor":18.0,"turns":3.0},{"damage":0.0,"enemies":"Shell Parasite","floor":21.0,"turns":5.0},{"damage":20.0,"enemies":"Book of Stabbing","floor":24.0,"turns":5.0},{"damage":0.0,"enemies":"Chosen and Byrds","floor":25.0,"turns":3.0},{"damage":6.0,"enemies":"Shelled Parasite and Fungi","floor":28.0,"turns":4.0},{"damage":3.0,"enemies":"Snake Plant","floor":29.0,"turns":4.0},{"damage":0.0,"enemies":"Gremlin Leader","floor":31.0,"turns":5.0},{"damage":4.0,"enemies":"Champ","floor":33.0,"turns":7.0},{"damage":1.0,"enemies":"Orb Walker","floor":35.0,"turns":3.0},{"damage":0.0,"enemies":"3 Darklings","floor":37.0,"turns":5.0},{"damage":0.0,"enemies":"Giant Head","floor":40.0,"turns":3.0},{"damage":16.0,"enemies":"Nemesis","floor":45.0,"turns":5.0},{"damage":0,"enemies":"Writhing Mass","floor":46,"turns":4},{"damage":3,"enemies":"Time Eater","floor":50,"turns":7},{"damage":0,"enemies":"Shield and Spear","floor":54,"turns":2},{"damage":47,"enemies":"The Heart","floor":55,"turns":6}],"seed_played":"8839632389238289808","potions_obtained":[{"floor":5.0,"key":"FocusPotion"},{"floor":6.0,"key":"FearPotion"},{"floor":12.0,"key":"LiquidBronze"}],"is_trial":false,"path_per_floor":["M","?","$","M","M","E","R","E","T","?","R","M","M","E","R","B",null,"M","?","$","M","?","R","E","M","T","R","M","M","R","E","R","B",null,"M","T","M","$","?","E","R","?","T","R","E","M","R","$","R","B",null,"R","$","E","B",null],"character_chosen":"DEFECT","items_purchased":["Capacitor","Ball Lightning","OrangePellets","Melter","Conserve Battery","Loop","Double Energy+1","Secret Technique+1","DataDisk","Aggregate+1","Capacitor"],"campfire_rested":0,"item_purchase_floors":[3,3,3,20,20,38,38,48,48,48,53],"current_hp_per_floor":[68,57,57,55,55,41,41,23,23,16,16,30,49,44,44,32,64,62,62,62,69,69,69,56,63,63,63,64,68,68,75,75,75,75,74,74,75,75,65,65,65,65,65,65,56,63,63,63,63,67,73,73,73,75,40],"gold":51,"neow_bonus":"HUNDRED_GOLD","is_daily":false,"chose_seed":false,"campfire_upgraded":11,"win_rate":0.0,"timestamp":1610157002,"path_taken":["M","?","$","M","M","E","R","E","T","?","R","M","M","E","R","BOSS","M","?","$","M","?","R","E","M","T","R","M","?","R","E","R","BOSS","M","?","?","$","?","E","R","?","T","R","E","?","R","?","R","BOSS","R","$","E","BOSS"],"items_purchased_type":["Card","Card","Relic","Card","Card","Card","Card","Card","Relic","Card","Card"],"build_version":"2020-12-22","purchased_purges":1,"victory":true,"max_hp_per_floor":[75,75,75,75,75,75,75,75,75,75,75,75,75,75,75,75,75,75,75,75,75,75,75,75,75,75,75,75,75,75,75,75,75,75,75,75,75,75,75,75,75,75,75,75,75,75,75,75,75,75,75,75,75,75,75],"relic_stats":{"Sozu":7,"OrangePellets":[9],"Regal Pillow":0,"counters":[25,108],"Sundial":[2],"Prayer Wheel":6,"Bag of Preparation":[26],"Boot":[0],"obtain_stats":[{"Regal Pillow":45,"Incense Burner":14,"Bag of Preparation":24,"Empty Cage":34,"Boot":54,"Sozu":17,"OrangePellets":3,"Bottled Flame":8,"DataDisk":48,"Sundial":40,"Prayer Wheel":26,"Bottled Lightning":43,"Toxic Egg 2":31,"Cracked Core":0,"Symbiotic Virus":6,"Meat on the Bone":9},{"Regal Pillow":21,"Incense Burner":8,"Bag of Preparation":12,"Empty Cage":17,"Boot":24,"Sozu":9,"OrangePellets":1,"Bottled Flame":5,"DataDisk":22,"Sundial":20,"Prayer Wheel":13,"Bottled Lightning":20,"Toxic Egg 2":16,"Cracked Core":0,"Symbiotic Virus":4,"Meat on the Bone":5},{"Regal Pillow":89,"Incense Burner":29,"Bag of Preparation":50,"Empty Cage":73,"Boot":102,"Sozu":37,"OrangePellets":3,"Bottled Flame":19,"DataDisk":93,"Sundial":84,"Prayer Wheel":53,"Bottled Lightning":84,"Toxic Egg 2":66,"Cracked Core":0,"Symbiotic Virus":13,"Meat on the Bone":19}],"Meat on the Bone":60},"card_choices":[{"not_picked":["Conserve Battery","Beam Cell"],"picked":"Darkness","floor":1.0},{"not_picked":["Coolheaded","Barrage"],"picked":"Leap","floor":4.0},{"not_picked":["Streamline","Reprogram"],"picked":"Self Repair","floor":5.0},{"not_picked":["Static Discharge","Hello World"],"picked":"Skim","floor":6.0},{"not_picked":["Hologram","Cold Snap"],"picked":"Fission","floor":8.0},{"not_picked":["Steam","Cold Snap"],"picked":"Genetic Algorithm","floor":12.0},{"not_picked":["Steam","Stack"],"picked":"Doom and Gloom","floor":13.0},{"not_picked":["Steam","Chaos"],"picked":"Hologram","floor":14.0},{"not_picked":["Core Surge","All For One"],"picked":"Reboot","floor":16.0},{"not_picked":["Sweeping Beam","Scrape+1"],"picked":"Hologram","floor":18.0},{"not_picked":["Coolheaded","Leap"],"picked":"Double Energy+1","floor":21.0},{"not_picked":["Hologram+1","Fission"],"picked":"Skim+1","floor":24.0},{"not_picked":["Steam","Beam Cell"],"picked":"Rebound","floor":25.0},{"not_picked":["Rip and Tear","Steam"],"picked":"Loop+1","floor":28.0},{"not_picked":["Hologram","Cold Snap"],"picked":"Fusion+1","floor":28.0},{"not_picked":["Redo","Rebound"],"picked":"Darkness+1","floor":29.0},{"not_picked":["Coolheaded+1","Leap"],"picked":"Multi-Cast","floor":29.0},{"not_picked":["Sweeping Beam","Genetic Algorithm+1"],"picked":"Leap+1","floor":31.0},{"not_picked":["Creative AI","Biased Cognition"],"picked":"Buffer","floor":33.0},{"not_picked":["Steam Power+1","Beam Cell"],"picked":"Hologram+1","floor":35.0},{"not_picked":["Sweeping Beam+1","Beam Cell","Glacier+1"],"picked":"SKIP","floor":35.0},{"not_picked":["Compile Driver+1","Sweeping Beam"],"picked":"Seek+1","floor":37.0},{"not_picked":["Cold Snap","Beam Cell+1"],"picked":"Double Energy+1","floor":37.0},{"not_picked":["Panache","Sadistic Nature"],"picked":"Apotheosis+1","floor":39.0},{"not_picked":["Discovery+1","Deep Breath+1"],"picked":"Blind+1","floor":39.0},{"not_picked":["Meteor Strike","Self Repair"],"picked":"Rebound+1","floor":40.0},{"not_picked":["Redo+1","Cold Snap+1"],"picked":"Skim+1","floor":45.0},{"not_picked":["Coolheaded+1","Turbo+1"],"picked":"Leap+1","floor":46},{"not_picked":["Recycle+1","BootSequence+1","Steam+1"],"picked":"SKIP","floor":46},{"not_picked":["Doom and Gloom+1","Creative AI","White Noise+1"],"picked":"SKIP","floor":54}],"player_experience":884299,"relics_obtained":[{"floor":6.0,"key":"Symbiotic Virus"},{"floor":8.0,"key":"Bottled Flame"},{"floor":9.0,"key":"Meat on the Bone"},{"floor":14.0,"key":"Incense Burner"},{"floor":24.0,"key":"Bag of Preparation"},{"floor":26.0,"key":"Prayer Wheel"},{"floor":31.0,"key":"Toxic Egg 2"},{"floor":40.0,"key":"Sundial"},{"floor":43.0,"key":"Bottled Lightning"},{"floor":45.0,"key":"Regal Pillow"},{"floor":54,"key":"Boot"}],"event_choices":[{"damage_healed":0.0,"max_hp_gain":0.0,"max_hp_loss":0.0,"gold_gain":75.0,"event_name":"World of Goop","player_choice":"Gather Gold","floor":2.0,"gold_loss":0.0,"damage_taken":11.0},{"damage_healed":0.0,"max_hp_gain":0.0,"max_hp_loss":0.0,"gold_gain":0.0,"event_name":"Scrap Ooze","player_choice":"Fled","floor":10.0,"gold_loss":0.0,"damage_taken":7.0},{"damage_healed":0.0,"max_hp_gain":0.0,"max_hp_loss":0.0,"gold_gain":0.0,"event_name":"Back to Basics","player_choice":"Simplicity","floor":19.0,"gold_loss":0.0,"damage_taken":0.0,"cards_upgraded":["Strike_B","Strike_B","Strike_B","Strike_B","Defend_B","Defend_B","Defend_B","Defend_B"]},{"damage_healed":0.0,"max_hp_gain":0.0,"max_hp_loss":0.0,"gold_gain":100.0,"event_name":"Golden Shrine","player_choice":"Pray","floor":22.0,"gold_loss":0.0,"damage_taken":0.0},{"damage_healed":0.0,"max_hp_gain":0.0,"max_hp_loss":0.0,"gold_gain":0.0,"event_name":"SensoryStone","player_choice":"Memory 3","floor":39.0,"gold_loss":0.0,"damage_taken":10.0},{"damage_healed":0.0,"max_hp_gain":0.0,"max_hp_loss":0.0,"gold_gain":0.0,"event_name":"Match and Keep!","player_choice":"0 cards matched","floor":42.0,"gold_loss":0.0,"damage_taken":0.0,"cards_obtained":[]}],"is_beta":false,"boss_relics":[{"not_picked":["Runic Dome","Busted Crown"],"picked":"Sozu"},{"not_picked":["Runic Pyramid","FrozenCore"],"picked":"Empty Cage"}],"items_purged_floors":[38],"is_endless":false,"potions_floor_spawned":[5,6,12,18,29,31,33,35,37,54],"ascension_level":5}}