{"host":"fm9e0lfunjlbhzxv","time":1610174667,"event":{"mods":["2.2 Compatiblity","Astrologer","BaseMod","Better Match","Better Skull","Better Third Choice","Colored Map","Colored Powertips","Downfall","Key Reminder","Marisa????????","Minty Spire (QoL Compilation)","Permanent Neow","Rare Cards Sparkle","Relic Stats","Remilia??????","StSLib","The Administrix","The Bug Knight","The Disciple","The Servant 0.9.4","The Vixen","slay the spire mod where everything is the same but ironclad has a cowboy hat"],"gold_per_floor":[99,99,99,99,99,99,99,99,99,54,54,54,54,54,54,54,54,54,54,24,24,24,14,4,0,0,0,0,0,0,0,0,0,0,0,0,0,0,0,0,0,0,0,0,0,0,0,0,0,0,0,0,0,0,0],"floor_reached":56,"playtime":4524,"items_purged":[],"score":1381,"play_id":"c33cbd18-d90a-429d-9232-79ae453b939a","local_time":"20210108224427","is_ascension_mode":true,"campfire_choices":[{"floor":7,"key":"REST"},{"floor":13,"key":"REST"},{"data":"astrologer:Trine","floor":15,"key":"SMITH"},{"data":"astrologer:CometStrike","floor":32,"key":"SMITH"},{"floor":46,"key":"RECALL"},{"data":"astrologer:Stardust","floor":49,"key":"SMITH"},{"data":"astrologer:Shine","floor":52,"key":"SMITH"}],"circlet_count":0,"master_deck":["astrologer:Strike","astrologer:Strike","astrologer:Defend+1","astrologer:Defend","astrologer:Defend+1","astrologer:NorthStar","astrologer:TheFool","astrologer:TheEmperor","BootSequence","astrologer:Prestidigitation","astrologer:TheStar","astrologer:Stardust+1","astrologer:CometStrike+1","astrologer:Trine+1","astrologer:Starfield+1","astrologer:WheelofFortune","CurseOfTheBell","astrologer:CosmicExpanse+1","astrologer:Radiance","astrologer:Shine+1","astrologer:StarOfRegret+1","astrologer:Temperance+1","astrologer:CometStrike+1","astrologer:Confirmation+1","astrologer:Stardust+1","astrologer:StarOfRegret+1","astrologer:WheelofFortune","astrologer:Prismatic+1","astrologer:CometStrike+1","astrologer:Nova+1","astrologer:Retelling+1","astrologer:Stardust+1","astrologer:Shine+1","astrologer:Stardust+1"],"relics":["Ectoplasm","War Paint","Golden Idol","Frozen Egg 2","Akabeko","Ornamental Fan","Calling Bell","CeramicFish","AntiCross","CaptainsWheel","Tiny Chest","Mummified Hand","Lantern","Black Star","Toxic Egg 2","White Beast Statue","Letter Opener","PreservedInsect","Red Mask","Strawberry","Bag of Preparation"],"acts_visited":["Exordium","TheCity","TheBeyond","TheEnding"],"potions_floor_usage":[6,8,25,25,25,47,47,55,55],"damage_taken":[{"damage":0,"enemies":"2 Louse","floor":1,"turns":3},{"damage":0,"enemies":"Small Slimes","floor":3,"turns":3},{"damage":0,"enemies":"Jaw Worm","floor":4,"turns":5},{"damage":40,"enemies":"Gremlin Nob","floor":6,"turns":5},{"damage":10,"enemies":"3 Sentries","floor":8,"turns":13},{"damage":3,"enemies":"Exordium Thugs","floor":10,"turns":5},{"damage":0,"enemies":"Hexaghost","floor":16,"turns":7},{"damage":0,"enemies":"Shell Parasite","floor":18,"turns":4},{"damage":9,"enemies":"Spheric Guardian","floor":20,"turns":5},{"damage":4,"enemies":"3 Cultists","floor":22,"turns":2},{"damage":1,"enemies":"HollowMod:Nosk","floor":23,"turns":5},{"damage":4,"enemies":"Snake Plant","floor":24,"turns":3},{"damage":11,"enemies":"Gremlin Leader","floor":25,"turns":4},{"damage":1,"enemies":"Shelled Parasite and Fungi","floor":27,"turns":3},{"damage":5,"enemies":"Sentry and Sphere","floor":28,"turns":4},{"damage":0,"enemies":"HollowMod:Nosk","floor":29,"turns":4},{"damage":0,"enemies":"Chosen and Byrds","floor":30,"turns":3},{"damage":10,"enemies":"Snake Plant","floor":31,"turns":3},{"damage":29,"enemies":"Automaton","floor":33,"turns":7},{"damage":0,"enemies":"Orb Walker","floor":35,"turns":2},{"damage":7,"enemies":"3 Shapes","floor":38,"turns":4},{"damage":5,"enemies":"Spire Growth","floor":39,"turns":4},{"damage":0,"enemies":"4 Shapes","floor":40,"turns":5},{"damage":21,"enemies":"Reptomancer","floor":41,"turns":5},{"damage":5,"enemies":"Transient","floor":42,"turns":5},{"damage":13,"enemies":"Maw","floor":47,"turns":4},{"damage":11,"enemies":"Spire Growth","floor":48,"turns":3},{"damage":47,"enemies":"Awakened One","floor":50,"turns":8},{"damage":24,"enemies":"Shield and Spear","floor":54,"turns":5},{"damage":85,"enemies":"The Heart","floor":55,"turns":6}],"seed_played":"-127608718732500749","potions_obtained":[{"floor":4,"key":"hexamod:EctoCoolerPotion"},{"floor":6,"key":"DuplicationPotion"},{"floor":8,"key":"champ:CounterPotion"},{"floor":10,"key":"Swift Potion"},{"floor":16,"key":"Block Potion"},{"floor":18,"key":"sneckomod:MuddlingPotion"},{"floor":25,"key":"Regen Potion"},{"floor":31,"key":"Strength Potion"},{"floor":33,"key":"FearPotion"},{"floor":37,"key":"Strength Potion"},{"floor":42,"key":"Swift Potion"},{"floor":47,"key":"FairyPotion"},{"floor":48,"key":"SpeedPotion"},{"floor":54,"key":"Energy Potion"}],"is_trial":false,"path_per_floor":["M","?","M","M","?","E","R","E","T","M","?","$","R","?","R","B",null,"M","?","M","T","M","E","M","E","T","M","M","E","M","M","R","B",null,"M","?","?","M","M","M","E","M","T","T","?","R","M","M","R","B",null,"R","$","E","B",null],"character_chosen":"ASTROLOGER","items_purchased":[],"campfire_rested":2,"item_purchase_floors":[],"current_hp_per_floor":[70,62,62,62,45,5,26,16,16,13,18,18,40,40,40,40,75,75,75,66,66,62,61,57,51,51,50,45,55,55,45,45,21,75,75,71,71,64,59,59,44,45,45,45,45,45,47,42,42,1,71,71,71,54,22],"gold":0,"neow_bonus":"BOSS_RELIC","is_daily":false,"chose_seed":false,"campfire_upgraded":4,"win_rate":0.0,"timestamp":1610174667,"path_taken":["M","?","M","M","?","E","R","E","T","M","?","$","R","?","R","BOSS","M","?","M","?","M","E","M","E","T","M","M","E","M","M","R","BOSS","M","?","?","M","M","?","E","M","T","?","?","R","M","M","R","BOSS","R","$","E","BOSS"],"items_purchased_type":[],"build_version":"2020-12-22","purchased_purges":0,"victory":true,"max_hp_per_floor":[70,70,70,70,70,70,70,70,70,70,75,75,75,75,75,75,75,75,75,75,75,75,75,75,75,75,75,75,75,75,75,75,75,75,75,71,71,71,71,71,71,71,71,71,71,71,71,71,71,71,71,71,71,78,78],"relic_stats":{"counters":[30,138],"Golden Idol":217,"CeramicFish":0,"PreservedInsect":68,"Bag of Preparation":[2],"Letter Opener":[145],"War Paint":["astrologer:Defend","astrologer:Defend"],"Ornamental Fan":[144],"Mummified Hand":[94],"Tiny Chest":1,"Ectoplasm":1169,"Black Star":2,"obtain_stats":[{"Lantern":25,"Golden Idol":5,"CeramicFish":17,"PreservedInsect":44,"Bag of Preparation":54,"Letter Opener":43,"War Paint":2,"Frozen Egg 2":6,"Akabeko":8,"White Beast Statue":41,"Calling Bell":17,"keyreminder:keyreminder":26,"CaptainsWheel":17,"Ornamental Fan":9,"Mummified Hand":23,"Strawberry":54,"AntiCross":17,"Tiny Chest":21,"astrologer:SkyMirror":0,"Ectoplasm":0,"Black Star":34,"Red Mask":45,"Toxic Egg 2":41},{"Lantern":13,"Golden Idol":3,"CeramicFish":7,"PreservedInsect":25,"Bag of Preparation":29,"Letter Opener":25,"War Paint":1,"Frozen Egg 2":4,"Akabeko":5,"White Beast Statue":24,"Calling Bell":7,"keyreminder:keyreminder":13,"CaptainsWheel":7,"Ornamental Fan":5,"Mummified Hand":11,"Strawberry":29,"AntiCross":7,"Tiny Chest":9,"astrologer:SkyMirror":0,"Ectoplasm":0,"Black Star":19,"Red Mask":25,"Toxic Egg 2":24},{"Lantern":64,"Golden Idol":11,"CeramicFish":41,"PreservedInsect":112,"Bag of Preparation":132,"Letter Opener":112,"War Paint":3,"Frozen Egg 2":16,"Akabeko":29,"White Beast Statue":107,"Calling Bell":41,"keyreminder:keyreminder":64,"CaptainsWheel":41,"Ornamental Fan":29,"Mummified Hand":57,"Strawberry":132,"AntiCross":41,"Tiny Chest":50,"astrologer:SkyMirror":0,"Ectoplasm":0,"Black Star":87,"Red Mask":112,"Toxic Egg 2":107}]},"card_choices":[{"not_picked":["astrologer:Conjunction","astrologer:ShootingStar"],"picked":"astrologer:TheEmperor","floor":1},{"not_picked":["astrologer:CrystalBall","astrologer:Still"],"picked":"astrologer:Prestidigitation","floor":3},{"not_picked":["astrologer:FrozenStar","astrologer:TheEmpress"],"picked":"astrologer:TheStar","floor":4},{"not_picked":["astrologer:Eclipse","astrologer:Moonlight"],"picked":"astrologer:Stardust","floor":6},{"not_picked":["astrologer:TheTower","astrologer:Conjunction"],"picked":"astrologer:CometStrike","floor":8},{"not_picked":["astrologer:Still","astrologer:Opposition"],"picked":"astrologer:Trine","floor":10},{"not_picked":["astrologer:Premonition+1","astrologer:Wish"],"picked":"astrologer:WheelofFortune","floor":16},{"not_picked":["astrologer:TheStar","astrologer:Opposition"],"picked":"astrologer:CosmicExpanse+1","floor":18},{"not_picked":["astrologer:Opposition","astrologer:FrozenStar+1"],"picked":"astrologer:StarOfRegret+1","floor":20},{"not_picked":["astrologer:FrozenStar","astrologer:StarOfCourage"],"picked":"astrologer:Temperance+1","floor":22},{"not_picked":["astrologer:Temperance","astrologer:Premeditation","astrologer:Conjunction"],"picked":"SKIP","floor":23},{"not_picked":["astrologer:MeteorShower","astrologer:Eclipse+1"],"picked":"astrologer:CometStrike+1","floor":24},{"not_picked":["astrologer:TheMagician","astrologer:BlackHole"],"picked":"astrologer:Confirmation+1","floor":25},{"not_picked":["astrologer:ReadTheStars","astrologer:Opposition","astrologer:SpaceDust"],"picked":"SKIP","floor":27},{"not_picked":["astrologer:ReadTheStars","astrologer:FrozenStar"],"picked":"astrologer:Stardust+1","floor":28},{"not_picked":["astrologer:MeteorShower","astrologer:FrozenStar"],"picked":"astrologer:StarOfRegret+1","floor":29},{"not_picked":["astrologer:NeutronStar","astrologer:Opposition","astrologer:Conjunction"],"picked":"SKIP","floor":30},{"not_picked":["astrologer:Radiance","astrologer:Opposition","astrologer:Glimpse+1"],"picked":"SKIP","floor":31},{"not_picked":["astrologer:Fate","astrologer:RejectReality"],"picked":"astrologer:WheelofFortune","floor":33},{"not_picked":["astrologer:SpaceDust","astrologer:TheTower+1"],"picked":"astrologer:Prismatic+1","floor":35},{"not_picked":["astrologer:ReadTheStars+1","astrologer:Still","astrologer:Moonlight+1"],"picked":"SKIP","floor":38},{"not_picked":["astrologer:Moonlight","astrologer:Radiance"],"picked":"astrologer:CometStrike+1","floor":39},{"not_picked":["astrologer:TheLovers","astrologer:Still"],"picked":"astrologer:Nova+1","floor":40},{"not_picked":["astrologer:TheEmperor+1","astrologer:Prismatic+1"],"picked":"astrologer:Retelling+1","floor":41},{"not_picked":["astrologer:StarOfMisfortune+1","astrologer:TheTower+1"],"picked":"astrologer:Stardust+1","floor":42},{"not_picked":["astrologer:FrozenStar+1","astrologer:ReadTheStars+1"],"picked":"astrologer:Shine+1","floor":47},{"not_picked":["astrologer:FrozenStar+1","astrologer:MeteorShower+1","astrologer:Eclipse"],"picked":"SKIP","floor":48},{"not_picked":["astrologer:Divination+1","astrologer:TheEmperor+1"],"picked":"astrologer:Stardust+1","floor":54}],"player_experience":710257,"relics_obtained":[{"floor":6,"key":"Frozen Egg 2"},{"floor":8,"key":"Akabeko"},{"floor":9,"key":"Ornamental Fan"},{"floor":17,"key":"CeramicFish"},{"floor":17,"key":"AntiCross"},{"floor":17,"key":"CaptainsWheel"},{"floor":21,"key":"Tiny Chest"},{"floor":23,"key":"Mummified Hand"},{"floor":25,"key":"Lantern"},{"floor":41,"key":"Toxic Egg 2"},{"floor":41,"key":"White Beast Statue"},{"floor":43,"key":"Letter Opener"},{"floor":44,"key":"PreservedInsect"},{"floor":54,"key":"Strawberry"},{"floor":54,"key":"Bag of Preparation"}],"event_choices":[{"damage_healed":0,"gold_gain":0,"player_choice":"Take Damage","damage_taken":17,"relics_obtained":["Golden Idol"],"max_hp_gain":0,"max_hp_loss":0,"event_name":"Golden Idol","floor":5,"gold_loss":0},{"damage_healed":0,"gold_gain":0,"player_choice":"Donut","damage_taken":0,"max_hp_gain":5,"max_hp_loss":0,"event_name":"Big Fish","floor":11,"gold_loss":0},{"damage_healed":0,"gold_gain":0,"cards_transformed":["astrologer:Defend"],"player_choice":"Change","damage_taken":0,"max_hp_gain":0,"max_hp_loss":0,"event_name":"Living Wall","floor":14,"gold_loss":0,"cards_obtained":["astrologer:Starfield"]},{"damage_healed":0,"gold_gain":0,"cards_transformed":["astrologer:Strike","astrologer:Strike"],"player_choice":"Became Test Subject","damage_taken":0,"max_hp_gain":0,"max_hp_loss":0,"event_name":"Drug Dealer","floor":19,"gold_loss":0,"cards_obtained":["astrologer:Radiance","astrologer:Shine"]},{"damage_healed":0,"gold_gain":0,"player_choice":"Max HP","damage_taken":0,"max_hp_gain":0,"max_hp_loss":4,"event_name":"Winding Halls","floor":36,"gold_loss":0},{"damage_healed":0,"gold_gain":0,"player_choice":"Got Potions","damage_taken":0,"max_hp_gain":0,"max_hp_loss":0,"event_name":"Lab","floor":37,"gold_loss":0},{"damage_healed":0,"gold_gain":0,"player_choice":"Paid","damage_taken":0,"relics_obtained":["Red Mask"],"max_hp_gain":0,"max_hp_loss":0,"event_name":"Tomb of Lord Red Mask","floor":45,"gold_loss":0}],"is_beta":false,"boss_relics":[{"not_picked":["Coffee Dripper","Sozu"],"picked":"Calling Bell"},{"not_picked":["Snecko Eye","Astrolabe"],"picked":"Black Star"}],"items_purged_floors":[],"is_endless":false,"potions_floor_spawned":[4,6,8,10,16,18,22,25,31,33,39,42,47,48,54],"ascension_level":1}}