{"host":"l0ccjemsrct3bo1s","time":1610201151,"event":{"mods":["Act Like it!","BaseMod","Gensokyo","Koishi","Lobotomy","LobotomyExtend","Marisa£®ÏF”Í°°ƒß¿Ì…≥£©","Minty Spire (QoL Compilation)","Reimu£®≤©¿ˆ¡È√Œ£©","Remilia£®¿Ÿ√◊¿Ú—«£©","RumiaBox-¬∂√◊Ê´µƒ…Ò√ÿ∫–◊”","StSLib","The Administrix","The Cursed","The Servant 0.9.4","Yakumo Yukari mod","Youmu£®ªÍ∆«—˝√Œ£©","Yuyuko"],"gold_per_floor":[112,112,187,187,203,203,236,236,236,236,270,110,110,110],"floor_reached":13,"playtime":445,"items_purged":["Strike_S"],"score":120,"play_id":"a51c634e-2a6b-4ce0-b41b-031d02811b64","local_time":"20210109220551","is_ascension_mode":true,"campfire_choices":[{"data":"Replace","floor":6,"key":"SMITH"}],"circlet_count":0,"master_deck":["Strike_S","Strike_S","Strike_S","Defend_S","Defend_S","Defend_S","Defend_S","KidneyShot","Exchange","Replace+1","Moondial","Scorched","Potential","SpiderBud","Barrier","NakedNest","Flash of Steel"],"relics":["Uniform","CogitoBucket","LetterFromLob","GodSword7","ShedSkin_r","LaetitiaHeart","CrazyTorch:ReiMu","Oddly Smooth Stone"],"acts_visited":["Exordium"],"potions_floor_usage":[7,11],"damage_taken":[{"damage":0,"enemies":"2 Louse","floor":1,"turns":3},{"damage":5,"enemies":"Cultist","floor":5,"turns":5},{"damage":0,"enemies":"3 Sentries","floor":7,"turns":3},{"damage":20,"enemies":"Lagavulin","floor":11,"turns":4},{"damage":29,"enemies":"Gremlin Nob","floor":13,"turns":4}],"seed_played":"7039690307816454175","potions_obtained":[{"floor":5,"key":"EssenceOfSteel"},{"floor":7,"key":"Swift Potion"}],"is_trial":false,"path_per_floor":["M","?","?","?","M","R","E","M","T","?","E","$","E"],"character_chosen":"THE_SERVANT","items_purchased":["Flash of Steel"],"campfire_rested":0,"item_purchase_floors":[12],"current_hp_per_floor":[65,65,54,54,49,49,49,24,24,24,4,4,0,0],"gold":110,"neow_bonus":"","is_daily":false,"chose_seed":false,"campfire_upgraded":1,"win_rate":0.0,"timestamp":1610201151,"path_taken":["M","?","?","?","?","R","E","M","T","?","E","$","E"],"items_purchased_type":["Card"],"build_version":"2020-12-22","purchased_purges":1,"victory":false,"max_hp_per_floor":[65,65,65,65,65,65,65,65,65,65,65,65,65,65],"card_choices":[{"not_picked":["DoubleEdge","Defy"],"picked":"Replace","floor":1},{"not_picked":["Wellcheers","UniverseFragment"],"picked":"CrumblingArmor","floor":1},{"not_picked":["BottledTime","TimeWarp"],"picked":"Moondial","floor":5},{"not_picked":["BlackSwan","Rudolta"],"picked":"Scorched","floor":5},{"not_picked":["InstantArmor","Unruled"],"picked":"Potential","floor":7},{"not_picked":["SnowQueen","FairyFestival"],"picked":"SpiderBud","floor":7},{"not_picked":["Spin","GearUp"],"picked":"Barrier","floor":11},{"not_picked":["GreedKing","CrumblingArmor"],"picked":"NakedNest","floor":11}],"player_experience":372061,"relics_obtained":[{"floor":1,"key":"LetterFromLob"},{"floor":7,"key":"GodSword7"},{"floor":9,"key":"CrazyTorch:ReiMu"},{"floor":11,"key":"Oddly Smooth Stone"}],"event_choices":[{"damage_healed":0,"gold_gain":0,"player_choice":"Leave","damage_taken":0,"max_hp_gain":0,"max_hp_loss":0,"event_name":"The Cleric","floor":2,"gold_loss":0},{"damage_healed":0,"gold_gain":75,"player_choice":"Gather Gold","damage_taken":11,"max_hp_gain":0,"max_hp_loss":0,"event_name":"World of Goop","floor":3,"gold_loss":0},{"damage_healed":0,"gold_gain":0,"player_choice":"0 cards matched","damage_taken":0,"max_hp_gain":0,"max_hp_loss":0,"event_name":"Match and Keep!","floor":4,"gold_loss":0,"cards_obtained":[]},{"damage_healed":0,"gold_gain":0,"player_choice":"Ignored","damage_taken":0,"max_hp_gain":0,"max_hp_loss":0,"event_name":"Liars Game","floor":10,"gold_loss":0}],"is_beta":false,"boss_relics":[],"items_purged_floors":[12],"is_endless":false,"potions_floor_spawned":[5,7],"killed_by":"Gremlin Nob","ascension_level":1}}