{"host":"x205naxbihvu3p76","time":1610180591,"event":{"mods":["AchievementEnabler","BaseMod","Minty Spire (QoL Compilation)","StSLib","SuperFastMode"],"gold_per_floor":[114,127,127,52,52,77,90,90,117,17,28,28,42,62,62,62,62],"floor_reached":16,"playtime":249,"items_purged":["Strike_B","Strike_B"],"score":248,"play_id":"b104acd6-a021-4e2a-b6a5-91e898eb5474","local_time":"20210109172311","is_ascension_mode":true,"campfire_choices":[{"floor":12,"key":"REST"},{"data":"Chaos","floor":15,"key":"SMITH"}],"circlet_count":0,"master_deck":["AscendersBane","Strike_B","Strike_B","Defend_B+1","Defend_B","Defend_B","Defend_B","Zap+1","Dualcast","Chaos","Chaos+1","Auto Shields","Leap"],"relics":["Cracked Core","NeowsBlessing","HornCleat","Mummified Hand","Juzu Bracelet"],"acts_visited":["Exordium"],"potions_floor_usage":[11],"damage_taken":[{"damage":0,"enemies":"Cultist","floor":1,"turns":1},{"damage":0,"enemies":"Jaw Worm","floor":2,"turns":1},{"damage":0,"enemies":"3 Sentries","floor":6,"turns":2},{"damage":9,"enemies":"2 Louse","floor":7,"turns":3},{"damage":32,"enemies":"Gremlin Gang","floor":11,"turns":4},{"damage":11,"enemies":"Lots of Slimes","floor":13,"turns":5},{"damage":0,"enemies":"Red Slaver","floor":14,"turns":3},{"damage":19,"enemies":"Hexaghost","floor":16,"turns":9}],"seed_played":"8705281507288894923","potions_obtained":[{"floor":2,"key":"Block Potion"},{"floor":14,"key":"Swift Potion"}],"is_trial":false,"path_per_floor":["M","M","?","$","?","E","M","T","T","$","M","R","M","M","R","B"],"character_chosen":"DEFECT","items_purchased":[],"campfire_rested":1,"item_purchase_floors":[],"current_hp_per_floor":[64,64,69,69,46,46,37,37,37,37,5,27,16,16,16,0,0],"gold":62,"neow_bonus":"THREE_ENEMY_KILL","is_daily":false,"chose_seed":false,"campfire_upgraded":1,"win_rate":0.0,"timestamp":1610180591,"path_taken":["M","M","?","$","?","E","M","?","T","$","M","R","M","M","R","BOSS"],"items_purchased_type":[],"build_version":"2020-12-22","purchased_purges":2,"victory":false,"max_hp_per_floor":[71,71,76,76,76,76,76,76,76,76,76,76,76,76,76,76,76],"card_choices":[{"not_picked":["Coolheaded","Hello World"],"picked":"Chaos","floor":1},{"not_picked":["Turbo","Stack"],"picked":"Chaos","floor":2},{"not_picked":["Meteor Strike","Turbo","Steam"],"picked":"SKIP","floor":6},{"not_picked":["Ball Lightning","Cold Snap"],"picked":"Auto Shields","floor":7},{"not_picked":["Heatsinks","BootSequence"],"picked":"Leap","floor":11},{"not_picked":["Ball Lightning","Sunder","Undo"],"picked":"SKIP","floor":13},{"not_picked":["Leap","Force Field","FTL"],"picked":"SKIP","floor":14}],"player_experience":960236,"relics_obtained":[{"floor":6,"key":"HornCleat"},{"floor":8,"key":"Mummified Hand"},{"floor":9,"key":"Juzu Bracelet"}],"event_choices":[{"damage_healed":0,"gold_gain":0,"player_choice":"Donut","damage_taken":0,"max_hp_gain":5,"max_hp_loss":0,"event_name":"Big Fish","floor":3,"gold_loss":0},{"damage_healed":0,"gold_gain":0,"player_choice":"Entered Light","damage_taken":23,"max_hp_gain":0,"max_hp_loss":0,"event_name":"Shining Light","floor":5,"gold_loss":0,"cards_upgraded":["Defend_B","Zap"]}],"is_beta":false,"boss_relics":[],"items_purged_floors":[4,10],"is_endless":false,"potions_floor_spawned":[2,14],"killed_by":"Hexaghost","ascension_level":19}}