{"host":"0nfdmr2b19ur4mbc","time":1610209176,"event":{"mods":["2.2 Compatiblity","AchievementEnabler","Aspiration","BaseMod","Better Match","Better Note","Better Third Choice","Better Vampires","Disable Question Mark Monsters","Hubris","Infinite Spire","Minty Spire (QoL Compilation)","Quick Restart","Rare Cards Sparkle","Replay The Spire","StSLib"],"gold_per_floor":[119,119,119,44,62,62,62,79,102,128,142,167,200,52,52,157,157,177,190,190,190,150,275,393,519,543,571,571,209,323,323,323,421,421,540,29,29,29,129,129],"floor_reached":39,"playtime":1230,"items_purged":["Defend_R","Defend_R"],"score":815,"play_id":"c0e39061-b1f1-433a-bce0-4335aacafa30","local_time":"20210109171936","is_ascension_mode":true,"campfire_choices":[{"data":"Bash","floor":6.0,"key":"SMITH"},{"data":"Immolate","floor":15.0,"key":"SMITH"},{"data":"Fiend Fire","floor":28.0,"key":"SMITH"},{"data":"Impervious","floor":32.0,"key":"SMITH"}],"circlet_count":0,"master_deck":["AscendersBane","Strike_R","Strike_R","Strike_R","Strike_R","Bash+1","Flex","Body Slam+1","Feed+1","hubris:StunningStrike+1","Impervious+1","Headbutt","Whirlwind","Immolate+1","Fiend Fire+1","Entrench+1","infinitespire:Starlight+1","Headbutt","Impervious+1","Bludgeon","Iron Wave+1","Reckless Charge"],"relics":["Black Blood","NeowsBlessing","infinitespire:Lucky Rock","hubris:OldNail","Charon\u0027s Ashes","Odd Mushroom","Blood Vial","Brimstone","aspiration:PoetsPen_weak","Durian","infinitespire:Burning Sword","hubris:Icosahedron","Bag of Marbles","Oddly Smooth Stone","ReplayFunnel","ReplayTheSpireMod:Lightbulb","hubris:GlazedTorus","infinitespire:WardingShard","Lee\u0027s Waffle"],"acts_visited":["Exordium","TheCity","TheBeyond"],"potions_floor_usage":[39,39,39],"damage_taken":[{"damage":0.0,"enemies":"Small Slimes","floor":1.0,"turns":2.0},{"damage":0.0,"enemies":"Cultist","floor":5.0,"turns":2.0},{"damage":2.0,"enemies":"2 Louse","floor":8.0,"turns":3.0},{"damage":8.0,"enemies":"Gremlin Nob","floor":10.0,"turns":4.0},{"damage":9.0,"enemies":"Red Slaver","floor":11.0,"turns":3.0},{"damage":9.0,"enemies":"The Mushroom Lair","floor":12.0,"turns":3.0},{"damage":10.0,"enemies":"Lagavulin","floor":13.0,"turns":6.0},{"damage":60.0,"enemies":"The Guardian","floor":16.0,"turns":6.0},{"damage":0.0,"enemies":"Spheric Guardian","floor":18.0,"turns":2.0},{"damage":14.0,"enemies":"Chosen","floor":19.0,"turns":2.0},{"damage":27.0,"enemies":"Book of Stabbing","floor":23.0,"turns":3.0},{"damage":12.0,"enemies":"3 Cultists","floor":24.0,"turns":3.0},{"damage":2.0,"enemies":"Gremlin Leader","floor":25.0,"turns":2.0},{"damage":0.0,"enemies":"Replay:Snechameleon","floor":27.0,"turns":1.0},{"damage":13.0,"enemies":"Sentry and Sphere","floor":30.0,"turns":3.0},{"damage":21.0,"enemies":"Champ","floor":33.0,"turns":4.0},{"damage":14,"enemies":"Orb Walker","floor":35,"turns":2},{"damage":0,"enemies":"infinitespire:Three Voidlings","floor":39,"turns":1},{"damage":130,"enemies":"Nightmare_Alpha","floor":39,"turns":5}],"seed_played":"3884045232139365185","potions_obtained":[{"floor":5.0,"key":"SkillPotion"},{"floor":10.0,"key":"Explosive Potion"},{"floor":13.0,"key":"Energy Potion"},{"floor":16.0,"key":"ColorlessPotion"},{"floor":23.0,"key":"Cursed Concoction"},{"floor":24.0,"key":"EssenceOfSteel"},{"floor":30.0,"key":"Energy Potion"},{"floor":33.0,"key":"Energy Potion"}],"is_trial":false,"path_per_floor":["M","?","?","?","M","R","?","M","T","E","M","?","E","$","R","B",null,"M","M","AVR","?","?","E","M","E","T","E","R","$","M","?","R","B",null,"M","$","?","$","?"],"character_chosen":"IRONCLAD","items_purchased":["Brimstone","hubris:GlazedTorus","infinitespire:WardingShard","Lee\u0027s Waffle"],"campfire_rested":0,"item_purchase_floors":[14,29,36,36],"current_hp_per_floor":[78,78,78,78,84,84,84,88,88,90,91,92,92,92,92,40,88,100,94,99,99,99,95,110,116,116,117,117,117,114,114,114,101,116,116,128,128,128,0,0],"gold":129,"neow_bonus":"THREE_ENEMY_KILL","is_daily":false,"chose_seed":false,"campfire_upgraded":4,"win_rate":0.0,"timestamp":1610209176,"path_taken":["M","?","?","?","M","R","?","M","T","E","?","?","E","$","R","BOSS","M","M","AVR","?","?","E","?","E","T","E","R","$","M","?","R","BOSS","M","$","?","?","?"],"items_purchased_type":["Relic","Relic","Relic","Relic"],"build_version":"2020-12-22","purchased_purges":2,"victory":false,"max_hp_per_floor":[80,80,80,80,84,84,84,88,88,92,96,100,104,104,104,104,104,108,108,113,113,113,113,117,117,117,117,117,117,121,121,121,121,121,121,128,128,128,128,128],"card_choices":[{"not_picked":["Wild Strike","ReplayTheSpireMod:Corrosion Curse"],"picked":"Flex","floor":1.0},{"not_picked":["Fiend Fire+1","Berserk+1"],"picked":"Feed+1","floor":4.0},{"not_picked":["Fiend Fire+1","Juggernaut+1"],"picked":"hubris:StunningStrike+1","floor":4.0},{"not_picked":["Replay:Many Hands+1","Barricade+1"],"picked":"Impervious+1","floor":4.0},{"not_picked":["Rupture","Perfected Strike","Armaments"],"picked":"SKIP","floor":5.0},{"not_picked":["ReplayTheSpireMod:Strike From Hell","Reckless Charge","Armaments"],"picked":"SKIP","floor":8.0},{"not_picked":["Havoc","Hemokinesis"],"picked":"Headbutt","floor":10.0},{"not_picked":["Armaments","Rupture"],"picked":"Whirlwind","floor":11.0},{"not_picked":["Armaments","Wild Strike"],"picked":"Immolate","floor":12.0},{"not_picked":["hubris:ReadiedAction","Twin Strike","Brutality"],"picked":"SKIP","floor":13.0},{"not_picked":["hubris:StunningStrike","Corruption"],"picked":"Fiend Fire","floor":16.0},{"not_picked":["Clothesline+1","Havoc"],"picked":"Entrench+1","floor":18.0},{"not_picked":["ReplayTheSpireMod:LeadingStrike","Headbutt","Searing Blow"],"picked":"SKIP","floor":19.0},{"not_picked":["Sever Soul","Cleave","Havoc"],"picked":"SKIP","floor":23.0},{"not_picked":["Armaments+1","Heavy Blade","ReplayTheSpireMod:Strike From Hell"],"picked":"SKIP","floor":24.0},{"not_picked":["Sword Boomerang","ReplayTheSpireMod:Strike From Hell+1","Pummel"],"picked":"SKIP","floor":25.0},{"not_picked":["Demonic Infusion","Sword Boomerang","Run Through"],"picked":"SKIP","floor":27.0},{"not_picked":["Warcry","Pommel Strike"],"picked":"Headbutt","floor":30.0},{"not_picked":["Exhume","Demonic Infusion"],"picked":"Bludgeon","floor":33.0},{"not_picked":["Dark Embrace","hubris:ReadiedAction"],"picked":"Iron Wave+1","floor":35}],"player_experience":162720,"relics_obtained":[{"floor":9.0,"key":"hubris:OldNail"},{"floor":10.0,"key":"Charon\u0027s Ashes"},{"floor":12.0,"key":"Odd Mushroom"},{"floor":13.0,"key":"Blood Vial"},{"floor":23.0,"key":"Bag of Marbles"},{"floor":25.0,"key":"Oddly Smooth Stone"},{"floor":26.0,"key":"ReplayFunnel"},{"floor":27.0,"key":"ReplayTheSpireMod:Lightbulb"}],"event_choices":[{"cards_removed":["Strike_R"],"damage_healed":0.0,"max_hp_gain":0.0,"max_hp_loss":0.0,"gold_gain":0.0,"event_name":"Bonfire Elementals","player_choice":"Offered Basic","floor":3.0,"gold_loss":0.0,"damage_taken":0.0},{"damage_healed":0.0,"max_hp_gain":0.0,"max_hp_loss":0.0,"gold_gain":0.0,"event_name":"betterMatch:BetterMatch","player_choice":"3","floor":4.0,"gold_loss":0.0,"damage_taken":0.0,"cards_obtained":["betterMatch:RareCard"]},{"damage_healed":0.0,"max_hp_gain":0.0,"max_hp_loss":0.0,"gold_gain":0.0,"event_name":"WeMeetAgain","player_choice":"Gave Potion","floor":7.0,"gold_loss":0.0,"damage_taken":0.0,"relics_obtained":["infinitespire:Lucky Rock"]},{"damage_healed":0.0,"max_hp_gain":0.0,"max_hp_loss":0.0,"gold_gain":0.0,"event_name":"Mushrooms","player_choice":"Fought Mushrooms","floor":12.0,"gold_loss":0.0,"damage_taken":0.0},{"damage_healed":0.0,"max_hp_gain":0.0,"max_hp_loss":0.0,"gold_gain":0.0,"event_name":"Designer","player_choice":"Upgrade","floor":22.0,"gold_loss":40.0,"damage_taken":0.0,"cards_upgraded":["infinitespire:Starlight"]},{"damage_healed":0.0,"max_hp_gain":0.0,"max_hp_loss":0.0,"gold_gain":0.0,"event_name":"The Library","player_choice":"Read","floor":31.0,"gold_loss":0.0,"damage_taken":0.0,"cards_obtained":["Impervious"]},{"damage_healed":0,"gold_gain":0,"cards_transformed":["Defend_R"],"player_choice":"Transformed","damage_taken":0,"max_hp_gain":0,"max_hp_loss":0,"event_name":"Transmorgrifier","floor":37,"gold_loss":0,"cards_obtained":["Reckless Charge"]}],"is_beta":false,"boss_relics":[{"not_picked":["aspiration:DefectSkillbook","Replay:Wanted Poster"],"picked":"aspiration:PoetsPen_weak"},{"not_picked":["Runic Pyramid","hubris:VirtuousBlindfold"],"picked":"Black Blood"}],"items_purged_floors":[29,36],"is_endless":false,"potions_floor_spawned":[5,10,13,16,23,24,30,33,35],"killed_by":"Nightmare_Alpha","ascension_level":10}}