{"host":"08t08ld674si40tv","time":1610175461,"event":{"mods":["AchievementEnabler","BaseMod","Colored Map","Minty Spire (QoL Compilation)","StSLib","SuperFastMode"],"gold_per_floor":[119,44,58,77,93,93,127,137,137,137,149,17,43,93,93,167,167,181,198,211,238,238,238,238],"floor_reached":23,"playtime":411,"items_purged":["Regret"],"score":431,"play_id":"75206cfb-8593-453f-b775-9b8490f0e6a6","local_time":"20210109155741","is_ascension_mode":true,"campfire_choices":[{"data":"Perfected Strike","floor":6,"key":"SMITH"},{"data":"Perfected Strike","floor":10,"key":"SMITH"},{"data":"Bash","floor":15,"key":"SMITH"}],"circlet_count":0,"master_deck":["AscendersBane","Strike_R","Strike_R","Strike_R","Strike_R","Strike_R","Defend_R","Defend_R","Defend_R","Defend_R","Bash+1","Reaper","Perfected Strike+1","Perfected Strike","Pommel Strike","Perfected Strike+1","Pommel Strike","Perfected Strike"],"relics":["Burning Blood","Black Star","Bag of Preparation","Ornamental Fan","The Courier","Happy Flower","StrikeDummy","Self Forming Clay","Toy Ornithopter","SlaversCollar","Tiny Chest","Enchiridion"],"acts_visited":["Exordium","TheCity"],"potions_floor_usage":[7,16,18,18],"damage_taken":[{"damage":15,"enemies":"Cultist","floor":1,"turns":4},{"damage":7,"enemies":"Jaw Worm","floor":3,"turns":3},{"damage":6,"enemies":"Small Slimes","floor":4,"turns":3},{"damage":19,"enemies":"Blue Slaver","floor":5,"turns":4},{"damage":30,"enemies":"3 Sentries","floor":7,"turns":7},{"damage":9,"enemies":"Red Slaver","floor":8,"turns":2},{"damage":15,"enemies":"3 Louse","floor":11,"turns":4},{"damage":15,"enemies":"Lagavulin","floor":13,"turns":4},{"damage":17,"enemies":"Hexaghost","floor":16,"turns":6},{"damage":18,"enemies":"3 Byrds","floor":18,"turns":5},{"damage":24,"enemies":"Shell Parasite","floor":19,"turns":3},{"damage":19,"enemies":"Snake Plant","floor":20,"turns":2},{"damage":24,"enemies":"Gremlin Leader","floor":23,"turns":1}],"seed_played":"2217066593775119844","potions_obtained":[{"floor":1,"key":"SpeedPotion"},{"floor":3,"key":"Fruit Juice"},{"floor":8,"key":"EssenceOfSteel"},{"floor":16,"key":"EssenceOfSteel"},{"floor":18,"key":"Ancient Potion"}],"is_trial":false,"path_per_floor":["M","$","M","M","M","R","E","M","T","R","M","$","E","T","R","B",null,"M","M","M","T","?","E"],"character_chosen":"IRONCLAD","items_purchased":["Perfected Strike","Happy Flower"],"campfire_rested":0,"item_purchase_floors":[2,12],"current_hp_per_floor":[65,65,64,64,51,51,44,41,41,41,40,40,31,31,31,25,66,64,46,33,33,12,0,0],"gold":238,"neow_bonus":"THREE_RARE_CARDS","is_daily":false,"chose_seed":false,"campfire_upgraded":3,"win_rate":0.0,"timestamp":1610175461,"path_taken":["M","$","M","M","?","R","E","M","T","R","M","?","E","?","R","BOSS","M","M","M","?","?","E"],"items_purchased_type":["Card","Relic"],"build_version":"2020-12-22","purchased_purges":1,"victory":false,"max_hp_per_floor":[75,75,75,75,75,75,80,80,80,80,80,80,80,80,80,80,80,80,80,80,80,80,80,80],"card_choices":[{"not_picked":["Limit Break","Brutality"],"picked":"Reaper","floor":0},{"not_picked":["Havoc","Second Wind"],"picked":"Perfected Strike","floor":1},{"not_picked":["Power Through","Second Wind"],"picked":"Pommel Strike","floor":3},{"not_picked":["Headbutt","Flex","Body Slam"],"picked":"SKIP","floor":4},{"not_picked":["Hemokinesis","Heavy Blade","Headbutt"],"picked":"SKIP","floor":5},{"not_picked":["Carnage","Evolve"],"picked":"Perfected Strike","floor":7},{"not_picked":["Pummel","Sever Soul","Carnage"],"picked":"SKIP","floor":8},{"not_picked":["Armaments","Clash"],"picked":"Pommel Strike","floor":11},{"not_picked":["Feed","Clash","Wild Strike"],"picked":"SKIP","floor":13},{"not_picked":["Clothesline","True Grit","Sentinel"],"picked":"SKIP","floor":18},{"not_picked":["Headbutt","Power Through+1"],"picked":"Perfected Strike","floor":19},{"not_picked":["Thunderclap","Pummel","Flex"],"picked":"SKIP","floor":20}],"player_experience":203324,"relics_obtained":[{"floor":7,"key":"Bag of Preparation"},{"floor":7,"key":"Ornamental Fan"},{"floor":9,"key":"The Courier"},{"floor":13,"key":"StrikeDummy"},{"floor":13,"key":"Self Forming Clay"},{"floor":14,"key":"Toy Ornithopter"},{"floor":21,"key":"Tiny Chest"},{"floor":22,"key":"Enchiridion"}],"event_choices":[{"damage_healed":0,"gold_gain":0,"player_choice":"Obtained Book","damage_taken":21,"max_hp_gain":0,"max_hp_loss":0,"event_name":"Cursed Tome","floor":22,"gold_loss":0}],"is_beta":false,"boss_relics":[{"not_picked":["Busted Crown","Sozu"],"picked":"SlaversCollar"}],"items_purged_floors":[2],"is_endless":false,"potions_floor_spawned":[1,3,8,16,18],"killed_by":"Gremlin Leader","ascension_level":20}}