{"host":"8v7nkx72j7rwevt7","time":1610159882,"event":{"mods":["100% Spire Juice","Act Like it!","Aspiration","BaseMod","Better Third Choice","Challenge The Spire","ChefMod","Conjunction","Conspire","Dota2Spire","Ekko","Energized Spire","GifTheSpireLib","Halation","Hubris","Mimic Mod","Minty Spire (QoL Compilation)","Mirrors Mod","Puzzle Mod","Quarter Circle Forward PUNCH!","Random Character Button","Replay The Spire","Reworked Bosses","Robot Space Explorer","Small Relic Pack","Spikes Relics","StSLib","Stuff the Spire","The Alterego","The Blue Laboratory","The Bug Knight","The Caster","The Death Knight","The Florist","The Poker Player","Trackpad","Wandering Minibosses","vexMod"],"gold_per_floor":[110,110,110,110,121,156,156,172,206,129,143,176,12,30,30,125,125,44,44,44,55,55,80,80,5,5,18,51,67,67,79,79,183,183,194,205,205,217,233,233,248,276,276,276,276,294,294,311,311,311,311],"floor_reached":50,"playtime":3492,"items_purged":["Pride"],"score":624,"play_id":"cf748b69-bd98-4942-9c33-3e2cadbb65a7","local_time":"20210108213801","is_ascension_mode":false,"campfire_choices":[{"data":"chefmod:Fillet","floor":7.0,"key":"SMITH"},{"data":"chefmod:CapreseSalad","floor":15.0,"key":"SMITH"},{"data":"chefmod:Cleavers","floor":24.0,"key":"SMITH"},{"floor":32.0,"key":"REST"},{"floor":40,"key":"REST"},{"floor":45,"key":"RECALL"},{"floor":47,"key":"REST"},{"floor":49,"key":"REST"}],"circlet_count":0,"master_deck":["chefmod:Strike","chefmod:Strike","chefmod:Strike","chefmod:Strike","chefmod:Defend","chefmod:Defend","chefmod:Defend","chefmod:QuickThaw","chefmod:TodaysSpecial","chefmod:Fillet+1","chefmod:Cleavers+1","chefmod:DoubleChop","chefmod:RaidPantry","chefmod:CapreseSalad+1","chefmod:Escargot+1","chefmod:Fillet","chefmod:Tenderizer","chefmod:Defrost","chefmod:FreezerBurn","chefmod:SliceAndDice","chefmod:Chop","chefmod:TwoForOne","chefmod:CayenneCloud","chefmod:FreezeSolid","Pride"],"relics":["chefmod:TrustyPot","NeowsBlessing","hubris:Towel","StuffTheSpire:Rhapsscallions","trackpad:BottledTsunami","Regal Pillow","StuffTheSpire:Gunfinga","Replay:Wax Seal","halation:SwordOfLegend","Lee\u0027s Waffle","hubris:VirtuousBlindfold","alterego_mod:FleetingLove","MutagenicStrength","trackpad:CultistFigurine","conspire:Dentures","vexMod:BarristanHead","halation:ForbiddenBikini","qcfpunch:Chain_With_Nametags","hubris:Icosahedron"],"acts_visited":["Exordium","TheCity","TheBeyond"],"potions_floor_usage":[36,50,50],"damage_taken":[{"damage":0.0,"enemies":"Cultist","floor":1.0,"turns":1.0},{"damage":0.0,"enemies":"Small Slimes","floor":5.0,"turns":1.0},{"damage":0.0,"enemies":"Lagavulin","floor":6.0,"turns":1.0},{"damage":1.0,"enemies":"Jaw Worm","floor":8.0,"turns":2.0},{"damage":0.0,"enemies":"2 Fungi Beasts","floor":9.0,"turns":7.0},{"damage":0.0,"enemies":"2 Fungi Beasts","floor":11.0,"turns":2.0},{"damage":30.0,"enemies":"Gremlin Nob","floor":12.0,"turns":4.0},{"damage":3.0,"enemies":"Red Slaver","floor":14.0,"turns":4.0},{"damage":67.0,"enemies":"Hexaghost","floor":16.0,"turns":10.0},{"damage":4.0,"enemies":"Shell Parasite","floor":18.0,"turns":4.0},{"damage":8.0,"enemies":"Spheric Guardian","floor":21.0,"turns":4.0},{"damage":24.0,"enemies":"Slavers","floor":23.0,"turns":5.0},{"damage":21.0,"enemies":"Snake Plant","floor":27.0,"turns":5.0},{"damage":6.0,"enemies":"Gremlin Leader","floor":28.0,"turns":5.0},{"damage":3.0,"enemies":"Snecko","floor":29.0,"turns":4.0},{"damage":2.0,"enemies":"Centurion and Healer","floor":31.0,"turns":4.0},{"damage":31.0,"enemies":"conspire:MysteriousRune","floor":33.0,"turns":6.0},{"damage":33,"enemies":"3 Darklings","floor":35,"turns":4},{"damage":15,"enemies":"Orb Walker","floor":36,"turns":3},{"damage":3,"enemies":"Transient","floor":38,"turns":5},{"damage":51,"enemies":"4 Shapes","floor":39,"turns":5},{"damage":24,"enemies":"Writhing Mass","floor":41,"turns":4},{"damage":0,"enemies":"R_Hoarder","floor":42,"turns":5},{"damage":21,"enemies":"Spire Growth","floor":46,"turns":4},{"damage":11,"enemies":"4 Shapes","floor":48,"turns":4},{"damage":84,"enemies":"MirrorBossEncounter","floor":50,"turns":10}],"seed_played":"-3124888954733038866","potions_obtained":[{"floor":5.0,"key":"AttackPotion"},{"floor":11.0,"key":"blueLaboratory:ExaltedPotion"},{"floor":12.0,"key":"blueLaboratory:ArtificerPotion"},{"floor":14.0,"key":"EssenceOfSteel"},{"floor":16.0,"key":"Dota2Spire:HealingSalve"},{"floor":21.0,"key":"Reflective Coating"},{"floor":28.0,"key":"blueLaboratory:BubblePotion"},{"floor":29.0,"key":"EssenceOfSteel"},{"floor":35,"key":"AttackPotion"},{"floor":41,"key":"blueLaboratory:StoneskinPotion"},{"floor":46,"key":"blueLaboratory:ExaltedPotion"}],"is_trial":false,"path_per_floor":["M","?","?","?","M","E","R","M","MIM","$","M","E","$","M","R","B",null,"M","$","?","M","?","E","R","$","T","M","E","M","?","M","R","B",null,"M","M","?","M","M","R","M","E","T","?","R","M","R","M","R","B"],"character_chosen":"THE_CHEF","items_purchased":["Replay:Wax Seal","chefmod:Escargot+1","Lee\u0027s Waffle","chefmod:Fillet"],"campfire_rested":4,"item_purchase_floors":[10,13,13,13],"current_hp_per_floor":[76,76,76,82,82,82,82,81,81,81,81,51,89,86,89,22,89,85,85,85,80,80,56,68,68,68,47,41,38,38,36,86,55,89,56,41,82,79,28,82,58,58,58,58,64,61,82,71,82,0,0],"gold":311,"neow_bonus":"THREE_ENEMY_KILL","is_daily":false,"chose_seed":false,"campfire_upgraded":3,"win_rate":0.0,"timestamp":1610159881,"path_taken":["M","?","?","?","?","E","R","M","MIM","?","M","E","$","M","R","BOSS","M","$","?","M","?","E","R","$","T","M","E","M","?","?","R","BOSS","M","M","?","M","M","R","M","E","T","?","R","M","R","M","R","BOSS"],"items_purchased_type":["Relic","Card","Relic","Card"],"build_version":"2020-12-22","purchased_purges":1,"victory":false,"max_hp_per_floor":[76,76,76,82,82,82,82,82,82,82,82,82,89,89,89,89,89,89,89,89,89,89,89,89,89,89,89,89,89,89,89,89,89,89,89,89,82,82,82,82,82,82,82,82,82,82,82,82,82,82,82],"card_choices":[{"not_picked":["chefmod:Sorbet","chefmod:FryPan"],"picked":"chefmod:FullBurn","floor":1.0},{"not_picked":["chefmod:AlooGobi","chefmod:Gelato"],"picked":"chefmod:Fillet","floor":5.0},{"not_picked":["chefmod:Gelato","chefmod:Sorbet"],"picked":"chefmod:Cleavers","floor":6.0},{"not_picked":["chefmod:FryPan","chefmod:VegetableTart"],"picked":"chefmod:DoubleChop","floor":8.0},{"not_picked":["chefmod:ColdSteel","chefmod:FireUp"],"picked":"chefmod:RaidPantry","floor":9.0},{"not_picked":["chefmod:DinoKale","chefmod:Gelato"],"picked":"chefmod:OldCookbook","floor":11.0},{"not_picked":["chefmod:Canape","chefmod:BleedOut"],"picked":"chefmod:CapreseSalad","floor":12.0},{"not_picked":["chefmod:FryPan","chefmod:BaoBuns","chefmod:FireUp"],"picked":"SKIP","floor":14.0},{"not_picked":["chefmod:DeathByChocolate","chefmod:Mince"],"picked":"chefmod:Tenderizer","floor":16.0},{"not_picked":["chefmod:Sorbet","chefmod:ZaruSoba+1"],"picked":"chefmod:Defrost","floor":18.0},{"not_picked":["chefmod:CuttingBoard+1","chefmod:VegetableTart"],"picked":"chefmod:FreezerBurn","floor":21.0},{"not_picked":["chefmod:Defrost","chefmod:SpaghettiCarbonara"],"picked":"chefmod:SliceAndDice","floor":23.0},{"not_picked":["chefmod:FryPan+1","chefmod:Sorbet","chefmod:Gelato"],"picked":"SKIP","floor":27.0},{"not_picked":["chefmod:IceCreamCone+1","chefmod:FreshProduce","chefmod:ZaruSoba"],"picked":"SKIP","floor":28.0},{"not_picked":["chefmod:FreshProduce","chefmod:IcePick","chefmod:Bruschetta+1"],"picked":"SKIP","floor":29.0},{"not_picked":["chefmod:VegetableTart+1","chefmod:BaoBuns"],"picked":"chefmod:Chop","floor":31.0},{"not_picked":["chefmod:PrepCook","chefmod:CapreseSalad"],"picked":"chefmod:TwoForOne","floor":33.0},{"not_picked":["chefmod:FiveAlarmChili+1","chefmod:Escargot","chefmod:Granita+1"],"picked":"SKIP","floor":35},{"not_picked":["chefmod:Escargot","chefmod:Chop+1"],"picked":"chefmod:CayenneCloud","floor":36},{"not_picked":["chefmod:DinoKale","chefmod:IcePick+1","chefmod:FreshProduce+1"],"picked":"SKIP","floor":38},{"not_picked":["chefmod:Chop","chefmod:Fillet","chefmod:OldCookbook"],"picked":"SKIP","floor":39},{"not_picked":["chefmod:RisingDough","chefmod:BleedOut"],"picked":"chefmod:FreezeSolid","floor":41},{"not_picked":["chefmod:CleanHouse+1","chefmod:Bruschetta","chefmod:ColdSteel+1"],"picked":"SKIP","floor":42},{"not_picked":["chefmod:HotSoup","chefmod:FullBurn+1","chefmod:DinoKale+1"],"picked":"SKIP","floor":46},{"not_picked":["chefmod:MonsterBait+1","chefmod:ZaruSoba","chefmod:ColdSteel+1"],"picked":"SKIP","floor":48}],"player_experience":175930,"relics_obtained":[{"floor":6.0,"key":"trackpad:BottledTsunami"},{"floor":9.0,"key":"Regal Pillow"},{"floor":9.0,"key":"StuffTheSpire:Gunfinga"},{"floor":12.0,"key":"halation:SwordOfLegend"},{"floor":23.0,"key":"trackpad:CultistFigurine"},{"floor":26.0,"key":"conspire:Dentures"},{"floor":28.0,"key":"vexMod:BarristanHead"},{"floor":42,"key":"qcfpunch:Chain_With_Nametags"}],"event_choices":[{"damage_healed":0.0,"max_hp_gain":0.0,"max_hp_loss":0.0,"gold_gain":0.0,"event_name":"PokerPlayerMod:ExordiumClub","player_choice":"Ignored","floor":2.0,"gold_loss":0.0,"damage_taken":0.0},{"cards_removed":["chefmod:FullBurn"],"damage_healed":0.0,"max_hp_gain":0.0,"max_hp_loss":0.0,"gold_gain":0.0,"event_name":"WeMeetAgain","player_choice":"Gave Card","floor":4.0,"gold_loss":0.0,"damage_taken":0.0,"relics_obtained":["StuffTheSpire:Rhapsscallions"]},{"damage_healed":0.0,"max_hp_gain":0.0,"max_hp_loss":0.0,"gold_gain":0.0,"event_name":"Secret Garden","player_choice":"Choice 1","floor":20.0,"gold_loss":0.0,"damage_taken":0.0,"relics_obtained":["alterego_mod:FleetingLove"]},{"damage_healed":0.0,"max_hp_gain":0.0,"max_hp_loss":0.0,"gold_gain":0.0,"event_name":"Drug Dealer","player_choice":"Inject Mutagens","floor":22.0,"gold_loss":0.0,"damage_taken":0.0,"relics_obtained":["MutagenicStrength"]},{"cards_removed":["chefmod:OldCookbook"],"damage_healed":0.0,"max_hp_gain":0.0,"max_hp_loss":0.0,"gold_gain":0.0,"event_name":"Purifier","player_choice":"Purged","floor":30.0,"gold_loss":0.0,"damage_taken":0.0}],"is_beta":false,"boss_relics":[{"not_picked":["relicPack:StarArrow","Cursed Key"],"picked":"hubris:VirtuousBlindfold"},{"not_picked":["aspiration:IroncladSkillbook","energizedSpire:StickyHand"],"picked":"halation:ForbiddenBikini"}],"items_purged_floors":[25],"is_endless":false,"potions_floor_spawned":[5,11,12,14,16,21,28,29,35,41,46],"killed_by":"MirrorBossEncounter","ascension_level":0}}