{"host":"ahe97mou057ugdu8","time":1610164795,"event":{"mods":["BaseMod","Better Vampires","BetterRewards","Colored Map","Colored Powertips","Conspire","Custom Start","Halation","Highlight Path","Infinite Spire","Marisa????????","Minty Spire (QoL Compilation)","Prisma Mod","READ ME - Guardian Mod","READ ME - Snecko Mod","Remilia??????","Shop Mod","StSLib","The Animator","The Bladedancer","The Construct","The Cursed","The Disciple","The Exalted","The Factory","The Jungle","The Necromancer","The Runesmith","The Senshi","The Servant 0.9.4","The Spell Scribe","The Witch"],"gold_per_floor":[118,45,45,45,45,45,81,81,81,116,134,147,158,188,188,294,294,311,67,67,76,91,91,124,124,124,158,170,182,229,252,264,371,383,423,444,456,486,312,312,312],"floor_reached":40,"playtime":3781,"items_purged":[],"score":483,"play_id":"bb4ca04a-3cda-4d82-8986-47e9d850aff5","local_time":"20210108225955","daily_mods":["Draft","Heirloom","Elite Swarm"],"is_ascension_mode":false,"campfire_choices":[{"data":"Summon_Undead_Army","floor":6,"key":"SMITH"},{"data":"Summon_Vampire_Lady","floor":8,"key":"SMITH"},{"data":"Summon_Lich","floor":15,"key":"SMITH"},{"data":"Summon_Lich","floor":23,"key":"SMITH"},{"data":"infinitespire:Punishment","floor":25,"key":"SMITH"},{"data":"Blood_Is_Power","floor":32,"key":"SMITH"}],"circlet_count":0,"master_deck":["Summon_Undead_Army+1","Life_Tap","Blood_Is_Power+1","Plague_Bolt","Negative_Energy_Mist","Negative_Energy_Burst","Scare","Scare","Blood_Curse","Toxic_Smoke_Screen","Necrotic_Claws","Negative_Energy_Sphere","Consume_Illness","Vampiric_Strike","Epidemic","Vampiric_Strike","Summon_Lich+1","Summon_Vampire_Lady+1","Cloudkill","Summon_Vampire_Lady","Summon_Lich+1","Summon_Undead","infinitespire:Punishment+1","Cloudkill","Negative_Energy_Mist","infinitespire:Oblivion","Mayhem"],"relics":["Vampire_Amulet","conspire:Boomerang","CeramicFish","halation:StarCompass","Peace Pipe","Anchor","infinitespire:CheckeredPen","Pen Nib","Toolbox","halation:PinkSoulGem","halation:SmartPhone","Dream Catcher","Bromod:ArcaneFury","Regal Pillow","MawBank","conspire:BottledYoYo","conspire:SlowCooker"],"acts_visited":["Exordium","TheCity","TheCity"],"potions_floor_usage":[22,22],"damage_taken":[{"damage":4,"enemies":"Small Slimes","floor":1,"turns":3},{"damage":16,"enemies":"Gremlin Nob","floor":7,"turns":4},{"damage":22,"enemies":"3 Sentries","floor":10,"turns":4},{"damage":4,"enemies":"2 Louse","floor":11,"turns":2},{"damage":4,"enemies":"Jaw Worm","floor":12,"turns":3},{"damage":12,"enemies":"Lots of Slimes","floor":13,"turns":3},{"damage":29,"enemies":"Lagavulin","floor":14,"turns":4},{"damage":13,"enemies":"Hexaghost","floor":16,"turns":5},{"damage":19,"enemies":"2 Thieves","floor":18,"turns":3},{"damage":7,"enemies":"3 Byrds","floor":22,"turns":3},{"damage":6,"enemies":"Gremlin Leader","floor":24,"turns":4},{"damage":20,"enemies":"Book of Stabbing","floor":27,"turns":3},{"damage":0,"enemies":"Gremlin Leader","floor":30,"turns":4},{"damage":2,"enemies":"Centurion and Healer","floor":31,"turns":3},{"damage":14,"enemies":"Champ","floor":33,"turns":6},{"damage":10,"enemies":"theFactory:BigBot","floor":35,"turns":4},{"damage":35,"enemies":"theFactory:4_Mini-Bots","floor":38,"turns":3},{"damage":24,"enemies":"theFactory:Manservantes","floor":40,"turns":2}],"seed_played":"-773422590370973859","potions_obtained":[{"floor":10,"key":"FearPotion"},{"floor":12,"key":"FearPotion"},{"floor":13,"key":"SpeedPotion"},{"floor":22,"key":"Fire Potion"},{"floor":27,"key":"construct:ShiftPotion"},{"floor":33,"key":"EssenceOfSteel"},{"floor":37,"key":"CultistPotion"}],"is_trial":true,"path_per_floor":["M","$","?","?","?","R","E","R","T","E","M","M","M","E","R","B",null,"M","$","?","AVR","M","R","E","R","T","E","?","?","E","M","R","B",null,"M","?","?","M","$","E"],"character_chosen":"NECROMANCER","items_purchased":["Summon_Lich","Summon_Lich","Summon_Undead","Toolbox","Mayhem"],"campfire_rested":0,"item_purchase_floors":[2,19,19,19,39],"current_hp_per_floor":[73,73,61,61,61,61,47,47,47,39,44,47,48,33,33,34,75,60,60,60,60,58,58,55,55,55,45,31,57,67,69,69,71,80,72,44,44,17,9,0,0],"gold":312,"neow_bonus":"","is_daily":false,"chose_seed":false,"campfire_upgraded":6,"win_rate":0.0,"timestamp":1610164795,"path_taken":["M","$","?","?","?","R","E","R","T","E","M","M","?","E","R","BOSS","M","?","?","AVR","M","R","E","R","T","E","?","?","E","M","R","BOSS","M","?","?","?","$","E"],"items_purchased_type":["Card","Card","Card","Relic","Card"],"build_version":"2020-12-22","purchased_purges":0,"victory":false,"max_hp_per_floor":[75,75,75,75,75,75,75,75,75,75,75,75,75,75,75,75,75,75,75,75,75,75,75,75,75,75,75,80,80,80,80,80,80,80,80,80,80,80,80,80,80],"card_choices":[{"not_picked":["Epidemic","Death_Knell"],"picked":"Summon_Undead_Army","floor":0},{"not_picked":["Negative_Energy_Mist","Chill_Blood"],"picked":"Life_Tap","floor":0},{"not_picked":["Chill_Blood","Plague_Bolt"],"picked":"Blood_Is_Power","floor":0},{"not_picked":["Negative_Energy_Mist","Whirlwind_of_Bones"],"picked":"Plague_Bolt","floor":0},{"not_picked":["Bone_Shift","Negative_Energy_Burst"],"picked":"Negative_Energy_Mist","floor":0},{"not_picked":["Consume_Illness","Finger_Of_Death"],"picked":"Negative_Energy_Burst","floor":0},{"not_picked":["Whirlwind_of_Bones","Toxic_Smoke_Screen"],"picked":"Scare","floor":0},{"not_picked":["Shackles_Of_Pain","Blood_for_Blood"],"picked":"Scare","floor":0},{"not_picked":["Blood_Whip","Necrotic_Claws"],"picked":"Blood_Curse","floor":0},{"not_picked":["Acid_Javelin","Blood_Whip"],"picked":"Toxic_Smoke_Screen","floor":0},{"not_picked":["Negative_Energy_Mist","Finger_Of_Death"],"picked":"Necrotic_Claws","floor":0},{"not_picked":["Chill_Blood","Bones_to_Steel"],"picked":"Negative_Energy_Sphere","floor":0},{"not_picked":["Blood_Curse","Chill_Blood"],"picked":"Consume_Illness","floor":0},{"not_picked":["Negative_Energy_Sphere","Blood_for_Blood"],"picked":"Vampiric_Strike","floor":0},{"not_picked":["Bone_Armor","Bones_to_Steel"],"picked":"Epidemic","floor":0},{"not_picked":["Shade_Step","Bone_Armory"],"picked":"Vampiric_Strike","floor":1},{"not_picked":["Summon_Death_Knight","Blood_Wake"],"picked":"Summon_Vampire_Lady","floor":7},{"not_picked":["Summon_Vampire_Lady","Requiem"],"picked":"Cloudkill","floor":10},{"not_picked":["Slay_Living","Shackles_Of_Pain","Scare"],"picked":"SKIP","floor":11},{"not_picked":["Bone_Armor","Negative_Energy_Shield","Strike_from_Beyond"],"picked":"SKIP","floor":12},{"not_picked":["Bone_Bullets","Blood_Curse","Blood_Whip"],"picked":"SKIP","floor":13},{"not_picked":["Blood_Wake","Requiem","Hellfire"],"picked":"SKIP","floor":14},{"not_picked":["Skeleton_Dragon","Hellfire"],"picked":"Summon_Vampire_Lady","floor":16},{"not_picked":["Finger_Of_Death","Death_March_Dance","Scare+1"],"picked":"SKIP","floor":18},{"not_picked":["Death_March_Dance","Bone_Spikes","Bones_to_Steel+1"],"picked":"SKIP","floor":22},{"not_picked":["Negative_Energy_Bomb","Grasp_Heart","Reap_The_Weak"],"picked":"SKIP","floor":24},{"not_picked":["Skeleton_Dragon","Hellfire"],"picked":"Cloudkill","floor":27},{"not_picked":["Blood_Wake","Reap_The_Weak","Negative_Energy_Bomb"],"picked":"SKIP","floor":30},{"not_picked":["Bone_Spikes+1","Bones_to_Steel","Deaths_Shadow"],"picked":"SKIP","floor":31},{"not_picked":["Death_March_Dance","Bone_Shift"],"picked":"Negative_Energy_Mist","floor":35},{"not_picked":["infinitespire:SevenWalls","infinitespire:Collect"],"picked":"infinitespire:Oblivion","floor":36},{"not_picked":["Necromantic_Selection+1","Summon_Undead","Shackles_Of_Pain"],"picked":"SKIP","floor":38}],"player_experience":16178,"relics_obtained":[{"floor":7,"key":"Peace Pipe"},{"floor":9,"key":"Anchor"},{"floor":10,"key":"infinitespire:CheckeredPen"},{"floor":14,"key":"Pen Nib"},{"floor":24,"key":"Bromod:ArcaneFury"},{"floor":26,"key":"Regal Pillow"},{"floor":27,"key":"MawBank"},{"floor":30,"key":"conspire:BottledYoYo"}],"event_choices":[{"damage_healed":0,"gold_gain":0,"player_choice":"Success","damage_taken":12,"relics_obtained":["CeramicFish"],"max_hp_gain":0,"max_hp_loss":0,"event_name":"Scrap Ooze","floor":3,"gold_loss":0},{"damage_healed":0,"gold_gain":0,"player_choice":"Ignored","damage_taken":0,"max_hp_gain":0,"max_hp_loss":0,"event_name":"Liars Game","floor":4,"gold_loss":0},{"damage_healed":0,"gold_gain":0,"player_choice":"Shed Blood","damage_taken":19,"max_hp_gain":5,"max_hp_loss":0,"event_name":"Forgotten Altar","floor":28,"gold_loss":0},{"damage_healed":26,"gold_gain":0,"player_choice":"Heal","damage_taken":0,"max_hp_gain":0,"max_hp_loss":0,"event_name":"The Library","floor":29,"gold_loss":0},{"damage_healed":0,"gold_gain":0,"player_choice":"Got Potions","damage_taken":0,"max_hp_gain":0,"max_hp_loss":0,"event_name":"Lab","floor":37,"gold_loss":0}],"is_beta":false,"boss_relics":[{"not_picked":["theSenshi:MoonKaleidoScopeRelic","Fusion Hammer","halation:CatFaceCupcake"]},{"not_picked":["halation:PlatinumPhoenix","halation:Risk"],"picked":"conspire:SlowCooker"}],"items_purged_floors":[],"is_endless":false,"potions_floor_spawned":[10,12,13,22,27,33,38],"killed_by":"theFactory:Manservantes","ascension_level":0}}