{"host":"y36bp6mnm73x3iob","time":1610217861,"event":{"mods":["2.2 Compatiblity","Aspiration","BaseMod","Downfall","GifTheSpireLib","Hermit","Hubris","Marisa????????","Minty Spire (QoL Compilation)","Replay The Spire","Retaliation","StSLib","Stuff the Spire","The Cursed","The Disciple","The Servant 0.9.4"],"gold_per_floor":[112,52,127,46,109,142,157,187,187,206,206,239,239,257,257,257,257],"floor_reached":16,"playtime":609,"items_purged":[],"score":130,"play_id":"0bfe19b7-957d-4f8e-ab01-0157626b5986","local_time":"20210109204421","is_ascension_mode":true,"campfire_choices":[{"floor":15,"key":"REST"}],"circlet_count":0,"master_deck":["hermit:Strike_Hermit","hermit:Strike_Hermit","hermit:Strike_Hermit","hermit:Strike_Hermit","hermit:Defend_Hermit","hermit:Defend_Hermit","hermit:Defend_Hermit","hermit:Defend_Hermit","hermit:Snapshot","hermit:Covet","hermit:WideOpen","hermit:ShadowCloak+1","After Image","hermit:Manifest","hermit:Determination","hermit:WideOpen","hermit:Purgatory","Cloak And Dagger","TheCursedMod:DemonicPact","hermit:Virtue"],"relics":["hermit:Momento","aspiration:Nostalgia","m_SlimeRing","Pear","Replay:Bottled Steam","StuffTheSpire:RubySignet","StuffTheSpire:ForceGauntlet","hubris:DisguiseKit","hubris:AstralHammer"],"acts_visited":["Exordium"],"potions_floor_usage":[16],"damage_taken":[{"damage":2,"enemies":"Jaw Worm","floor":1,"turns":3},{"damage":4,"enemies":"Gremlin Nob","floor":6,"turns":4},{"damage":4,"enemies":"2 Louse","floor":7,"turns":3},{"damage":21,"enemies":"3 Sentries","floor":8,"turns":10},{"damage":4,"enemies":"Small Slimes","floor":10,"turns":2},{"damage":25,"enemies":"Gremlin Nob","floor":12,"turns":6},{"damage":1,"enemies":"Red Slaver","floor":14,"turns":4},{"damage":30,"enemies":"Slime Boss","floor":16,"turns":1}],"seed_played":"-354910723796710713","potions_obtained":[{"floor":5,"key":"champ:CounterPotion"},{"floor":7,"key":"sneckomod:MuddlingPotion"},{"floor":8,"key":"BlessingOfTheForge"},{"floor":10,"key":"Block Potion"}],"is_trial":false,"path_per_floor":["M","$","?","$","?","E","M","E","T","M","?","E","?","M","R","B"],"character_chosen":"HERMIT","items_purchased":["hermit:ShadowCloak+1","After Image"],"campfire_rested":1,"item_purchase_floors":[2,4],"current_hp_per_floor":[73,73,62,62,72,68,64,43,43,39,39,16,16,17,42,12,12],"gold":257,"neow_bonus":"NOSTALGIA","is_daily":false,"chose_seed":false,"campfire_upgraded":0,"win_rate":0.0,"timestamp":1610217861,"path_taken":["M","$","?","$","?","E","M","E","T","M","?","E","?","M","R","BOSS"],"items_purchased_type":["Card","Card"],"build_version":"2020-12-22","purchased_purges":0,"victory":false,"max_hp_per_floor":[75,75,75,75,85,85,85,85,85,85,85,85,85,85,85,85,85],"card_choices":[{"not_picked":["Hidden Blade","hermit:Ricochet"],"picked":"hermit:WideOpen","floor":1},{"not_picked":["hermit:Snipe","hermit:HighCaliber"],"picked":"hermit:Manifest","floor":5},{"not_picked":["ReplayTheSpireMod:Shiv Toss","hermit:CalledShot"],"picked":"hermit:Determination","floor":6},{"not_picked":["hermit:HoleUp","hermit:Ricochet"],"picked":"hermit:WideOpen","floor":7},{"not_picked":["hermit:CalledShot","hermit:Enervate"],"picked":"hermit:Purgatory","floor":8},{"not_picked":["hermit:Ricochet","hermit:PistolWhip"],"picked":"Cloak And Dagger","floor":10},{"not_picked":["Slimebound:Recollect","hermit:FlashPowder","hermit:Glare"],"picked":"TheCursedMod:DemonicPact","floor":12},{"not_picked":["hermit:LowProfile","hermit:Dive","TheCursedMod:VitalStrike"],"picked":"hermit:Virtue","floor":14}],"player_experience":454862,"relics_obtained":[{"floor":5,"key":"Pear"},{"floor":6,"key":"Replay:Bottled Steam"},{"floor":8,"key":"StuffTheSpire:RubySignet"},{"floor":9,"key":"StuffTheSpire:ForceGauntlet"},{"floor":12,"key":"hubris:AstralHammer"}],"event_choices":[{"damage_healed":0,"gold_gain":75,"player_choice":"Gather Gold","damage_taken":11,"max_hp_gain":0,"max_hp_loss":0,"event_name":"World of Goop","floor":3,"gold_loss":0},{"cards_removed":["ReplayTheSpireMod:Splinters"],"damage_healed":0,"gold_gain":0,"player_choice":"Purged","damage_taken":0,"max_hp_gain":0,"max_hp_loss":0,"event_name":"Purifier","floor":13,"gold_loss":0}],"is_beta":false,"boss_relics":[],"items_purged_floors":[],"is_endless":false,"potions_floor_spawned":[7,8,10],"killed_by":"Slime Boss","ascension_level":2}}