{"host":"dhv3u8yhd2rnugsp","time":1610231687,"event":{"mods":["BaseMod","Block Reminder","Colored Map","Googly Eyes","Highlight Path","Minty Spire (QoL Compilation)","Permanent Neow","Quick Restart","Random Character Button","StSLib"],"gold_per_floor":[114,133,153,28,103,103,129,129,129,129,129,129,129,162,162,236,236,250,267,285,285,285,285,313,313,313,313,346,361,371,58,58,136,136,154,154,171,171,185,185,216,269,269,118,118,118,118,153,153,153],"floor_reached":51,"playtime":2966,"items_purged":["Decay","Defend_P"],"score":1440,"play_id":"14cdbc6a-6ac1-42b0-bb1e-fab7a41e0724","local_time":"20210109163447","is_ascension_mode":true,"campfire_choices":[{"data":"Conclude","floor":6.0,"key":"SMITH"},{"data":"Vault","floor":8.0,"key":"SMITH"},{"data":"Halt","floor":12.0,"key":"SMITH"},{"data":"MentalFortress","floor":15.0,"key":"SMITH"},{"data":"SpiritShield","floor":23,"key":"SMITH"},{"data":"InnerPeace","floor":25,"key":"SMITH"},{"data":"ThirdEye","floor":27,"key":"SMITH"},{"data":"Eruption","floor":32,"key":"SMITH"},{"data":"Scrawl","floor":40,"key":"SMITH"},{"floor":45,"key":"DIG"},{"floor":47,"key":"DIG"},{"floor":49,"key":"DIG"}],"circlet_count":0,"master_deck":["AscendersBane","Defend_P","Defend_P","Eruption+1","Vigilance","ThirdEye+1","Halt+1","Vault+1","InnerPeace+1","Conclude+1","JustLucky+1","SpiritShield+1","MentalFortress+1","Scrawl+1","EmptyFist+1","Bite+1","Bite+1","Bite+1","Bite+1","Bite+1","Weave+1","FearNoEvil+1","BowlingBash+1","TalkToTheHand+1","SashWhip+1","LikeWater","CutThroughFate+1","FlurryOfBlows+1","Weave+1"],"relics":["Coffee Dripper","Molten Egg 2","Eternal Feather","Ornamental Fan","Cursed Key","Pear","Yang","White Beast Statue","OrangePellets","Runic Pyramid","Bottled Flame","Shovel","Toy Ornithopter","Lizard Tail","Boot","Calipers"],"acts_visited":["Exordium","TheCity","TheBeyond"],"potions_floor_usage":[19,33,33,41,50,50],"damage_taken":[{"damage":0.0,"enemies":"Small Slimes","floor":1.0,"turns":3.0},{"damage":0.0,"enemies":"2 Louse","floor":2.0,"turns":2.0},{"damage":4.0,"enemies":"Jaw Worm","floor":3.0,"turns":5.0},{"damage":10.0,"enemies":"Gremlin Nob","floor":7.0,"turns":3.0},{"damage":26.0,"enemies":"Lagavulin","floor":14.0,"turns":11.0},{"damage":16.0,"enemies":"Slime Boss","floor":16.0,"turns":10.0},{"damage":26,"enemies":"2 Thieves","floor":18,"turns":3},{"damage":0,"enemies":"3 Byrds","floor":19,"turns":6},{"damage":0,"enemies":"Centurion and Healer","floor":20,"turns":6},{"damage":16,"enemies":"Book of Stabbing","floor":24,"turns":6},{"damage":58,"enemies":"Gremlin Leader","floor":28,"turns":6},{"damage":2,"enemies":"Sentry and Sphere","floor":29,"turns":5},{"damage":10,"enemies":"Shelled Parasite and Fungi","floor":30,"turns":4},{"damage":4,"enemies":"Collector","floor":33,"turns":10},{"damage":12,"enemies":"3 Shapes","floor":35,"turns":3},{"damage":0,"enemies":"Orb Walker","floor":37,"turns":4},{"damage":0,"enemies":"Transient","floor":39,"turns":6},{"damage":4,"enemies":"Giant Head","floor":41,"turns":10},{"damage":0,"enemies":"2 Orb Walkers","floor":42,"turns":3},{"damage":0,"enemies":"Nemesis","floor":48,"turns":6},{"damage":0,"enemies":"Donu and Deca","floor":50,"turns":9}],"seed_played":"-2389590544010760847","potions_obtained":[{"floor":2.0,"key":"BlessingOfTheForge"},{"floor":14.0,"key":"Strength Potion"},{"floor":18,"key":"SkillPotion"},{"floor":28,"key":"ColorlessPotion"},{"floor":29,"key":"SkillPotion"},{"floor":30,"key":"PowerPotion"},{"floor":33,"key":"StancePotion"},{"floor":35,"key":"DuplicationPotion"},{"floor":41,"key":"BottledMiracle"}],"is_trial":false,"path_per_floor":["M","M","M","$","?","R","E","R","T","?","?","R","?","E","R","B",null,"M","M","M","?","T","R","E","R","T","R","E","M","M","$","R","B",null,"M","?","M","?","M","R","E","?","T","$","R","?","R","E","R","B",null],"character_chosen":"WATCHER","items_purchased":["InnerPeace","Conclude","TalkToTheHand+1","OrangePellets","FlurryOfBlows+1"],"campfire_rested":0,"item_purchase_floors":[4,4,31,31,44],"current_hp_per_floor":[61,61,57,57,46,46,36,36,36,36,41,50,50,24,33,17,59,33,33,33,33,33,45,49,61,61,61,27,49,51,51,61,61,61,55,55,61,61,61,61,60,61,61,61,61,58,58,58,58,58],"gold":153,"neow_bonus":"BOSS_RELIC","is_daily":false,"chose_seed":false,"campfire_upgraded":9,"win_rate":0.0,"timestamp":1610231687,"path_taken":["M","M","M","$","?","R","E","R","T","?","?","R","?","E","R","BOSS","M","M","M","?","?","R","E","R","T","R","E","M","M","$","R","BOSS","M","?","M","?","M","R","E","?","T","$","R","?","R","E","R","BOSS"],"items_purchased_type":["Card","Card","Card","Relic","Card"],"build_version":"2020-12-22","purchased_purges":2,"victory":true,"max_hp_per_floor":[68,68,68,68,68,68,68,68,68,68,73,73,73,73,73,73,73,73,73,73,51,51,51,61,61,61,61,61,61,61,61,61,61,61,61,61,61,61,61,61,61,61,61,61,61,58,58,58,58,58],"card_choices":[{"not_picked":["Consecrate","Swivel"],"picked":"ThirdEye","floor":1.0},{"not_picked":["Consecrate","FlyingSleeves"],"picked":"Halt","floor":2.0},{"not_picked":["FollowUp","BowlingBash"],"picked":"Vault","floor":3.0},{"not_picked":["EmptyFist+1","Halt"],"picked":"JustLucky+1","floor":7.0},{"not_picked":["SpiritShield","PathToVictory"],"picked":"MentalFortress","floor":14.0},{"not_picked":["Omniscience","Judgement"],"picked":"Scrawl","floor":16.0},{"not_picked":["JustLucky+1","Protect","FollowUp+1"],"picked":"SKIP","floor":18},{"not_picked":["Collect","DeusExMachina"],"picked":"EmptyFist+1","floor":19},{"not_picked":["Protect","Prostrate","Pray"],"picked":"SKIP","floor":20},{"not_picked":["Pray","ThirdEye"],"picked":"Weave+1","floor":24},{"not_picked":["SpiritShield","DeusExMachina","MentalFortress"],"picked":"SKIP","floor":28},{"not_picked":["BattleHymn","PathToVictory"],"picked":"FearNoEvil+1","floor":29},{"not_picked":["Study","PathToVictory"],"picked":"BowlingBash+1","floor":30},{"not_picked":["Collect","Worship","Conclude+1"],"picked":"SKIP","floor":35},{"not_picked":["Prostrate","JustLucky+1","EmptyBody"],"picked":"SKIP","floor":37},{"not_picked":["Indignation","EmptyFist+1"],"picked":"SashWhip+1","floor":39},{"not_picked":["JustLucky+1","EmptyFist+1"],"picked":"LikeWater","floor":41},{"not_picked":["Prostrate","DeusExMachina"],"picked":"CutThroughFate+1","floor":42},{"not_picked":["BowlingBash+1","FlyingSleeves+1"],"picked":"Weave+1","floor":48}],"player_experience":1630571,"relics_obtained":[{"floor":7.0,"key":"Molten Egg 2"},{"floor":9.0,"key":"Eternal Feather"},{"floor":14.0,"key":"Ornamental Fan"},{"floor":24,"key":"Pear"},{"floor":26,"key":"Yang"},{"floor":28,"key":"White Beast Statue"},{"floor":41,"key":"Bottled Flame"},{"floor":42,"key":"Shovel"},{"floor":45,"key":"Toy Ornithopter"},{"floor":47,"key":"Lizard Tail"},{"floor":48,"key":"Boot"},{"floor":49,"key":"Calipers"}],"event_choices":[{"damage_healed":0.0,"max_hp_gain":0.0,"max_hp_loss":0.0,"gold_gain":75.0,"event_name":"World of Goop","player_choice":"Gather Gold","floor":5.0,"gold_loss":0.0,"damage_taken":11.0},{"damage_healed":0.0,"max_hp_gain":0.0,"max_hp_loss":0.0,"gold_gain":0.0,"cards_transformed":["Strike_P"],"event_name":"Living Wall","player_choice":"Change","floor":10.0,"gold_loss":0.0,"damage_taken":0.0,"cards_obtained":["SpiritShield"]},{"damage_healed":0.0,"max_hp_gain":5.0,"max_hp_loss":0.0,"gold_gain":0.0,"event_name":"Big Fish","player_choice":"Donut","floor":11.0,"gold_loss":0.0,"damage_taken":0.0},{"damage_healed":0.0,"max_hp_gain":0.0,"max_hp_loss":0.0,"gold_gain":0.0,"event_name":"Shining Light","player_choice":"Ignored","floor":13.0,"gold_loss":0.0,"damage_taken":0.0},{"damage_healed":0,"gold_gain":0,"player_choice":"Became a vampire","damage_taken":0,"max_hp_gain":0,"max_hp_loss":22,"event_name":"Vampires","floor":21,"gold_loss":0,"cards_obtained":["Bite","Bite","Bite","Bite","Bite"]},{"damage_healed":0,"gold_gain":0,"player_choice":"Ignored","damage_taken":0,"max_hp_gain":0,"max_hp_loss":0,"event_name":"Tomb of Lord Red Mask","floor":36,"gold_loss":0},{"cards_removed":["Defend_P"],"damage_healed":0,"gold_gain":0,"player_choice":"Removed Skill","damage_taken":0,"max_hp_gain":0,"max_hp_loss":0,"event_name":"Falling","floor":38,"gold_loss":0},{"damage_healed":0,"gold_gain":0,"player_choice":"Fight","damage_taken":0,"max_hp_gain":0,"max_hp_loss":0,"event_name":"Mysterious Sphere","floor":42,"gold_loss":0},{"damage_healed":0,"gold_gain":0,"player_choice":"Max HP","damage_taken":0,"max_hp_gain":0,"max_hp_loss":3,"event_name":"Winding Halls","floor":46,"gold_loss":0}],"is_beta":false,"boss_relics":[{"not_picked":["Ectoplasm","Runic Dome"],"picked":"Cursed Key"},{"not_picked":["Busted Crown","SacredBark"],"picked":"Runic Pyramid"}],"items_purged_floors":[31,44],"is_endless":false,"potions_floor_spawned":[2,14,18,28,29,30,33,35,37,39,41,42,48],"ascension_level":16}}