{"host":"15dd7v8o90xso62x","time":1610185760,"event":{"mods":["BaseMod","Minty Spire (QoL Compilation)","Quick Restart","StSLib","SuperFastMode"],"gold_per_floor":[12,31,48,13,26,26,55,72,72,107,107,125,125,36,36,36,36],"floor_reached":16,"playtime":500,"items_purged":[],"score":274,"play_id":"224f98fe-84ad-47c4-a8ef-96e972cfa807","local_time":"20210109184920","is_ascension_mode":true,"campfire_choices":[{"data":"Deadly Poison","floor":6.0,"key":"SMITH"},{"data":"Glass Knife","floor":11.0,"key":"SMITH"},{"floor":13,"key":"REST"},{"data":"Acrobatics","floor":15,"key":"SMITH"}],"circlet_count":0,"master_deck":["AscendersBane","Strike_G+1","Strike_G","Strike_G","Strike_G","Strike_G","Defend_G","Defend_G","Defend_G","Defend_G","Defend_G","Survivor","Neutralize","Corpse Explosion","Deadly Poison+1","Reflex","Masterful Stab+1","Glass Knife+1","Backflip","Acrobatics+1","Tactician"],"relics":["Ring of the Snake","Whetstone","Mummified Hand","Art of War"],"acts_visited":["Exordium"],"potions_floor_usage":[],"damage_taken":[{"damage":9.0,"enemies":"Jaw Worm","floor":1.0,"turns":5.0},{"damage":4.0,"enemies":"Small Slimes","floor":2.0,"turns":4.0},{"damage":0.0,"enemies":"2 Louse","floor":3.0,"turns":2.0},{"damage":8.0,"enemies":"Exordium Wildlife","floor":5.0,"turns":3.0},{"damage":32.0,"enemies":"Lagavulin","floor":7.0,"turns":6.0},{"damage":0.0,"enemies":"Lots of Slimes","floor":8.0,"turns":1.0},{"damage":0.0,"enemies":"3 Sentries","floor":10.0,"turns":1.0},{"damage":17,"enemies":"3 Louse","floor":12,"turns":3},{"damage":24,"enemies":"The Guardian","floor":16,"turns":8}],"seed_played":"-877219661865650576","potions_obtained":[{"floor":2.0,"key":"Block Potion"},{"floor":5.0,"key":"Swift Potion"},{"floor":7.0,"key":"LiquidMemories"},{"floor":10.0,"key":"Energy Potion"}],"is_trial":false,"path_per_floor":["M","M","M","?","M","R","E","M","T","E","R","M","R","$","R","B"],"character_chosen":"THE_SILENT","items_purchased":["Tactician"],"campfire_rested":1,"item_purchase_floors":[14],"current_hp_per_floor":[50,46,46,62,54,54,22,22,22,22,22,5,24,24,24,0,0],"gold":36,"neow_bonus":"THREE_RARE_CARDS","is_daily":false,"chose_seed":false,"campfire_upgraded":3,"win_rate":0.0,"timestamp":1610185760,"path_taken":["M","M","M","?","M","R","E","M","T","E","R","M","R","$","R","BOSS"],"items_purchased_type":["Card"],"build_version":"2020-12-22","purchased_purges":0,"victory":false,"max_hp_per_floor":[66,66,66,66,66,66,66,66,66,66,66,66,66,66,66,66,66],"card_choices":[{"not_picked":["Malaise","Night Terror"],"picked":"Corpse Explosion","floor":0.0},{"not_picked":["Bane","Dagger Throw"],"picked":"Deadly Poison","floor":1.0},{"not_picked":["Dodge and Roll","Finisher","Outmaneuver"],"picked":"SKIP","floor":2.0},{"not_picked":["Blade Dance","All Out Attack"],"picked":"Reflex","floor":3.0},{"not_picked":["Quick Slash","Sucker Punch"],"picked":"Masterful Stab","floor":5.0},{"not_picked":["Poisoned Stab","Accuracy"],"picked":"Glass Knife","floor":7.0},{"not_picked":["Finisher","Leg Sweep"],"picked":"Backflip","floor":8.0},{"not_picked":["Quick Slash","Distraction","Dagger Throw"],"picked":"SKIP","floor":10.0},{"not_picked":["All Out Attack","Underhanded Strike"],"picked":"Acrobatics","floor":12}],"player_experience":1012154,"relics_obtained":[{"floor":7.0,"key":"Whetstone"},{"floor":9.0,"key":"Mummified Hand"},{"floor":10.0,"key":"Art of War"}],"event_choices":[{"damage_healed":16.0,"max_hp_gain":0.0,"max_hp_loss":0.0,"gold_gain":0.0,"event_name":"The Cleric","player_choice":"Healed","floor":4.0,"gold_loss":35.0,"damage_taken":0.0}],"is_beta":false,"boss_relics":[],"items_purged_floors":[],"is_endless":false,"potions_floor_spawned":[2,5,7,10],"killed_by":"The Guardian","ascension_level":20}}