{"host":"h8izngm1rsk9a7df","time":1610151164,"event":{"mods":["AchievementEnabler","BaseMod","Colored Map","Colored Powertips","DeckTracker","Downfall","Hubris","Minty Spire (QoL Compilation)","Relic Sorter","StSLib","The Bug Knight","The Disciple","The Necromancer"],"gold_per_floor":[209,223,298,310,322,322,6,6,6,22,41,55,72,89,89,187,187,203,222,237,237,237],"floor_reached":21,"playtime":1663,"items_purged":[],"score":179,"play_id":"f66160e5-6b46-45d4-b62c-cec9d79311b5","local_time":"20210108161244","is_ascension_mode":false,"campfire_choices":[{"data":"Heavy Blade","floor":6,"key":"SMITH"},{"floor":8,"key":"REST"},{"floor":15,"key":"REST"}],"circlet_count":0,"master_deck":["Strike_R","Strike_R","Strike_R","Strike_R","Strike_R","Defend_R","Defend_R","Defend_R","Defend_R","Bash","Infernal Blade","Heavy Blade+1","Blood for Blood","Cleave","Flex","Bloodletting","hubris:CleavingFinish","Ghostly Armor","Armaments","Whirlwind","Flame Barrier","Feel No Pain","Limit Break","Armaments","Metallicize","Reckless Charge"],"relics":["Burning Blood","Blood Vial","Bag of Preparation","SlaversCollar"],"acts_visited":["Exordium","TheCity"],"potions_floor_usage":[16,16,20,21,21],"damage_taken":[{"damage":1,"enemies":"Cultist","floor":1,"turns":3},{"damage":7,"enemies":"2 Louse","floor":2,"turns":3},{"damage":1,"enemies":"Jaw Worm","floor":4,"turns":3},{"damage":23,"enemies":"Gremlin Gang","floor":5,"turns":4},{"damage":4,"enemies":"2 Fungi Beasts","floor":10,"turns":2},{"damage":11,"enemies":"Gremlin Gang","floor":11,"turns":4},{"damage":19,"enemies":"Large Slime","floor":12,"turns":5},{"damage":29,"enemies":"Exordium Thugs","floor":13,"turns":4},{"damage":3,"enemies":"Gremlin Gang","floor":14,"turns":3},{"damage":55,"enemies":"Hexaghost","floor":16,"turns":12},{"damage":25,"enemies":"Shell Parasite","floor":18,"turns":9},{"damage":28,"enemies":"2 Thieves","floor":19,"turns":3},{"damage":33,"enemies":"Snake Plant","floor":20,"turns":6},{"damage":24,"enemies":"Centurion and Healer","floor":21,"turns":11}],"seed_played":"7823492013439645011","potions_obtained":[{"floor":1,"key":"PowerPotion"},{"floor":5,"key":"ColorlessPotion"},{"floor":10,"key":"ColorlessPotion"},{"floor":13,"key":"Fruit Juice"},{"floor":16,"key":"SpeedPotion"},{"floor":19,"key":"BlessingOfTheForge"}],"is_trial":false,"path_per_floor":["M","M","?","M","M","R","$","R","T","M","M","M","M","M","R","B",null,"M","M","M","M"],"character_chosen":"IRONCLAD","items_purchased":["Flex","Blood Vial","Bloodletting","hubris:CleavingFinish"],"campfire_rested":2,"item_purchase_floors":[7,7,7,7],"current_hp_per_floor":[80,79,68,73,56,56,56,80,80,80,75,64,43,48,72,30,85,66,46,21,0,0],"gold":237,"neow_bonus":"HUNDRED_GOLD","is_daily":false,"chose_seed":false,"campfire_upgraded":1,"win_rate":0.0,"timestamp":1610151164,"path_taken":["M","M","?","M","M","R","$","R","T","M","M","M","M","M","R","BOSS","M","M","M","M"],"items_purchased_type":["Card","Relic","Card","Card"],"build_version":"2020-12-22","purchased_purges":0,"victory":false,"max_hp_per_floor":[80,80,80,80,80,80,80,80,80,80,80,80,80,80,80,85,85,85,85,85,85,85],"card_choices":[{"not_picked":["Entrench","Body Slam"],"picked":"Infernal Blade","floor":1},{"not_picked":["Entrench","Feel No Pain"],"picked":"Heavy Blade","floor":2},{"not_picked":["Disarm","Bloodletting"],"picked":"Blood for Blood","floor":4},{"not_picked":["Battle Trance","Heavy Blade"],"picked":"Cleave","floor":5},{"not_picked":["Offering","Battle Trance"],"picked":"Ghostly Armor","floor":10},{"not_picked":["Sword Boomerang","Pommel Strike"],"picked":"Armaments","floor":11},{"not_picked":["Flame Barrier","Clothesline"],"picked":"Whirlwind","floor":12},{"not_picked":["Thunderclap","Heavy Blade"],"picked":"Flame Barrier","floor":13},{"not_picked":["Heavy Blade","Dark Embrace"],"picked":"Feel No Pain","floor":14},{"not_picked":["Offering","Impervious"],"picked":"Limit Break","floor":16},{"not_picked":["Cleave","Clothesline"],"picked":"Armaments","floor":18},{"not_picked":["Infernal Blade","Body Slam"],"picked":"Metallicize","floor":19},{"not_picked":["Perfected Strike","Thunderclap"],"picked":"Reckless Charge","floor":20}],"player_experience":87442,"relics_obtained":[{"floor":9,"key":"Bag of Preparation"}],"event_choices":[{"damage_healed":0,"gold_gain":75,"player_choice":"Gather Gold","damage_taken":11,"max_hp_gain":0,"max_hp_loss":0,"event_name":"World of Goop","floor":3,"gold_loss":0}],"is_beta":false,"boss_relics":[{"not_picked":["Empty Cage","hubris:RunicObelisk"],"picked":"SlaversCollar"}],"items_purged_floors":[],"is_endless":false,"potions_floor_spawned":[1,5,10,13,16,19],"killed_by":"Centurion and Healer","ascension_level":0}}