{"host":"5gzbaq21mzbu77pn","time":1610221104,"event":{"mods":["2.2 Compatiblity","Aspiration","Bard","Bartender","BaseMod","Beaked The Cultist","BetterRewards","Colored Powertips","Conspire","Downfall","Energized Spire","GifTheSpireLib","Glutton Mod","Gold Saver","Gremlin Mod","GungeonMod","Hubris","Infinite Spire","Koishi","Magitek Elite","Minty Spire (QoL Compilation)","Quick Restart","Replay The Spire","Shop Mod","StSLib","Stuff the Spire","Synergy Search","The Blackbeard","The Clintock","The Cursed","The Disciple","The Hayseed","The Kombatant","The Poker Player","The Saiyan","The Senshi","The Servant 0.9.4","TheBandit"],"gold_per_floor":[927,939,950,963,974,974,997,997,1014,1049,344,344,357,457,470,575,575,575,590,608,290,309,309,309,309,333,367,388,388,388,488,507,617,617,617,634,484,497,507,440,517,527,527,527],"floor_reached":42,"playtime":5668,"items_purged":[],"score":527,"play_id":"d682fdd4-eaa1-4826-b06e-f9d73cebc36f","local_time":"20210109203824","is_ascension_mode":true,"campfire_choices":[{"data":"hexamod:Sear","floor":1,"key":"SMITH"},{"data":"hexamod:FastForward","floor":6,"key":"SMITH"},{"data":"hexamod:Float","floor":8,"key":"SMITH"},{"data":"hexamod:InspiringFlames","floor":18,"key":"SMITH"},{"floor":23,"key":"REST"},{"floor":30,"key":"REST"},{"data":"hexamod:VolcanoVisage","floor":30,"key":"SMITH"}],"circlet_count":0,"master_deck":["hexamod:Strike","hexamod:Strike+1","hexamod:Strike","hexamod:Strike","hexamod:Defend+1","hexamod:Defend+1","hexamod:Defend","hexamod:Defend+1","hexamod:Sear+1","hexamod:Float+1","hexamod:CrushingStance+1","hexamod:FastForward+1","hexamod:NightmareGuise","hexamod:PhantomCloak","hexamod:PhantomFireball","hexamod:SpectralAdrenaline","hexamod:FifthSeal","hexamod:FirstSeal","hexamod:FastForward+1","hexamod:InspiringFlames+1","hexamod:DynamicBlow+1","hexamod:StepThrough","hexamod:ExtraCrispy","hexamod:GhostShield","hexamod:GhostOfSpireFuture+1","hexamod:TimeWarp","hexamod:SecondSeal","hexamod:Firestarter+1","hexamod:SixthSeal","hexamod:ThirdSeal","hexamod:GhostLash","hexamod:GhostOfSpireFuture","Finesse","hexamod:FourthSeal","hexamod:NightmareStrike","hexamod:InspiringFlames+1","hexamod:FirstSeal","hexamod:Hexaguard","hexamod:VolcanoVisage+1","hexamod:ShieldOfDarkness","hexamod:HexaLevel","hexamod:WildfireWeapon","hexamod:GhostLash","hexamod:RainOfEmbers+1","hexamod:FastForward","hexamod:EmpoweredFlame","hexamod:ThermalTransfer"],"relics":["hexamod:SpiritBrand","DemoMod:NanoMachines","MerchantsRug","DemoMod:RiddleOfLead","ReplayFunnel","infinitespire:Magic Flask","downfall:RedIOU","Ribbon","SlaversCollar","StrikeDummy","hubris:MysteriousPyramids"],"acts_visited":["Exordium","TheCity","TheBeyond"],"potions_floor_usage":[3,9,16,20,20,26,27,33,33,33,36,38,40,40],"damage_taken":[{"damage":0,"enemies":"Jaw Worm","floor":2,"turns":3},{"damage":0,"enemies":"Small Slimes","floor":3,"turns":2},{"damage":0,"enemies":"Cultist","floor":4,"turns":3},{"damage":0,"enemies":"2 Fungi Beasts","floor":5,"turns":4},{"damage":0,"enemies":"Gremlin Gang","floor":9,"turns":6},{"damage":5,"enemies":"3 Sentries","floor":10,"turns":8},{"damage":2,"enemies":"downfall:FleeingMerchant","floor":11,"turns":4},{"damage":7,"enemies":"Red Slaver","floor":13,"turns":6},{"damage":0,"enemies":"Large Slime","floor":15,"turns":7},{"damage":38,"enemies":"downfall:Silent","floor":16,"turns":11},{"damage":28,"enemies":"conspire:FuzzyDice","floor":19,"turns":8},{"damage":5,"enemies":"Spheric Guardian","floor":20,"turns":6},{"damage":0,"enemies":"downfall:FleeingMerchant","floor":21,"turns":4},{"damage":29,"enemies":"Centurion and Healer","floor":22,"turns":8},{"damage":19,"enemies":"Snecko","floor":26,"turns":8},{"damage":10,"enemies":"conspire:Head Lice","floor":27,"turns":13},{"damage":3,"enemies":"conspire:HollyBat","floor":28,"turns":11},{"damage":15,"enemies":"Sentry and Sphere","floor":32,"turns":7},{"damage":41,"enemies":"downfall:Defect","floor":33,"turns":13},{"damage":0,"enemies":"3 Shapes","floor":36,"turns":3},{"damage":14,"enemies":"Orb Walker","floor":38,"turns":4},{"damage":31,"enemies":"3 Darklings","floor":39,"turns":6},{"damage":52,"enemies":"beaked:SuperParasite","floor":40,"turns":13},{"damage":31,"enemies":"4 Shapes","floor":42,"turns":7}],"seed_played":"3488963609425433742","potions_obtained":[{"floor":2,"key":"Fire Potion"},{"floor":4,"key":"Swift Potion"},{"floor":10,"key":"FearPotion"},{"floor":13,"key":"Strength Potion"},{"floor":19,"key":"Energy Potion"},{"floor":26,"key":"Fruit Juice"},{"floor":26,"key":"Guardian:BlockOnCardUsePotion"},{"floor":28,"key":"DuplicationPotion"},{"floor":32,"key":"BlessingOfTheForge"},{"floor":32,"key":"Weak Potion"},{"floor":33,"key":"ColorlessPotion"},{"floor":33,"key":"Explosive Potion"},{"floor":36,"key":"Cursed Concoction"},{"floor":39,"key":"SpeedPotion"},{"floor":40,"key":"champ:CounterPotion"},{"floor":42,"key":"champ:CounterPotion"},{"floor":42,"key":"Elixir"}],"is_trial":false,"path_per_floor":["R","M","M","M","M","R","T","R","M","E","$","?","M","?","M","B",null,"R","M","M","$","M","R","T","?","M","E","M","?","R","?","M","B",null,"R","M","?","M","M","E","T","M"],"character_chosen":"THE_SPIRIT","items_purchased":["hexamod:InspiringFlames","hexamod:DynamicBlow","DemoMod:NanoMachines","hexamod:StepThrough","hexamod:ExtraCrispy","MerchantsRug","ReplayFunnel","hexamod:GhostOfSpireFuture","Finesse"],"campfire_rested":2,"item_purchase_floors":[11,11,11,11,11,11,21,21,21],"current_hp_per_floor":[70,70,70,70,70,70,70,70,70,65,63,63,63,63,70,32,80,80,59,61,68,39,63,63,63,49,46,57,57,82,82,74,40,85,85,85,95,95,71,33,33,9,9,9],"gold":527,"neow_bonus":"ONE_RANDOM_RARE_CARD","is_daily":false,"chose_seed":false,"campfire_upgraded":5,"win_rate":0.0,"timestamp":1610221104,"path_taken":["R","M","M","M","M","R","T","R","M","E","$","?","M","?","M","BOSS","R","M","M","$","M","R","T","?","M","E","M","?","R","?","M","BOSS","R","M","?","M","M","E","T","?"],"items_purchased_type":["Card","Card","Relic","Card","Card","Relic","Relic","Card","Card"],"build_version":"2020-12-22","purchased_purges":0,"victory":false,"max_hp_per_floor":[70,70,70,70,70,70,70,70,70,70,70,70,70,70,70,70,80,80,80,80,80,80,80,80,80,85,85,85,85,85,85,85,85,85,85,85,95,95,95,95,95,95,95,95],"card_choices":[{"not_picked":["hexamod:SpectersWail","hexamod:BacktrackSmack"],"picked":"hexamod:FastForward","floor":2},{"not_picked":["hexamod:SkipABeat","hexamod:NightmareStrike"],"picked":"hexamod:NightmareGuise","floor":3},{"not_picked":["hexamod:NightmareGuise","hexamod:GhostOfSpirePast"],"picked":"hexamod:PhantomCloak","floor":4},{"not_picked":["hexamod:BurningTouch","hexamod:GhostLash"],"picked":"hexamod:PhantomFireball","floor":5},{"not_picked":["hexamod:SkipABeat","hexamod:RetreatToShadows"],"picked":"hexamod:SpectralAdrenaline","floor":9},{"not_picked":["hexamod:NightmareGuise","hexamod:SwordOfDarkness"],"picked":"hexamod:FifthSeal","floor":10},{"not_picked":["hexamod:FourthSeal","hexamod:SixthSeal"],"picked":"hexamod:FirstSeal","floor":11},{"not_picked":["hexamod:SoulSteal","hexamod:PhantomCloak"],"picked":"hexamod:FastForward","floor":11},{"not_picked":["StuffTheSpire:Brawn","StuffTheSpire:Rapture"],"picked":"StuffTheSpire:Perfection","floor":12},{"not_picked":["hexamod:NightmareStrike","hexamod:RetreatToShadows"],"picked":"hexamod:GhostShield","floor":13},{"not_picked":["hexamod:SwordOfDarkness","hexamod:GiftsFromTheDead"],"picked":"hexamod:GhostOfSpireFuture","floor":15},{"not_picked":["hexamod:ParanormalForm","hexamod:SearingWound"],"picked":"hexamod:TimeWarp","floor":16},{"not_picked":["hexamod:FourthSeal","hexamod:FirstSeal"],"picked":"hexamod:SecondSeal","floor":19},{"not_picked":["hexamod:GhostShield","hexamod:HauntingEcho"],"picked":"hexamod:Firestarter+1","floor":19},{"not_picked":["hexamod:FirstSeal","hexamod:SecondSeal"],"picked":"hexamod:SixthSeal","floor":20},{"not_picked":["hexamod:GhostLash+1","hexamod:ShieldOfDarkness"],"picked":"hexamod:ThirdSeal","floor":20},{"not_picked":["hexamod:HauntingEcho","hexamod:NightmareStrike+1"],"picked":"hexamod:GhostLash","floor":21},{"not_picked":["hexamod:ThirdSeal","hexamod:SecondSeal","hexamod:SixthSeal"],"picked":"SKIP","floor":21},{"not_picked":["hexamod:Haunt","hexamod:PhantomCloak"],"picked":"hexamod:FourthSeal","floor":22},{"not_picked":["hexamod:AdvancingGuard","hexamod:BurningTouch"],"picked":"hexamod:NightmareStrike","floor":22},{"not_picked":["hexamod:Incineration","hexamod:BacktrackSmack"],"picked":"hexamod:InspiringFlames","floor":26},{"not_picked":["hexamod:FourthSeal","hexamod:SixthSeal"],"picked":"hexamod:FirstSeal","floor":26},{"not_picked":["hexamod:FastForward","hexamod:Rewind"],"picked":"hexamod:Hexaguard","floor":26},{"not_picked":["hexamod:GhostflameBarrier","hexamod:Firestarter"],"picked":"hexamod:VolcanoVisage","floor":27},{"not_picked":["hexamod:Firestarter","hexamod:RainOfEmbers+1"],"picked":"hexamod:ShieldOfDarkness","floor":28},{"not_picked":["hexamod:BacktrackSmack","hexamod:InspiringFlames","hexamod:NightmareGuise"],"picked":"SKIP","floor":28},{"not_picked":["hexamod:Firestarter","hexamod:HeatShield","hexamod:InspiringFlames"],"picked":"SKIP","floor":32},{"not_picked":["hexamod:VolcanoVisage","hexamod:WildfireWeapon"],"picked":"hexamod:HexaLevel","floor":33},{"not_picked":["hexamod:SixthSeal","hexamod:FifthSeal"],"picked":"hexamod:WildfireWeapon","floor":33},{"not_picked":["hexamod:ThirdSeal","hexamod:GhostLash+1","hexamod:AdvancingGuard"],"picked":"SKIP","floor":36},{"not_picked":["hexamod:BacktrackSmack+1","hexamod:FirstSeal","hexamod:ExtraCrispy+1"],"picked":"SKIP","floor":38},{"not_picked":["hexamod:NightmareGuise+1","hexamod:InspiringFlames+1","hexamod:GhostOfSpireFuture+1"],"picked":"SKIP","floor":39},{"not_picked":["hexamod:ExtraCrispy+1","hexamod:ThirdSeal"],"picked":"hexamod:RainOfEmbers+1","floor":40},{"not_picked":["hexamod:CrushingStance","hexamod:InspiringFlames+1"],"picked":"hexamod:FastForward","floor":40},{"not_picked":["hexamod:ShieldOfDarkness","hexamod:GhostShield+1"],"picked":"hexamod:EmpoweredFlame","floor":42},{"not_picked":["hexamod:GhostflameInferno","hexamod:NightmareStrike"],"picked":"hexamod:ThermalTransfer","floor":42}],"player_experience":900927,"relics_obtained":[{"floor":7,"key":"Lantern"},{"floor":10,"key":"Vajra"},{"floor":24,"key":"infinitespire:Magic Flask"},{"floor":27,"key":"Ribbon"},{"floor":40,"key":"StrikeDummy"},{"floor":41,"key":"hubris:MysteriousPyramids"}],"event_choices":[{"damage_healed":0,"gold_gain":0,"player_choice":"Ignored","damage_taken":0,"max_hp_gain":0,"max_hp_loss":0,"event_name":"Vampires","floor":29,"gold_loss":0},{"damage_healed":0,"gold_gain":0,"player_choice":"Copied","damage_taken":0,"max_hp_gain":0,"max_hp_loss":0,"event_name":"Duplicator","floor":35,"gold_loss":0,"cards_obtained":["hexamod:GhostLash"]}],"is_beta":false,"boss_relics":[{"not_picked":["conspire:SpecialSausage","hubris:ScarierMask"],"picked":"DemoMod:RiddleOfLead"},{"not_picked":["StuffTheSpire:RunicConfusion","Ring of Chaos"],"picked":"SlaversCollar"}],"items_purged_floors":[],"is_endless":false,"potions_floor_spawned":[2,4,10,13,19,26,32,33,40,42],"killed_by":"4 Shapes","ascension_level":1}}