{"host":"w01uex9uy9hwwtiw","time":1610190257,"event":{"mods":["ATMod(阿瑾Mod)","Arknights The Spire","BaseMod","Better Third Choice","Library of Ruina","Minty Spire (QoL Compilation)","Remilia（蕾米莉亚）","Replay The Spire","RumiaBox-露米娅的神秘盒子","SIMod","Shop Mod","StSLib","TestMod","The Administrix","The Hierophant","The Servant 0.9.4","TheArtist","[IsaacMod]以撒尖塔","vexMod","【遗物Mod】死灵法师NEW","【遗物卡牌】REMEMod","残留之物","篝火指南","老伊莉雅"],"gold_per_floor":[118,138,138,138,138,26,61,61,61,161,161,15,35,52,52,155,155,162,162,177,276,293,293,318,318,396,396,415,427,427,447,447,449,449],"floor_reached":33,"playtime":1504,"items_purged":["Regret","Delirium"],"score":344,"play_id":"ffcbd925-2858-417f-9f5b-13031beafc8d","local_time":"20210109190417","is_ascension_mode":false,"campfire_choices":[{"floor":8,"key":"REST"},{"floor":15,"key":"REST"},{"data":"EpicFetus","floor":23,"key":"SMITH"},{"data":"ats:Shadow Assault","floor":32,"key":"SMITH"}],"circlet_count":0,"master_deck":["ats:Strike C","ats:Strike G","ats:Strike V","ats:Armor Crushing Shot","ats:Defend+1","ats:Defend","ats:Defend","ats:Emotion Absorption","EpicFetus+1","AT_FamilyPortrait","REME_HeartOfCthun+1","ats:Powerful Strike","ats:Collapsing Strike","ats:Cat Scratch","ats:Shell Defense+1","ats:Assault Order","ats:Red Shift","ats:Apocalypse","ats:Soul Rend","ats:Explosion Area Strengthen","ats:Shadow Assault+1","ats:Shadow Assault+1","ats:Poison Spread+1","ats:Burning Ground","ats:Ambush","ats:Ambush+1","ats:Hammer On","ats:Flexible Camouflage","ats:Revitalization+1","ats:Rapid Magazine","ats:Dogmatic Field","ats:LN2 Cannon","ats:Hook Shot","ReplayTheSpireMod:IOU","ReplayTheSpireMod:Doomed","ats:Ignite+1","ats:Ambush"],"relics":["ats:Sanity","testmod-TestBox","REME_ComplimentaryCards","AT_ATBox","HushsDoor","testmod-DeterminationOfClimber","PunchingBag","testmod-Fortitude","testmod-Antiphasic","testmod-AssaultLearning","ats:Originium","Replay:Bottled Flurry","Bottled Tornado","ReplayTheSpireMod:Ring of Exchange","testmod-Charity","Baka2","PageOfScarecrow","CaptainsWheel","Nilry\u0027s Codex"],"acts_visited":["Exordium","TheCity"],"potions_floor_usage":[],"damage_taken":[{"damage":0.0,"enemies":"Cultist","floor":1.0,"turns":2.0},{"damage":0.0,"enemies":"2 Louse","floor":2.0,"turns":2.0},{"damage":1,"enemies":"Lagavulin","floor":7,"turns":3},{"damage":12,"enemies":"Small Slimes","floor":13,"turns":3},{"damage":16,"enemies":"Exordium Wildlife","floor":14,"turns":2},{"damage":33,"enemies":"The Guardian","floor":16,"turns":4},{"damage":34,"enemies":"3 Byrds","floor":18,"turns":2},{"damage":10,"enemies":"Spheric Guardian","floor":20,"turns":3},{"damage":0,"enemies":"Snecko","floor":22,"turns":2},{"damage":15,"enemies":"3 Cultists","floor":24,"turns":5},{"damage":24,"enemies":"Centurion and Healer","floor":25,"turns":2},{"damage":18,"enemies":"REME_1_Revenger","floor":27,"turns":4},{"damage":0,"enemies":"Snake Plant","floor":28,"turns":2},{"damage":34,"enemies":"Shelled Parasite and Fungi","floor":29,"turns":5},{"damage":28,"enemies":"Chosen and Byrds","floor":31,"turns":2},{"damage":13,"enemies":"Automaton","floor":33,"turns":2}],"seed_played":"233894463686296023","potions_obtained":[{"floor":1.0,"key":"testmod-TimePotion"},{"floor":2.0,"key":"PlaceholderMod:PlaceholderPotion"},{"floor":16,"key":"BlessingOfTheForge"}],"is_trial":false,"path_per_floor":["M","M","?","?","?","R","E","R","T","?","?","R","M","M","R","B",null,"M","?","M","?","M","R","M","M","T","E","M","M","?","M","R","B"],"character_chosen":"DOCTOR_CLASS","items_purchased":["ats:Shell Defense+1","ats:Apocalypse"],"campfire_rested":2,"item_purchase_floors":[6,12],"current_hp_per_floor":[72,72,58,58,40,40,43,64,64,64,64,64,62,48,69,49,72,59,59,50,51,57,57,61,45,46,34,41,49,33,10,10,0,0],"gold":449,"neow_bonus":"THREE_CARDS","is_daily":false,"chose_seed":false,"campfire_upgraded":2,"win_rate":0.0,"timestamp":1610190257,"path_taken":["M","M","?","?","?","R","E","R","T","?","?","R","M","M","R","BOSS","M","?","M","?","M","R","M","?","T","E","M","M","?","?","R","BOSS"],"items_purchased_type":["Card","Card"],"build_version":"2020-12-22","purchased_purges":2,"victory":false,"max_hp_per_floor":[72,72,72,72,72,72,72,72,72,72,72,72,72,72,72,72,72,75,75,76,77,80,80,85,87,88,90,93,94,94,96,96,98,98],"card_choices":[{"not_picked":[],"picked":"EpicFetus","floor":0.0},{"not_picked":["ats:Magnetic Hammer","ats:Childhood Dance"],"picked":"ats:Powerful Strike","floor":0.0},{"not_picked":["ats:Powerful Strike","ats:Consecutive Shot Auto"],"picked":"ats:Collapsing Strike","floor":1.0},{"not_picked":["ats:Ignite","ats:Consecutive Shot Auto"],"picked":"ats:Cat Scratch","floor":2.0},{"not_picked":["ats:Poison Spread","ats:Mental Burst"],"picked":"ats:Assault Order","floor":7},{"not_picked":["ats:Counter Healing Mode","ats:Curse Doll"],"picked":"ats:Red Shift","floor":10},{"not_picked":["ats:Poison Spread","ats:Apocalypse"],"picked":"ats:Soul Rend","floor":13},{"not_picked":["ats:Revitalization","ats:Curse Doll"],"picked":"ats:Explosion Area Strengthen","floor":14},{"not_picked":["ats:Dogmatic Field","ats:Durian"],"picked":"ats:Shadow Assault","floor":16},{"not_picked":["ats:Ignite","ats:Cat Scratch"],"picked":"ats:Poison Spread+1","floor":18},{"not_picked":["ats:Revitalization","ats:Poison Spread+1"],"picked":"ats:Hammer On","floor":20},{"not_picked":["ats:Revitalization","ats:Childhood Dance"],"picked":"ats:Flexible Camouflage","floor":21},{"not_picked":["ats:Consecutive Shot Auto","ats:Poison Spread"],"picked":"ats:Revitalization+1","floor":22},{"not_picked":["ats:Powerful Strike","ats:Apocalypse+1"],"picked":"ats:Rapid Magazine","floor":24},{"not_picked":["ats:Part Time Job","ats:Explosion Area Strengthen+1"],"picked":"ats:Dogmatic Field","floor":25},{"not_picked":["ats:Flexible Camouflage","ats:Hammer On"],"picked":"ats:LN2 Cannon","floor":27},{"not_picked":["ats:Poison Spread","ats:Assault Order"],"picked":"ats:Hook Shot","floor":28},{"not_picked":["ats:Hammer On","ats:Chain Hook"],"picked":"ats:Ignite+1","floor":29},{"not_picked":["ats:Hammer On","ats:Composite Medical Shells"],"picked":"ats:Ambush","floor":31}],"player_experience":116997,"relics_obtained":[{"floor":1.0,"key":"Baka"},{"floor":2.0,"key":"testmod-Fortitude"},{"floor":7,"key":"ats:Originium"},{"floor":7,"key":"Replay:Bottled Flurry"},{"floor":9,"key":"Bottled Tornado"},{"floor":11,"key":"ReplayTheSpireMod:Ring of Exchange"},{"floor":25,"key":"Baka2"},{"floor":26,"key":"PageOfScarecrow"},{"floor":27,"key":"ats:Originium"},{"floor":27,"key":"CaptainsWheel"},{"floor":30,"key":"Nilry\u0027s Codex"}],"event_choices":[{"damage_healed":72,"gold_gain":0,"player_choice":"Upgrade","damage_taken":14,"max_hp_gain":0,"max_hp_loss":72,"event_name":"betterThird:BetterShining","floor":3,"gold_loss":0,"cards_upgraded":["ats:Defend","REME_HeartOfCthun"]},{"damage_healed":0,"gold_gain":0,"player_choice":"Box","damage_taken":0,"relics_obtained":["testmod-Antiphasic"],"max_hp_gain":0,"max_hp_loss":0,"event_name":"Big Fish","floor":4,"gold_loss":0,"cards_obtained":["Regret"]},{"damage_healed":0,"gold_gain":0,"player_choice":"Relic ","damage_taken":18,"max_hp_gain":0,"max_hp_loss":0,"event_name":"betterThird:BetterScrap","floor":5,"gold_loss":0,"cards_obtained":["FIFO Queue"]},{"damage_healed":0,"gold_gain":0,"cards_transformed":["ats:Strike S","ats:Defend"],"player_choice":"Became Test Subject","damage_taken":0,"max_hp_gain":0,"max_hp_loss":0,"event_name":"Drug Dealer","floor":19,"gold_loss":0,"cards_obtained":["ats:Burning Ground","ats:Ambush"]},{"damage_healed":0,"gold_gain":0,"player_choice":"Obtained Book","damage_taken":16,"max_hp_gain":0,"max_hp_loss":0,"event_name":"Cursed Tome","floor":30,"gold_loss":0}],"is_beta":false,"boss_relics":[{"not_picked":["Velvet Choker","testmod-DreamHouse"],"picked":"testmod-Charity"},{"not_picked":[]}],"items_purged_floors":[6,12],"is_endless":false,"potions_floor_spawned":[1,2,16,18,20,22,27,28],"killed_by":"Automaton","ascension_level":0}}