{"host":"tjq6rykv202u6iqx","time":1610221506,"event":{"mods":["AchievementEnabler","BaseMod","Minty Spire (QoL Compilation)","Rare Cards Sparkle","Relic Stats"],"gold_per_floor":[10,25,40,40,63,63,77,93,171,210,225,250,6,24,24,154,154,175,195,195,29,54,54,89,89,89,145,171,226,238,238],"floor_reached":30,"playtime":1966,"items_purged":["Pain"],"score":444,"play_id":"3009dab9-8923-4ad2-8686-1a35e3b0cff2","local_time":"20210109134506","is_ascension_mode":true,"campfire_choices":[{"data":"Wraith Form v2","floor":6,"key":"SMITH"},{"floor":15,"key":"REST"},{"data":"Malaise","floor":23,"key":"SMITH"},{"data":"The Bomb","floor":25,"key":"SMITH"}],"circlet_count":0,"master_deck":["Strike_G","Strike_G","Strike_G","Strike_G","Strike_G","Defend_G","Defend_G","Defend_G","Defend_G","Defend_G+1","Survivor","Neutralize","Wraith Form v2+1","Dagger Spray","Dagger Throw","Deadly Poison","Tactician","Predator","Acrobatics","Malaise+1","The Bomb+1","PiercingWail+1","Bouncing Flask","Adrenaline","PiercingWail+1","Panacea","Outmaneuver+1","Bouncing Flask"],"relics":["Ring of the Snake","Golden Idol","Regal Pillow","Tiny Chest","Velvet Choker","WarpedTongs","Centennial Puzzle","Girya","MawBank","War Paint","Boot"],"acts_visited":["Exordium","TheCity"],"potions_floor_usage":[10,10,16,24,30],"damage_taken":[{"damage":0,"enemies":"Small Slimes","floor":1,"turns":4},{"damage":3,"enemies":"Jaw Worm","floor":2,"turns":6},{"damage":3,"enemies":"Cultist","floor":3,"turns":4},{"damage":4,"enemies":"Looter","floor":5,"turns":4},{"damage":5,"enemies":"2 Fungi Beasts","floor":7,"turns":3},{"damage":3,"enemies":"Exordium Thugs","floor":8,"turns":4},{"damage":10,"enemies":"Lagavulin","floor":10,"turns":7},{"damage":1,"enemies":"Large Slime","floor":11,"turns":5},{"damage":5,"enemies":"3 Louse","floor":14,"turns":4},{"damage":9,"enemies":"Slime Boss","floor":16,"turns":7},{"damage":15,"enemies":"2 Thieves","floor":18,"turns":3},{"damage":0,"enemies":"Chosen","floor":19,"turns":4},{"damage":18,"enemies":"Slavers","floor":24,"turns":5},{"damage":7,"enemies":"Book of Stabbing","floor":27,"turns":8},{"damage":6,"enemies":"Snecko","floor":28,"turns":5},{"damage":0,"enemies":"Slavers","floor":29,"turns":4},{"damage":19,"enemies":"Masked Bandits","floor":30,"turns":2}],"seed_played":"-5603014346364841325","potions_obtained":[{"floor":2,"key":"Block Potion"},{"floor":5,"key":"SpeedPotion"},{"floor":8,"key":"Dexterity Potion"},{"floor":14,"key":"LiquidMemories"},{"floor":19,"key":"FearPotion"},{"floor":24,"key":"Block Potion"},{"floor":27,"key":"Block Potion"}],"is_trial":false,"path_per_floor":["M","M","M","?","M","R","M","M","T","E","M","T","$","M","R","B",null,"M","M","?","$","T","R","E","R","T","E","M","E","?"],"character_chosen":"THE_SILENT","items_purchased":["The Bomb","PiercingWail","Panacea"],"campfire_rested":1,"item_purchase_floors":[13,13,21],"current_hp_per_floor":[63,60,57,40,36,36,31,28,28,18,17,17,17,12,48,39,62,47,47,47,47,47,47,29,29,29,22,16,16,0,0],"gold":238,"neow_bonus":"THREE_RARE_CARDS","is_daily":false,"chose_seed":false,"campfire_upgraded":3,"win_rate":0.0,"timestamp":1610221506,"path_taken":["M","M","M","?","M","R","M","M","T","E","M","?","$","M","R","BOSS","M","M","?","$","?","R","E","R","T","E","M","E","?"],"items_purchased_type":["Card","Card","Card"],"build_version":"2020-12-22","purchased_purges":1,"victory":false,"max_hp_per_floor":[70,70,70,70,70,70,70,70,70,70,70,70,70,70,70,70,70,70,70,70,70,70,70,70,70,70,70,70,70,70,70],"relic_stats":{"Regal Pillow":15,"Centennial Puzzle":[12],"counters":[17,79],"Golden Idol":96,"Tiny Chest":0,"War Paint":["Defend_G","PiercingWail"],"MawBank":48,"Boot":[2],"obtain_stats":[{"Girya":24,"Regal Pillow":10,"Centennial Puzzle":22,"Golden Idol":4,"Velvet Choker":17,"Tiny Chest":12,"War Paint":27,"MawBank":26,"Boot":29,"Ring of the Snake":0,"WarpedTongs":20},{"Girya":13,"Regal Pillow":7,"Centennial Puzzle":12,"Golden Idol":3,"Velvet Choker":10,"Tiny Chest":8,"War Paint":14,"MawBank":13,"Boot":16,"Ring of the Snake":0,"WarpedTongs":12},{"Girya":60,"Regal Pillow":32,"Centennial Puzzle":55,"Golden Idol":14,"Velvet Choker":48,"Tiny Chest":37,"War Paint":68,"MawBank":60,"Boot":77,"Ring of the Snake":0,"WarpedTongs":55}],"Ring of the Snake":[34],"WarpedTongs":[24]},"card_choices":[{"not_picked":["Envenom","Burst"],"picked":"Wraith Form v2","floor":0},{"not_picked":["Prepared","Distraction","Outmaneuver"],"picked":"SKIP","floor":1},{"not_picked":["Acrobatics","Caltrops"],"picked":"Dagger Spray","floor":2},{"not_picked":["Concentrate","Skewer"],"picked":"Dagger Throw","floor":3},{"not_picked":["Dagger Throw","Acrobatics"],"picked":"Deadly Poison","floor":5},{"not_picked":["Deadly Poison","Concentrate"],"picked":"Tactician","floor":7},{"not_picked":["Sucker Punch","Blade Dance"],"picked":"Predator","floor":8},{"not_picked":["Bane","Underhanded Strike"],"picked":"Acrobatics","floor":10},{"not_picked":["Well Laid Plans","Sucker Punch"],"picked":"Malaise","floor":11},{"not_picked":["Masterful Stab","Bane"],"picked":"Bouncing Flask","floor":14},{"not_picked":["Grand Finale","Phantasmal Killer"],"picked":"Adrenaline","floor":16},{"not_picked":["Tactician","Poisoned Stab+1"],"picked":"PiercingWail+1","floor":18},{"not_picked":["Deflect","Bane","Slice+1"],"picked":"SKIP","floor":19},{"not_picked":["Flechettes","Masterful Stab","Dagger Spray"],"picked":"SKIP","floor":24},{"not_picked":["Riddle With Holes","All Out Attack"],"picked":"Outmaneuver+1","floor":27},{"not_picked":["Dagger Spray","Quick Slash+1","Backstab"],"picked":"SKIP","floor":28},{"not_picked":["Acrobatics","Prepared"],"picked":"Bouncing Flask","floor":29}],"player_experience":811943,"relics_obtained":[{"floor":10,"key":"Regal Pillow"},{"floor":12,"key":"Tiny Chest"},{"floor":22,"key":"Centennial Puzzle"},{"floor":24,"key":"Girya"},{"floor":26,"key":"MawBank"},{"floor":27,"key":"War Paint"},{"floor":29,"key":"Boot"}],"event_choices":[{"damage_healed":0,"gold_gain":0,"player_choice":"Take Damage","damage_taken":17,"relics_obtained":["Golden Idol"],"max_hp_gain":0,"max_hp_loss":0,"event_name":"Golden Idol","floor":4,"gold_loss":0},{"damage_healed":0,"gold_gain":0,"player_choice":"Rummage","damage_taken":0,"relics_obtained":["WarpedTongs"],"max_hp_gain":0,"max_hp_loss":0,"event_name":"Accursed Blacksmith","floor":20,"gold_loss":0,"cards_obtained":["Pain"]},{"damage_healed":0,"gold_gain":0,"player_choice":"Fought Bandits","damage_taken":0,"max_hp_gain":0,"max_hp_loss":0,"event_name":"Masked Bandits","floor":30,"gold_loss":0}],"is_beta":false,"boss_relics":[{"not_picked":["SacredBark","Ring of the Serpent"],"picked":"Velvet Choker"}],"items_purged_floors":[21],"is_endless":false,"potions_floor_spawned":[2,5,8,14,19,24,27],"killed_by":"Masked Bandits","ascension_level":8}}