{"host":"y4sghvfd0ewtcchd","time":1610193711,"event":{"mods":["Aspiration","BaseMod","Better Debug","Better Note","Better Third Choice","BetterRewards","Block Reminder","Colored Map","Colored Powertips","Downfall","Highlight Path","Hubris","Infinite Spire","Minty Spire (QoL Compilation)","Relic Sorter","Relic Stats","Replay The Spire","Shop Mod","StSLib","The Jungle","The Saiyan"],"gold_per_floor":[117,117,131,131,141,141,161,187,187,206,225,225,243,258,258,359,359,369,185,196,196,75,108,121,121,121],"floor_reached":25,"playtime":1906,"items_purged":[],"score":543,"play_id":"c691456e-191b-41b7-a2a2-149e634b9df4","local_time":"20210109150151","is_ascension_mode":true,"campfire_choices":[{"floor":6.0,"key":"REST"},{"data":"Zap","floor":12.0,"key":"SMITH"},{"data":"Redo","floor":15.0,"key":"SMITH"}],"circlet_count":0,"master_deck":["Strike_B+1","Strike_B","Strike_B","Strike_B","Defend_B","Defend_B","Defend_B","Defend_B+1","Zap+1","Dualcast","hubris:PowerSurge+1","Capacitor","Capacitor","Conserve Battery","Loop+1","ReplayTheSpireMod:Calculation Training","Ball Lightning+1","hubris:Ukulele+1","Steam","Melter","Conserve Battery","Redo+1","Rainbow","Ball Lightning","Turbo","Crystallizer","Multi-Cast","Heatsinks","Defragment","Barrage+1","Compile Driver","Creative AI","Turbo","champ:VampiricStrike"],"relics":["Replay:Purple Gloves","Replay:Accelerometer","Black Star","Blue Doll","Matryoshka","m_IronCrown","Whetstone","Tiny House","hubris:FruitBowl","infinitespire:Chaos","aspiration:ChemicalBlood","infinitespire:PuzzleCube"],"acts_visited":["Exordium","TheCity"],"potions_floor_usage":[25,25,25,25],"damage_taken":[{"damage":4.0,"enemies":"Jaw Worm","floor":1.0,"turns":3.0},{"damage":0.0,"enemies":"Small Slimes","floor":3.0,"turns":2.0},{"damage":0.0,"enemies":"Cultist","floor":5.0,"turns":2.0},{"damage":0.0,"enemies":"Large Slime","floor":7.0,"turns":4.0},{"damage":7.0,"enemies":"3 Sentries","floor":8.0,"turns":5.0},{"damage":2.0,"enemies":"Exordium Thugs","floor":10.0,"turns":3.0},{"damage":0.0,"enemies":"3 Louse","floor":11.0,"turns":2.0},{"damage":0.0,"enemies":"Large Slime","floor":13.0,"turns":3.0},{"damage":0.0,"enemies":"Blue Slaver","floor":14.0,"turns":2.0},{"damage":0.0,"enemies":"Fading Forest","floor":16.0,"turns":11.0},{"damage":0.0,"enemies":"3 Byrds","floor":18.0,"turns":5.0},{"damage":27.0,"enemies":"2 Thieves","floor":20.0,"turns":3.0},{"damage":33.0,"enemies":"Gremlin Leader","floor":23.0,"turns":6.0},{"damage":42.0,"enemies":"Shelled Parasite and Fungi","floor":24.0,"turns":4.0},{"damage":37,"enemies":"Chosen and Byrds","floor":25,"turns":4}],"seed_played":"-6710337260775525978","potions_obtained":[{"floor":7.0,"key":"hexamod:EctoCoolerPotion"},{"floor":8.0,"key":"DistilledChaos"},{"floor":10.0,"key":"EssenceOfSteel"},{"floor":16.0,"key":"GamblersBrew"},{"floor":18.0,"key":"Languid Potion"},{"floor":22.0,"key":"Slimebound:ThreeZeroPotion"},{"floor":23.0,"key":"SkillPotion"},{"floor":24.0,"key":"Regen Potion"}],"is_trial":false,"path_per_floor":["M","?","M","?","M","R","M","E","T","M","M","R","M","M","R","B",null,"M","$","M","?","$","E","M","M"],"character_chosen":"DEFECT","items_purchased":["hubris:PowerSurge","Guide Book","Capacitor","Conserve Battery","Replay:Rubber Ducky","Loop+1","infinitespire:ShieldingShard","ReplayTheSpireMod:Calculation Training","Ball Lightning","hubris:Ukulele+1","Steam","Membership Card","Defragment","infinitespire:Chaos","Creative AI","Turbo"],"campfire_rested":1,"item_purchase_floors":[0,0,0,0,0,0,0,0,0,0,0,19,19,22,22,22],"current_hp_per_floor":[40,40,40,40,40,62,62,55,55,53,53,53,53,53,53,61,72,72,72,45,70,75,48,12,0,0],"gold":121,"neow_bonus":"","is_daily":false,"chose_seed":false,"campfire_upgraded":2,"win_rate":0.0,"timestamp":1610193711,"path_taken":["M","?","M","?","M","R","M","E","T","?","M","R","M","M","R","BOSS","M","$","M","?","$","E","?","M"],"items_purchased_type":["Card","Relic","Card","Card","Relic","Card","Relic","Card","Card","Card","Card","Relic","Card","Relic","Card","Card"],"build_version":"2020-12-22","purchased_purges":0,"victory":false,"max_hp_per_floor":[75,75,75,75,75,75,75,75,75,75,75,75,75,75,75,75,75,75,75,75,75,80,80,80,80,80],"relic_stats":{"counters":[188,727],"Black Star":1,"Whetstone":["Barrage","Ball Lightning"],"obtain_stats":[{"infinitespire:BottledMercury":4,"hubris:BallOfYels":12,"Replay:Accelerometer":22,"infinitespire:Cubic Diamond":2,"Whetstone":7,"Ginger":8,"Blood Vial":34,"infinitespire:ShieldingShard":45,"hubris:HerbalPaste":0,"aspiration:EnhancedActuators":14,"Sundial":53,"Replay:Bronze Core":34,"hubris:DeckOfHolding":10,"HandDrill":55,"Kunai":36,"Replay:Wax Seal":0,"hubris:TinFlute":55,"MerchantsRug":47,"Pear":34,"Counterbalance":38,"hubris:SphereOfDissonance":43,"Pen Nib":40,"Bird Faced Urn":17,"Pandora\u0027s Box":29,"aspiration:MysteriousAuxiliaryCore":9,"infinitespire:PuzzleCube":0,"Abe\u0027s Treasure":17,"hubris:Reverence":43,"Regal Pillow":6,"hubris:Metronome":45,"Lantern":26,"Replay:Purple Gloves":22,"Blue Doll":22,"Bag of Preparation":9,"Cursed Key":34,"Pet Ghost":54,"Replay:Rubber Ducky":0,"hubris:Backtick":17,"Matryoshka":22,"infinitespire:Bottled Soul":26,"Toolbox":53,"Chemical X":0,"aspiration:ChemicalBlood":23,"Potion Belt":19,"Lee\u0027s Waffle":0,"Inserter":17,"NeowsBlessing":0,"Thread and Needle":7,"The Courier":31,"infinitespire:Joker Card":34,"Omamori":0,"hubris:Towel":39,"Busted Crown":22,"hubris:Spice":50,"Orrery":0,"Art of War":27,"ReplayTheSpireMod:Lightbulb":30,"Toy Ornithopter":43,"infinitespire:Midas Blood":30,"infinitespire:Freezer":0,"Ice Cream":37,"Tiny House":17,"m_IronCrown":22,"aspiration:Stellarator":17,"Runic Capacitor":47,"hubris:TerracottaHorce":21,"Centennial Puzzle":43,"HornCleat":55,"Replay:Frozen Program":0,"DollysMirror":20,"Strawberry":8,"Honey Jar":17,"aspiration:ArtOfWarUpgrade":32,"Prayer Wheel":16,"Philosopher\u0027s Stone":34,"Toxic Egg 2":28,"Astrolabe":34,"Oddly Smooth Stone":24,"hubris:FruitBowl":22,"infinitespire:Beetle Shell":54,"War Paint":53,"Replay:Baseball":47,"ReplayTheSpireMod:TigerMarble":0,"hubris:ToyBattleship":19,"Black Star":22,"Darkstone Periapt":13,"Replay:Mystery Machine":45,"ClockworkSouvenir":0,"Replay:Bandana":7,"Nunchaku":3,"Chameleon Ring":26,"hubris:Icosahedron":36,"Mummified Hand":0,"Gambling Chip":42,"Replay:Bottled Snecko":10,"Cracked Core":0,"infinitespire:Chaos":22,"ReplayTheSpireMod:Ninjato":9,"Replay:Towering Pillar of Hats":31,"aspiration:FetidBarrel":21,"Guide Book":48,"infinitespire:EmptyRelic":22,"infinitespire:FocusingShard":0,"Replay:WaspNest":41,"Calling Bell":34,"Anchor":0,"CaptainsWheel":0,"infinitespire:WardingShard":9,"infinitespire:Satchel":4,"Coffee Dripper":17,"Bag of Marbles":7,"Membership Card":19,"m_BurningSludge":2,"hubris:NiceRug":55},{"infinitespire:BottledMercury":41,"hubris:BallOfYels":96,"Replay:Accelerometer":185,"infinitespire:Cubic Diamond":19,"Whetstone":69,"Ginger":178,"Blood Vial":56,"infinitespire:ShieldingShard":83,"hubris:HerbalPaste":146,"aspiration:EnhancedActuators":98,"Sundial":144,"Replay:Bronze Core":135,"hubris:DeckOfHolding":21,"HandDrill":88,"Kunai":81,"Replay:Wax Seal":90,"hubris:TinFlute":87,"MerchantsRug":113,"Pear":56,"Counterbalance":138,"hubris:SphereOfDissonance":166,"Pen Nib":110,"Bird Faced Urn":73,"Pandora\u0027s Box":104,"aspiration:MysteriousAuxiliaryCore":95,"infinitespire:PuzzleCube":12,"Abe\u0027s Treasure":33,"hubris:Reverence":111,"Regal Pillow":3,"hubris:Metronome":60,"Lantern":103,"Replay:Purple Gloves":185,"Blue Doll":185,"Bag of Preparation":5,"Cursed Key":107,"Pet Ghost":64,"Replay:Rubber Ducky":146,"hubris:Backtick":73,"Matryoshka":185,"infinitespire:Bottled Soul":156,"Toolbox":144,"Chemical X":65,"aspiration:ChemicalBlood":186,"Potion Belt":74,"Lee\u0027s Waffle":90,"Inserter":47,"NeowsBlessing":0,"Thread and Needle":149,"The Courier":55,"infinitespire:Joker Card":56,"Omamori":117,"hubris:Towel":58,"Busted Crown":155,"hubris:Spice":86,"Orrery":65,"Art of War":53,"ReplayTheSpireMod:Lightbulb":133,"Toy Ornithopter":60,"infinitespire:Midas Blood":55,"infinitespire:Freezer":117,"Ice Cream":57,"Tiny House":10,"m_IronCrown":185,"aspiration:Stellarator":99,"Runic Capacitor":113,"hubris:TerracottaHorce":127,"Centennial Puzzle":140,"HornCleat":88,"Replay:Frozen Program":117,"DollysMirror":100,"Strawberry":43,"Honey Jar":183,"aspiration:ArtOfWarUpgrade":55,"Prayer Wheel":73,"Philosopher\u0027s Stone":80,"Toxic Egg 2":158,"Astrolabe":161,"Oddly Smooth Stone":156,"hubris:FruitBowl":185,"infinitespire:Beetle Shell":116,"War Paint":171,"Replay:Baseball":142,"ReplayTheSpireMod:TigerMarble":65,"hubris:ToyBattleship":154,"Black Star":185,"Darkstone Periapt":8,"Replay:Mystery Machine":141,"ClockworkSouvenir":39,"Replay:Bandana":29,"Nunchaku":147,"Chameleon Ring":52,"hubris:Icosahedron":57,"Mummified Hand":26,"Gambling Chip":111,"Replay:Bottled Snecko":70,"Cracked Core":0,"infinitespire:Chaos":185,"ReplayTheSpireMod:Ninjato":178,"Replay:Towering Pillar of Hats":106,"aspiration:FetidBarrel":127,"Guide Book":142,"infinitespire:EmptyRelic":185,"infinitespire:FocusingShard":39,"Replay:WaspNest":59,"Calling Bell":56,"Anchor":39,"CaptainsWheel":146,"infinitespire:WardingShard":14,"infinitespire:Satchel":2,"Coffee Dripper":24,"Bag of Marbles":122,"Membership Card":184,"m_BurningSludge":19,"hubris:NiceRug":88},{"infinitespire:BottledMercury":179,"hubris:BallOfYels":383,"Replay:Accelerometer":713,"infinitespire:Cubic Diamond":63,"Whetstone":288,"Ginger":684,"Blood Vial":236,"infinitespire:ShieldingShard":339,"hubris:HerbalPaste":579,"aspiration:EnhancedActuators":392,"Sundial":572,"Replay:Bronze Core":538,"hubris:DeckOfHolding":83,"HandDrill":357,"Kunai":334,"Replay:Wax Seal":363,"hubris:TinFlute":354,"MerchantsRug":460,"Pear":236,"Counterbalance":549,"hubris:SphereOfDissonance":646,"Pen Nib":451,"Bird Faced Urn":307,"Pandora\u0027s Box":427,"aspiration:MysteriousAuxiliaryCore":377,"infinitespire:PuzzleCube":39,"Abe\u0027s Treasure":146,"hubris:Reverence":453,"Regal Pillow":3,"hubris:Metronome":251,"Lantern":424,"Replay:Purple Gloves":713,"Blue Doll":713,"Bag of Preparation":11,"Cursed Key":440,"Pet Ghost":274,"Replay:Rubber Ducky":579,"hubris:Backtick":307,"Matryoshka":713,"infinitespire:Bottled Soul":610,"Toolbox":572,"Chemical X":280,"aspiration:ChemicalBlood":719,"Potion Belt":310,"Lee\u0027s Waffle":363,"Inserter":203,"NeowsBlessing":0,"Thread and Needle":586,"The Courier":230,"infinitespire:Joker Card":236,"Omamori":471,"hubris:Towel":242,"Busted Crown":605,"hubris:Spice":350,"Orrery":280,"Art of War":223,"ReplayTheSpireMod:Lightbulb":527,"Toy Ornithopter":251,"infinitespire:Midas Blood":230,"infinitespire:Freezer":471,"Ice Cream":239,"Tiny House":30,"m_IronCrown":713,"aspiration:Stellarator":403,"Runic Capacitor":460,"hubris:TerracottaHorce":506,"Centennial Puzzle":556,"HornCleat":357,"Replay:Frozen Program":471,"DollysMirror":406,"Strawberry":184,"Honey Jar":705,"aspiration:ArtOfWarUpgrade":230,"Prayer Wheel":307,"Philosopher\u0027s Stone":332,"Toxic Egg 2":616,"Astrolabe":627,"Oddly Smooth Stone":610,"hubris:FruitBowl":713,"infinitespire:Beetle Shell":468,"War Paint":664,"Replay:Baseball":564,"ReplayTheSpireMod:TigerMarble":280,"hubris:ToyBattleship":602,"Black Star":713,"Darkstone Periapt":22,"Replay:Mystery Machine":560,"ClockworkSouvenir":175,"Replay:Bandana":131,"Nunchaku":582,"Chameleon Ring":216,"hubris:Icosahedron":239,"Mummified Hand":119,"Gambling Chip":453,"Replay:Bottled Snecko":290,"Cracked Core":0,"infinitespire:Chaos":713,"ReplayTheSpireMod:Ninjato":684,"Replay:Towering Pillar of Hats":435,"aspiration:FetidBarrel":506,"Guide Book":564,"infinitespire:EmptyRelic":713,"infinitespire:FocusingShard":175,"Replay:WaspNest":248,"Calling Bell":236,"Anchor":175,"CaptainsWheel":579,"infinitespire:WardingShard":45,"infinitespire:Satchel":2,"Coffee Dripper":106,"Bag of Marbles":489,"Membership Card":710,"m_BurningSludge":63,"hubris:NiceRug":357}]},"card_choices":[{"not_picked":["aspiration:Polymerization","BasicCrystalCard"],"picked":"Melter","floor":1.0},{"not_picked":["Go for the Eyes","Rebound"],"picked":"Conserve Battery","floor":3.0},{"not_picked":["Leap","BasicCrystalCard"],"picked":"Redo","floor":5.0},{"not_picked":["Auto Shields","Coolheaded"],"picked":"Rainbow","floor":7.0},{"not_picked":["Panic Button","Redo","Recycle"],"picked":"SKIP","floor":8.0},{"not_picked":["Gash","ReplayTheSpireMod:System Scan","Barrage"],"picked":"SKIP","floor":10.0},{"not_picked":["Gash","ReplayTheSpireMod:System Scan","Barrage"],"picked":"SKIP","floor":10.0},{"not_picked":["Redo","Panic Button"],"picked":"Ball Lightning","floor":11.0},{"not_picked":["Capacitor","Steam"],"picked":"Turbo","floor":13.0},{"not_picked":["BasicCrystalCard","Chaos"],"picked":"Crystallizer","floor":14.0},{"not_picked":["hubris:DoWhile","Meteor Strike"],"picked":"Multi-Cast","floor":16.0},{"not_picked":["Conserve Battery","ReplaySort","Ball Lightning+1"],"picked":"Heatsinks","floor":18.0},{"not_picked":["Streamline+1","Aggregate","Rip and Tear+1"],"picked":"Barrage","floor":20.0},{"not_picked":["Sweeping Beam","Hemokinesis"],"picked":"Compile Driver","floor":22.0},{"not_picked":["Barrage","Steam"],"picked":"champ:VampiricStrike","floor":23.0},{"not_picked":["ReplayTheSpireMod:GoodbyeWorld","Leap","ReplaySort+1"],"picked":"SKIP","floor":24.0}],"player_experience":528034,"relics_obtained":[{"floor":8.0,"key":"Ginger"},{"floor":9.0,"key":"ReplayTheSpireMod:Ninjato"},{"floor":23.0,"key":"aspiration:ChemicalBlood"},{"floor":23.0,"key":"infinitespire:PuzzleCube"}],"event_choices":[{"damage_healed":40.0,"max_hp_gain":0.0,"max_hp_loss":75.0,"gold_gain":0.0,"event_name":"betterThird:BetterShining","player_choice":"Leave","floor":2.0,"gold_loss":0.0,"damage_taken":0.0},{"damage_healed":25.0,"max_hp_gain":0.0,"max_hp_loss":0.0,"gold_gain":0.0,"event_name":"The Library","player_choice":"Heal","floor":21.0,"gold_loss":0.0,"damage_taken":0.0}],"is_beta":false,"boss_relics":[{"not_picked":["hubris:BlackHole","hubris:CrackedHourglass"],"picked":"Honey Jar"}],"items_purged_floors":[],"is_endless":false,"potions_floor_spawned":[7,8,10,11,16,18,23,24],"killed_by":"Chosen and Byrds","ascension_level":7}}