{"host":"ve5hox67eka4rdnb","time":1610203878,"event":{"mods":["ATMod(∞¢Ë™Mod)","Act Like it!","BaseMod","Downfall","Gensokyo","Hermit","Lobotomy","Marisa£®ÏF”Í°°ƒß¿Ì…≥£©","Minty Spire (QoL Compilation)","Remilia£®¿Ÿ√◊¿Ú—«£©","Replay The Spire","StSLib","The Cursed","The Servant 0.9.4"],"gold_per_floor":[112,37,49,63,63,63,81,113,113,113,113,147,96,47,47,121,121,139,152,52,78,27,27,41,41,41,41,30,50,50,13,13,3,3],"floor_reached":33,"playtime":1446,"items_purged":["Bash","BeautyBeast"],"score":273,"play_id":"4f09d4c0-eea4-43dc-91e4-df69243a0bd4","local_time":"20210109225118","is_ascension_mode":false,"campfire_choices":[{"data":"AT_FamilyPortrait","floor":6,"key":"SMITH"},{"data":"AT_DrawKnifeCut","floor":10,"key":"SMITH"},{"data":"Thunderclap","floor":15,"key":"SMITH"},{"floor":23,"key":"RECALL"},{"data":"AT_DrawKnifeCut","floor":25,"key":"SMITH"},{"floor":30,"key":"REST"},{"floor":32,"key":"REST"}],"circlet_count":0,"master_deck":["Strike_R","Strike_R","Strike_R","Strike_R","Defend_R","Defend_R","Defend_R","AT_FamilyPortrait+1","QueenOfHatred","AT_DrawKnifeCut+1","UniverseFragment","CrumblingArmor","GreedKing","Reckless Charge","Freischutz","Thunderclap+1","SpiderBud","Wellcheers","ReplayTheSpireMod:Limb From Limb","AT_DrawKnifeCut+1","WallGazer","Necronomicurse","BlackArmy","BlueStar","AT_IchimonjiDouble+1","AT_ShrugMaster"],"relics":["Burning Blood","AT_ATBox","CogitoBucket","ReplayTheSpireMod:Ninjato","AT_SilvercatRing","Bottled Flame","Mark of Pain","SkinProphecy","Replay:Mystery Machine","Necronomicon"],"acts_visited":["Exordium","TheCity"],"potions_floor_usage":[7,8,19,19,24,24],"damage_taken":[{"damage":5,"enemies":"2 Louse","floor":1,"turns":2},{"damage":1,"enemies":"Jaw Worm","floor":3,"turns":3},{"damage":3,"enemies":"Small Slimes","floor":4,"turns":3},{"damage":18,"enemies":"Exordium Thugs","floor":7,"turns":3},{"damage":18,"enemies":"Gremlin Nob","floor":8,"turns":4},{"damage":23,"enemies":"3 Sentries","floor":12,"turns":4},{"damage":18,"enemies":"Slime Boss","floor":16,"turns":3},{"damage":0,"enemies":"Chosen","floor":18,"turns":1},{"damage":22,"enemies":"Spheric Guardian","floor":19,"turns":5},{"damage":23,"enemies":"Slavers","floor":24,"turns":3},{"damage":0,"enemies":"Snecko","floor":28,"turns":1},{"damage":11,"enemies":"Shelled Parasite and Fungi","floor":29,"turns":2},{"damage":51,"enemies":"Snake Plant","floor":31,"turns":3},{"damage":59,"enemies":"Champ","floor":33,"turns":7}],"seed_played":"-1104245986922873859","potions_obtained":[{"floor":3,"key":"FearPotion"},{"floor":4,"key":"PowerPotion"},{"floor":12,"key":"Flashbang"},{"floor":16,"key":"AttackPotion"},{"floor":24,"key":"Energy Potion"},{"floor":28,"key":"SmokeBomb"}],"is_trial":false,"path_per_floor":["M","$","M","M","?","R","M","E","T","R","?","E","$","$","R","B",null,"M","M","$","T","$","R","E","R","T","?","M","M","R","M","R","B"],"character_chosen":"IRONCLAD","items_purchased":["BloodPotion","Fire Potion","ColorlessPotion"],"campfire_rested":2,"item_purchase_floors":[13,14,22],"current_hp_per_floor":[80,80,80,80,80,80,74,68,68,68,61,50,50,50,50,44,80,80,60,60,60,60,60,61,61,61,45,47,44,70,23,50,0,0],"gold":3,"neow_bonus":"","is_daily":false,"chose_seed":false,"campfire_upgraded":4,"win_rate":0.0,"timestamp":1610203878,"path_taken":["M","$","M","M","?","R","M","E","T","R","?","E","?","$","R","BOSS","M","M","$","?","?","R","E","R","T","?","M","M","R","M","R","BOSS"],"items_purchased_type":["Potion","Potion","Potion"],"build_version":"2020-12-22","purchased_purges":2,"victory":false,"max_hp_per_floor":[80,80,80,80,80,80,80,80,80,80,80,80,80,80,80,80,80,80,82,82,82,82,82,84,84,84,84,86,88,88,92,92,94,94],"card_choices":[{"not_picked":["SpiderBud","MHz"],"picked":"QueenOfHatred","floor":1},{"not_picked":["Shrug It Off","Anger"],"picked":"AT_DrawKnifeCut","floor":1},{"not_picked":["MHz","BeautyBeast"],"picked":"UniverseFragment","floor":3},{"not_picked":["Defy Death","Sword Boomerang","AT_IchimonjiDouble"],"picked":"SKIP","floor":3},{"not_picked":["Scorched","Murderer"],"picked":"CrumblingArmor","floor":4},{"not_picked":["Anger","Run Through","AT_IchimonjiDouble"],"picked":"SKIP","floor":4},{"not_picked":["Anger","Run Through","AT_IchimonjiDouble"],"picked":"SKIP","floor":4},{"not_picked":["Sever Soul","Warcry","Shrug It Off"],"picked":"SKIP","floor":7},{"not_picked":["WallGazer","NakedNest"],"picked":"GreedKing","floor":8},{"not_picked":["Carnage","Limit Break"],"picked":"Reckless Charge","floor":8},{"not_picked":["FairyFestival","LittlePrince"],"picked":"Freischutz","floor":12},{"not_picked":["Shrug It Off","Body Slam"],"picked":"Thunderclap","floor":12},{"not_picked":["LaLuna","BigBird"],"picked":"SpiderBud","floor":16},{"not_picked":["Scarecrow","LaLuna"],"picked":"Wellcheers","floor":18},{"not_picked":["Pommel Strike","Thunderclap"],"picked":"ReplayTheSpireMod:Limb From Limb","floor":18},{"not_picked":["Perfected Strike+1","Sword Boomerang+1"],"picked":"AT_DrawKnifeCut","floor":19},{"not_picked":["CherryBlossoms","OSAHOGD"],"picked":"BeautyBeast","floor":19},{"not_picked":["HappyTeddy","MHz"],"picked":"WallGazer","floor":24},{"not_picked":["Cleave","Body Slam","Power Through"],"picked":"SKIP","floor":24},{"not_picked":["Bloodbath","BeautyBeast"],"picked":"BlackArmy","floor":28},{"not_picked":["ReplayTheSpireMod:LeadingStrike","Replay:Many Hands","ReplayTheSpireMod:Strike From Hell"],"picked":"SKIP","floor":28},{"not_picked":["ReplayTheSpireMod:LeadingStrike","Replay:Many Hands","ReplayTheSpireMod:Strike From Hell"],"picked":"SKIP","floor":28},{"not_picked":["Porccubus","GalaxyChild"],"picked":"BlueStar","floor":29},{"not_picked":["Clash","Burning Pact+1"],"picked":"AT_IchimonjiDouble+1","floor":29},{"not_picked":["Shrug It Off","Evolve"],"picked":"AT_ShrugMaster","floor":31}],"player_experience":147348,"relics_obtained":[{"floor":8,"key":"ReplayTheSpireMod:Ninjato"},{"floor":9,"key":"AT_SilvercatRing"},{"floor":12,"key":"Bottled Flame"},{"floor":24,"key":"Replay:Mystery Machine"},{"floor":27,"key":"Necronomicon"}],"event_choices":[{"cards_removed":["Defend_R"],"damage_healed":0,"gold_gain":0,"player_choice":"Card Removal","damage_taken":7,"max_hp_gain":0,"max_hp_loss":0,"event_name":"Golden Wing","floor":11,"gold_loss":0},{"damage_healed":0,"gold_gain":0,"player_choice":"Obtained Book","damage_taken":16,"max_hp_gain":0,"max_hp_loss":0,"event_name":"Cursed Tome","floor":27,"gold_loss":0}],"is_beta":false,"boss_relics":[{"not_picked":["Fusion Hammer","SacredBark"],"picked":"Mark of Pain"}],"items_purged_floors":[2,20],"is_endless":false,"potions_floor_spawned":[3,4,12,16,18,24,28],"killed_by":"Champ","ascension_level":0}}