{"host":"yecadp3kwkksam5a","time":1610193991,"event":{"mods":["BaseMod","Minty Spire (QoL Compilation)","StSLib"],"gold_per_floor":[114,132,145,145,157,192,192,192,192],"floor_reached":8,"playtime":307,"items_purged":[],"score":116,"play_id":"1f14d19b-7193-42da-884b-b3ee2314b68d","local_time":"20210109210631","is_ascension_mode":true,"campfire_choices":[{"floor":7,"key":"REST"}],"circlet_count":0,"master_deck":["AscendersBane","Strike_G","Strike_G","Strike_G","Strike_G","Defend_G","Defend_G","Defend_G","Defend_G","Defend_G","Survivor","Neutralize","Escape Plan","Noxious Fumes","Bouncing Flask","Endless Agony","Caltrops"],"relics":["Ring of the Snake","Lantern"],"acts_visited":["Exordium"],"potions_floor_usage":[],"damage_taken":[{"damage":10.0,"enemies":"Jaw Worm","floor":1.0,"turns":8.0},{"damage":3.0,"enemies":"Cultist","floor":2.0,"turns":4.0},{"damage":1,"enemies":"Small Slimes","floor":3,"turns":5},{"damage":5,"enemies":"Blue Slaver","floor":5,"turns":4},{"damage":38,"enemies":"Lagavulin","floor":6,"turns":7},{"damage":0,"enemies":"3 Sentries","floor":8,"turns":1}],"seed_played":"5116786096412123654","potions_obtained":[{"floor":2,"key":"EntropicBrew"},{"floor":3,"key":"Strength Potion"}],"is_trial":false,"path_per_floor":["M","M","M","?","M","E","R","E"],"character_chosen":"THE_SILENT","items_purchased":[],"campfire_rested":1,"item_purchase_floors":[],"current_hp_per_floor":[55,52,51,51,46,8,29,29,29],"gold":192,"neow_bonus":"TEN_PERCENT_HP_BONUS","is_daily":false,"chose_seed":false,"campfire_upgraded":0,"win_rate":0.0,"timestamp":1610193991,"path_taken":["M","M","M","?","M","E","R","E"],"items_purchased_type":[],"build_version":"2020-12-22","purchased_purges":0,"victory":false,"max_hp_per_floor":[72,72,72,72,72,72,72,72,72],"card_choices":[{"not_picked":["Quick Slash","Flying Knee"],"picked":"Escape Plan","floor":1.0},{"not_picked":["Backflip","Dodge and Roll"],"picked":"Noxious Fumes","floor":2},{"not_picked":["Well Laid Plans","Blur"],"picked":"Bouncing Flask","floor":3},{"not_picked":["Slice","Masterful Stab"],"picked":"Endless Agony","floor":5},{"not_picked":["Backstab","Deflect"],"picked":"Caltrops","floor":6}],"player_experience":460924,"relics_obtained":[{"floor":6,"key":"Lantern"}],"event_choices":[{"cards_removed":["Strike_G"],"damage_healed":0,"gold_gain":0,"player_choice":"Offered Basic","damage_taken":0,"max_hp_gain":0,"max_hp_loss":0,"event_name":"Bonfire Elementals","floor":4,"gold_loss":0}],"is_beta":false,"boss_relics":[],"items_purged_floors":[],"is_endless":false,"potions_floor_spawned":[2,3],"killed_by":"3 Sentries","ascension_level":20}}