{"host":"sxnl403xm2xmiyj1","time":1610184257,"event":{"mods":["BaseMod","Colored Map","Keyboard Shortcuts","Lobotomy","Minty Spire (QoL Compilation)","Quick Restart","StSLib","SuperFastMode"],"gold_per_floor":[112,123,74,149,162,162,179,179,227,35,77,77,109,141,141,271,271,298,321,1,27,53,53,68,95,118,118,148,160,181,204,216,332,371,403,436,498,510,541,553,595,607,619,664,694,722,203,215,215,215],"floor_reached":51,"playtime":2404,"items_purged":["SpecialBullet","BigBird"],"score":1068,"play_id":"e16ddc82-1816-41a7-97b2-0629b338b6b9","local_time":"20210109182417","is_ascension_mode":true,"campfire_choices":[],"circlet_count":0,"master_deck":["SpecialBullet","SpecialBullet","SpecialBullet","SpecialBullet","SpecialBullet","SpecialBullet","CentralCode","TrainingCode","InformationCode","UniverseFragment","RapturousDream","Soda","Soda","SecurityCode","OSAHOGD","ShedSkin","CherryBlossom","FourthMatchFlame","Bloodbath","ParadiseLost","RedShoes","RedEyes","DisciplinaryCode","BlackSwan","GoldRush","Variant","PunishingBird","Soda","OldLady","SpiderBud","RecordCode","DreamingCurrent","Justitia+1","Adoration+1","FeatherOfHonor+1","LaLuna","CENSORED","GreedKing","Madness","Madness","ScreamingWedge","CherryBlossom","FourthMatchFlame"],"relics":["CogitoBucket","CeramicFish","HandDrill","Lantern","TreeSap","Busted Crown","TheAbacus","AspirationHeart","Blood Vial","MawBank","Juzu Bracelet","SkinProphecy","AtMidnight","Astrolabe","TungstenRod","Anchor","Bronze Scales","Calipers","Nunchaku","Lee\u0027s Waffle"],"acts_visited":["Exordium","TheCity","TheBeyond"],"potions_floor_usage":[13,19,21,31,51,51],"damage_taken":[{"damage":10,"enemies":"Small Slimes","floor":1,"turns":4},{"damage":12,"enemies":"Jaw Worm","floor":2,"turns":2},{"damage":14,"enemies":"2 Louse","floor":5,"turns":4},{"damage":2,"enemies":"Blue Slaver","floor":7,"turns":8},{"damage":13,"enemies":"3 Sentries","floor":11,"turns":13},{"damage":0,"enemies":"Lots of Slimes","floor":13,"turns":6},{"damage":4,"enemies":"Exordium Thugs","floor":14,"turns":6},{"damage":28,"enemies":"The Guardian","floor":16,"turns":8},{"damage":1,"enemies":"Chosen","floor":18,"turns":3},{"damage":4,"enemies":"Shell Parasite","floor":19,"turns":4},{"damage":38,"enemies":"Centurion and Healer","floor":21,"turns":7},{"damage":17,"enemies":"Shelled Parasite and Fungi","floor":22,"turns":5},{"damage":1,"enemies":"Chosen and Byrds","floor":24,"turns":5},{"damage":1,"enemies":"Snecko","floor":25,"turns":4},{"damage":34,"enemies":"Book of Stabbing","floor":28,"turns":5},{"damage":82,"enemies":"Centurion and Healer","floor":31,"turns":17},{"damage":51,"enemies":"Collector","floor":33,"turns":9},{"damage":46,"enemies":"3 Darklings","floor":35,"turns":3},{"damage":23,"enemies":"3 Shapes","floor":36,"turns":3},{"damage":0,"enemies":"Mind Bloom Boss Battle","floor":37,"turns":4},{"damage":0,"enemies":"Spire Growth","floor":39,"turns":2},{"damage":64,"enemies":"Reptomancer","floor":41,"turns":4},{"damage":39,"enemies":"Nemesis","floor":44,"turns":7},{"damage":2,"enemies":"Writhing Mass","floor":46,"turns":2},{"damage":47,"enemies":"Maw","floor":48,"turns":5},{"damage":63,"enemies":"Donu and Deca","floor":50,"turns":19},{"damage":64,"enemies":"Malkuth","floor":51,"turns":10},{"damage":99,"enemies":"Hod","floor":51,"turns":10},{"damage":79,"enemies":"Geburah","floor":51,"turns":16},{"damage":126,"enemies":"Binah","floor":51,"turns":18}],"seed_played":"3208860476610329460","potions_obtained":[{"floor":0,"key":"Fire Potion"},{"floor":0,"key":"SmokeBomb"},{"floor":0,"key":"BlessingOfTheForge"},{"floor":5,"key":"Swift Potion"},{"floor":13,"key":"Block Potion"},{"floor":16,"key":"DuplicationPotion"},{"floor":21,"key":"Dexterity Potion"},{"floor":24,"key":"EssenceOfSteel"},{"floor":25,"key":"CultistPotion"},{"floor":35,"key":"SneckoOil"},{"floor":41,"key":"FairyPotion"},{"floor":44,"key":"LiquidBronze"}],"is_trial":false,"path_per_floor":["M","M","$","?","M","R","M","R","T","$","E","R","M","M","R","B",null,"M","M","$","M","M","R","M","M","T","R","E","?","R","M","R","B",null,"M","M","?","?","M","R","E","R","T","E","?","M","$","M","R","B",null],"character_chosen":"Angela","items_purchased":["Soda","CherryBlossom","HandDrill","Soda","TheAbacus","ShedSkin","ScreamingWedge","CherryBlossom","FourthMatchFlame","Nunchaku","Lee\u0027s Waffle"],"campfire_rested":0,"item_purchase_floors":[3,10,10,20,20,20,47,47,47,47,47],"current_hp_per_floor":[53,41,41,30,23,23,42,42,42,42,54,54,69,78,78,71,79,86,90,90,95,108,108,108,112,112,112,96,96,96,109,109,100,114,111,118,132,132,138,138,135,135,140,142,125,144,151,153,153,157],"gold":215,"neow_bonus":"THREE_SMALL_POTIONS","is_daily":false,"chose_seed":false,"campfire_upgraded":0,"win_rate":0.0,"timestamp":1610184257,"path_taken":["M","M","$","?","M","R","M","R","T","$","E","R","M","M","R","BOSS","M","M","$","M","M","R","M","M","T","R","E","?","R","M","R","BOSS","M","M","?","?","M","R","E","R","T","E","?","M","?","M","R","BOSS"],"items_purchased_type":["Card","Card","Relic","Card","Relic","Card","Card","Card","Card","Relic","Relic"],"build_version":"2020-12-22","purchased_purges":2,"victory":true,"max_hp_per_floor":[70,70,70,70,70,70,70,70,70,70,70,70,74,78,78,82,82,86,90,90,104,108,108,108,112,112,112,112,112,112,112,112,118,118,124,130,132,132,138,138,140,140,140,142,142,144,151,153,153,157],"card_choices":[{"not_picked":["Funeral","MHz"],"picked":"UniverseFragment","floor":1},{"not_picked":["Beak"],"picked":"RapturousDream","floor":1},{"not_picked":["BigBadWolf","SingingMachine"],"picked":"BigBird","floor":2},{"not_picked":["Noise"],"picked":"Soda","floor":2},{"not_picked":["SingingMachine","CherryBlossoms"],"picked":"OSAHOGD","floor":5},{"not_picked":["CherryBlossom"],"picked":"ShedSkin","floor":5},{"not_picked":["Beak","Tough"],"picked":"SKIP","floor":7},{"not_picked":["Wingbeat"],"picked":"FourthMatchFlame","floor":11},{"not_picked":["ShyLook","LittlePrince"],"picked":"Bloodbath","floor":13},{"not_picked":["Regret_ego"],"picked":"ParadiseLost","floor":13},{"not_picked":["ShyLook","Wellcheers"],"picked":"RedShoes","floor":14},{"not_picked":["Harvest"],"picked":"RedEyes","floor":14},{"not_picked":["Alriune","Wellcheers"],"picked":"BlackSwan","floor":16},{"not_picked":["Mimicry"],"picked":"GoldRush","floor":16},{"not_picked":["Murderer","Scorched"],"picked":"Variant","floor":18},{"not_picked":["SnowQueen","QueenBee"],"picked":"PunishingBird","floor":19},{"not_picked":["BigBadWolf","WhitesApple"],"picked":"OldLady","floor":21},{"not_picked":["LittleHelper","CrumblingArmor"],"picked":"SpiderBud","floor":22},{"not_picked":["Scorched","Funeral"],"picked":"FieryBird","floor":25},{"not_picked":["Murderer","GalaxyChild"],"picked":"DreamingCurrent","floor":33},{"not_picked":["LittlePrince","CherryBlossoms"],"picked":"LaLuna","floor":35},{"not_picked":["Funeral","FieryBird"],"picked":"CENSORED","floor":36},{"not_picked":["Mercenary","Scarecrow"],"picked":"GreedKing","floor":39}],"player_experience":210830,"relics_obtained":[{"floor":9,"key":"CeramicFish"},{"floor":11,"key":"Lantern"},{"floor":26,"key":"Blood Vial"},{"floor":28,"key":"MawBank"},{"floor":31,"key":"AtMidnight"},{"floor":37,"key":"TungstenRod"},{"floor":41,"key":"Anchor"},{"floor":43,"key":"Bronze Scales"},{"floor":44,"key":"Calipers"}],"event_choices":[{"damage_healed":0,"gold_gain":75,"player_choice":"Gather Gold","damage_taken":11,"max_hp_gain":0,"max_hp_loss":0,"event_name":"World of Goop","floor":4,"gold_loss":0},{"damage_healed":0,"gold_gain":0,"player_choice":"Opened","damage_taken":0,"relics_obtained":["Juzu Bracelet"],"max_hp_gain":0,"max_hp_loss":0,"event_name":"The Mausoleum","floor":29,"gold_loss":0},{"damage_healed":0,"gold_gain":0,"player_choice":"Fight","damage_taken":0,"max_hp_gain":0,"max_hp_loss":0,"event_name":"MindBloom","floor":37,"gold_loss":0},{"damage_healed":0,"gold_gain":0,"player_choice":"Memory 1","damage_taken":0,"max_hp_gain":0,"max_hp_loss":0,"event_name":"SensoryStone","floor":38,"gold_loss":0},{"damage_healed":0,"gold_gain":0,"player_choice":"Embrace Madness","damage_taken":18,"max_hp_gain":0,"max_hp_loss":0,"event_name":"Winding Halls","floor":45,"gold_loss":0,"cards_obtained":["Madness","Madness"]}],"is_beta":false,"boss_relics":[{"not_picked":["SacredBark","Runic Pyramid"],"picked":"Busted Crown"},{"not_picked":["Snecko Eye","Tiny House"],"picked":"Astrolabe"}],"items_purged_floors":[20,47],"is_endless":false,"potions_floor_spawned":[5,13,16,21,24,25,35,41,44],"ascension_level":6}}