{"host":"gkm149kh1ihaqy0o","time":1610171848,"event":{"mods":["AchievementEnabler","BaseMod","Colored Powertips","Googly Eyes","Key Reminder","Minty Spire (QoL Compilation)","Permanent Neow","Quick Restart","Random Character Button","Rare Cards Sparkle","Relic Sorter","Relic Stats","SuperFastMode","Unceasing Turn Reminder","everything is the same but u backflip on backflip"],"gold_per_floor":[12,32,49,68,68,68,95,95,144,173,183,218,231,231,231,334,334,349,368,140,140,140,169,184,184,184],"floor_reached":25,"playtime":1254,"items_purged":[],"score":377,"play_id":"6b214bb7-22b9-466c-901f-62bc7664183e","local_time":"20210108235728","is_ascension_mode":true,"campfire_choices":[{"data":"Envenom","floor":6,"key":"SMITH"},{"floor":8,"key":"REST"},{"data":"Terror","floor":15,"key":"SMITH"}],"circlet_count":0,"master_deck":["Strike_G","Strike_G","Strike_G+1","Defend_G","Defend_G","Defend_G","Survivor","Neutralize","Envenom+1","Quick Slash","Predator+1","Blur","Riddle With Holes","Terror+1","Noxious Fumes","Backflip","Bouncing Flask","After Image","Die Die Die+1","Bullet Time+1","Expertise+1","PiercingWail+1","Catalyst","Footwork","Dodge and Roll+1"],"relics":["Ring of the Snake","InkBottle","Centennial Puzzle","Whetstone","Orichalcum","Astrolabe","Lee\u0027s Waffle","Bottled Flame","Girya"],"acts_visited":["Exordium","TheCity"],"potions_floor_usage":[7,10,10,16,16,23,23,23,23,23],"damage_taken":[{"damage":3,"enemies":"Cultist","floor":1,"turns":4},{"damage":3,"enemies":"2 Louse","floor":2,"turns":3},{"damage":2,"enemies":"Small Slimes","floor":3,"turns":3},{"damage":2,"enemies":"3 Louse","floor":4,"turns":3},{"damage":12,"enemies":"3 Sentries","floor":7,"turns":11},{"damage":3,"enemies":"Lagavulin","floor":10,"turns":6},{"damage":9,"enemies":"Exordium Thugs","floor":11,"turns":5},{"damage":26,"enemies":"Gremlin Nob","floor":12,"turns":5},{"damage":2,"enemies":"Blue Slaver","floor":13,"turns":4},{"damage":16,"enemies":"The Guardian","floor":16,"turns":7},{"damage":1,"enemies":"3 Byrds","floor":18,"turns":5},{"damage":19,"enemies":"2 Thieves","floor":19,"turns":4},{"damage":41,"enemies":"Book of Stabbing","floor":23,"turns":5},{"damage":0,"enemies":"Snecko","floor":24,"turns":4},{"damage":46,"enemies":"Slavers","floor":25,"turns":6}],"seed_played":"7945202473046082107","potions_obtained":[{"floor":1,"key":"Swift Potion"},{"floor":4,"key":"Dexterity Potion"},{"floor":7,"key":"Block Potion"},{"floor":12,"key":"EssenceOfSteel"},{"floor":13,"key":"DistilledChaos"},{"floor":18,"key":"Regen Potion"},{"floor":19,"key":"EntropicBrew"}],"is_trial":false,"path_per_floor":["M","M","M","M","?","R","E","R","T","E","M","E","M","?","R","B",null,"M","M","$","T","?","E","M","E"],"character_chosen":"THE_SILENT","items_purchased":["Footwork","Lee\u0027s Waffle"],"campfire_rested":1,"item_purchase_floors":[20,20],"current_hp_per_floor":[60,57,55,53,46,46,34,55,55,52,43,17,15,80,80,64,76,75,56,87,87,70,43,43,0,0],"gold":184,"neow_bonus":"THREE_RARE_CARDS","is_daily":false,"chose_seed":false,"campfire_upgraded":2,"win_rate":0.0,"timestamp":1610171848,"path_taken":["M","M","?","M","?","R","E","R","T","E","M","E","M","?","R","BOSS","M","M","$","?","?","E","M","E"],"items_purchased_type":["Card","Relic"],"build_version":"2020-12-22","purchased_purges":0,"victory":false,"max_hp_per_floor":[70,70,70,70,70,70,70,70,70,70,70,70,70,80,80,80,80,80,80,87,87,92,92,92,92,92],"relic_stats":{"Centennial Puzzle":[27],"Lee\u0027s Waffle":31,"counters":[15,75],"Astrolabe":["Die Die Die","Bullet Time","Expertise"],"Whetstone":["Strike_G","Predator"],"Orichalcum":[36],"obtain_stats":[{"Girya":23,"Centennial Puzzle":9,"Lee\u0027s Waffle":20,"Bottled Flame":21,"Astrolabe":17,"Whetstone":10,"Orichalcum":12,"InkBottle":7,"Ring of the Snake":0},{"Girya":13,"Centennial Puzzle":5,"Lee\u0027s Waffle":12,"Bottled Flame":12,"Astrolabe":10,"Whetstone":6,"Orichalcum":8,"InkBottle":5,"Ring of the Snake":0},{"Girya":65,"Centennial Puzzle":24,"Lee\u0027s Waffle":60,"Bottled Flame":60,"Astrolabe":51,"Whetstone":30,"Orichalcum":40,"InkBottle":24,"Ring of the Snake":0}],"InkBottle":[14],"Ring of the Snake":[30]},"card_choices":[{"not_picked":["Burst","Grand Finale"],"picked":"Envenom","floor":0},{"not_picked":["Slice","Flying Knee"],"picked":"Quick Slash","floor":1},{"not_picked":["Acrobatics","Quick Slash"],"picked":"Predator","floor":2},{"not_picked":["Masterful Stab","Expertise"],"picked":"Blur","floor":3},{"not_picked":["Sucker Punch","Eviscerate"],"picked":"Riddle With Holes","floor":4},{"not_picked":["Dodge and Roll","Sucker Punch"],"picked":"Burst","floor":7},{"not_picked":["Dagger Throw","Finisher"],"picked":"Terror","floor":10},{"not_picked":["Poisoned Stab","Backstab"],"picked":"Noxious Fumes","floor":11},{"not_picked":["Cloak And Dagger","Bane"],"picked":"Backflip","floor":12},{"not_picked":["Quick Slash","Tactician"],"picked":"Bouncing Flask","floor":13},{"not_picked":["Storm of Steel","Glass Knife"],"picked":"After Image","floor":16},{"not_picked":["Finisher","Riddle With Holes"],"picked":"PiercingWail+1","floor":18},{"not_picked":["Blade Dance","Tactician"],"picked":"Catalyst","floor":19},{"not_picked":["Dagger Throw","Riddle With Holes","Underhanded Strike"],"picked":"SKIP","floor":23},{"not_picked":["Blade Dance+1","PiercingWail"],"picked":"Dodge and Roll+1","floor":24}],"player_experience":616092,"relics_obtained":[{"floor":7,"key":"InkBottle"},{"floor":9,"key":"Centennial Puzzle"},{"floor":10,"key":"Whetstone"},{"floor":12,"key":"Orichalcum"},{"floor":21,"key":"Bottled Flame"},{"floor":23,"key":"Girya"}],"event_choices":[{"cards_removed":["Strike_G"],"damage_healed":0,"gold_gain":0,"player_choice":"Card Removal","damage_taken":7,"max_hp_gain":0,"max_hp_loss":0,"event_name":"Golden Wing","floor":5,"gold_loss":0},{"cards_removed":["Burst"],"damage_healed":55,"gold_gain":0,"player_choice":"Offered Rare","damage_taken":0,"max_hp_gain":10,"max_hp_loss":0,"event_name":"Bonfire Elementals","floor":14,"gold_loss":0},{"damage_healed":0,"gold_gain":0,"player_choice":"Shed Blood","damage_taken":22,"max_hp_gain":5,"max_hp_loss":0,"event_name":"Forgotten Altar","floor":22,"gold_loss":0}],"is_beta":false,"boss_relics":[{"not_picked":["Empty Cage","Runic Dome"],"picked":"Astrolabe"}],"items_purged_floors":[],"is_endless":false,"potions_floor_spawned":[1,4,7,12,13,18,19],"killed_by":"Slavers","ascension_level":9}}