{"host":"ne0yiqbtx1vmhgo0","time":1610198738,"event":{"mods":["BaseMod","Colored Map","Downfall","Marisa£®ÏF”Í°°ƒß¿Ì…≥£©","Minty Spire (QoL Compilation)","Replay The Spire","StSLib","The Bug Knight","The Construct","The Cursed","The Dragon Tamer","The Marked","The Runesmith","The Servant 0.9.4","UnlockEverythingMod"],"gold_per_floor":[99,99,99,99,99,111,111,169,231,156,182,32,32,32,96,196,196,121,182,46,94,194,194,194,194,194,194,194],"floor_reached":26,"playtime":2403,"items_purged":[],"score":202,"play_id":"0b093a53-e480-4d99-b084-c6b80796e34a","local_time":"20210109212538","is_ascension_mode":false,"campfire_choices":[{"floor":1,"key":"RECALL"},{"floor":10,"key":"REST"},{"data":"Panache","floor":13,"key":"SMITH"},{"data":"Guardian:Suspension","floor":18,"key":"SMITH"},{"data":"Magnetism","floor":25,"key":"SMITH"}],"circlet_count":0,"master_deck":["Guardian:Strike_Guardian","Guardian:Strike_Guardian","Guardian:Strike_Guardian","Guardian:Strike_Guardian","Guardian:Defend_Guardian","Guardian:Defend_Guardian","Guardian:Defend_Guardian","Guardian:CurlUp","Guardian:TwinSlam","Guardian:Suspension+1","Guardian:TimeBomb","Guardian:Reroute","Guardian:ExploitGems","Guardian:ChargeUp","Guardian:ExploitGems","Panache+1","Pain","Guardian:ExploitGems","Guardian:PiercingHide","Magnetism+1","Guardian:Harden","Guardian:GuardianWhirl"],"relics":["Guardian:ModeShifter","downfall:HeartsMalice","Ring of Fury","ReplayTheSpireMod:Ring of Collecting","ReplayTheSpireMod:Ring of Challenge","construct:BoolHorns","downfall:HeartBlessingRed","Singing Bowl","WarpedTongs","Centennial Puzzle","SlaversCollar","downfall:HeartBlessingGreen","Bag of Preparation","Guardian:SackOfGems","HollowMod:LifeEnderRelic","Ring of Fangs"],"acts_visited":["Exordium","TheCity"],"potions_floor_usage":[11,16,20,21,21,22],"damage_taken":[{"damage":0,"enemies":"Small Slimes","floor":2,"turns":1},{"damage":0,"enemies":"2 Louse","floor":4,"turns":1},{"damage":0,"enemies":"Cultist","floor":5,"turns":1},{"damage":13,"enemies":"2 Fungi Beasts","floor":6,"turns":3},{"damage":9,"enemies":"3 Louse","floor":8,"turns":4},{"damage":17,"enemies":"Exordium Wildlife","floor":9,"turns":6},{"damage":10,"enemies":"Lagavulin","floor":11,"turns":5},{"damage":0,"enemies":"downfall:FleeingMerchant","floor":12,"turns":4},{"damage":13,"enemies":"Gremlin Gang","floor":15,"turns":4},{"damage":22,"enemies":"downfall:Defect","floor":16,"turns":5},{"damage":18,"enemies":"Chosen","floor":19,"turns":4},{"damage":19,"enemies":"downfall:FleeingMerchant","floor":20,"turns":4},{"damage":21,"enemies":"Centurion and Healer","floor":21,"turns":3},{"damage":10,"enemies":"Colosseum Nobs","floor":22,"turns":4},{"damage":14,"enemies":"Snake Plant","floor":26,"turns":2}],"seed_played":"2781928002128751607","potions_obtained":[{"floor":8,"key":"EssenceOfSteel"},{"floor":9,"key":"Fire Potion"},{"floor":15,"key":"GamblersBrew"},{"floor":16,"key":"Explosive Potion"},{"floor":19,"key":"Block Potion"},{"floor":21,"key":"Languid Potion"}],"is_trial":false,"path_per_floor":["R_BF","M","?","M","M","M","T","M","M","R","E","$","R","?","M","B",null,"R","M","$","M","?","?","T","R","M"],"character_chosen":"GUARDIAN","items_purchased":["Panache","Magnetism"],"campfire_rested":1,"item_purchase_floors":[12,20],"current_hp_per_floor":[80,80,80,80,80,67,67,58,41,65,55,55,55,55,42,20,80,80,62,43,22,12,12,12,12,0,0,0],"gold":194,"neow_bonus":"THREE_ENEMY_KILL","is_daily":false,"chose_seed":false,"campfire_upgraded":3,"win_rate":0.0,"timestamp":1610198738,"path_taken":["R_BF","M","?","M","M","M","T","M","M","R","E","$","R","?","M","BOSS","R","M","$","?","?","?","T","R","?"],"items_purchased_type":["Card","Card"],"build_version":"2020-12-22","purchased_purges":0,"victory":false,"max_hp_per_floor":[80,80,80,80,80,80,80,80,80,80,80,80,80,80,80,80,80,80,80,80,80,80,80,80,80,80,80,80],"card_choices":[{"not_picked":["Guardian:Gem_Green","Guardian:VentSteam"],"picked":"Guardian:Suspension","floor":2},{"not_picked":["Guardian:ShieldSpikes","Guardian:PrimingBeam"],"picked":"Guardian:TimeBomb","floor":4},{"not_picked":["Guardian:Recover","Guardian:WalkerClaw"],"picked":"Guardian:Reroute","floor":5},{"not_picked":["Guardian:PrismaticBarrier","Guardian:Clone"],"picked":"Guardian:ExploitGems","floor":6},{"not_picked":["Guardian:TemporalShield","Guardian:MultiBeam"],"picked":"Guardian:ChargeUp","floor":8},{"not_picked":["Guardian:Gem_Crimson","Guardian:Suspension"],"picked":"Guardian:Gem_White","floor":9},{"not_picked":["Guardian:Gem_Fragmented","Guardian:Gem_Red"],"picked":"Guardian:Gem_Synthetic","floor":11},{"not_picked":["Guardian:Gem_Fragmented","Guardian:Planning"],"picked":"Guardian:ExploitGems","floor":12},{"not_picked":["Guardian:Gem_Green","Guardian:Gem_Lightblue"],"picked":"Guardian:Gem_Red","floor":15},{"not_picked":["Guardian:StasisStrike","Guardian:RevengeProtocol"],"picked":"Guardian:ExploitGems","floor":16},{"not_picked":["Guardian:Gem_Cyan","Guardian:Clone"],"picked":"Guardian:Gem_Fragmented","floor":19},{"not_picked":["Guardian:Recover","Guardian:Gem_Red"],"picked":"Guardian:PiercingHide","floor":20},{"not_picked":["Guardian:RefractedBeam","Guardian:Gem_Cyan"],"picked":"Guardian:Harden","floor":21},{"not_picked":["Guardian:ChargeCore+1","Guardian:TemporalStrike"],"picked":"Guardian:Gem_Blue","floor":22}],"player_experience":23902,"relics_obtained":[{"floor":3,"key":"Ring of Fury"},{"floor":3,"key":"ReplayTheSpireMod:Ring of Collecting"},{"floor":7,"key":"ReplayTheSpireMod:Ring of Challenge"},{"floor":7,"key":"construct:BoolHorns"},{"floor":11,"key":"Singing Bowl"},{"floor":15,"key":"Centennial Puzzle"},{"floor":21,"key":"Bag of Preparation"},{"floor":22,"key":"Guardian:SackOfGems"},{"floor":22,"key":"HollowMod:LifeEnderRelic"},{"floor":24,"key":"Ring of Fangs"}],"event_choices":[{"damage_healed":0,"gold_gain":0,"cards_transformed":["Guardian:Defend_Guardian"],"player_choice":"Transformed","damage_taken":0,"max_hp_gain":0,"max_hp_loss":0,"event_name":"Transmorgrifier","floor":23,"gold_loss":0,"cards_obtained":["Guardian:GuardianWhirl"]}],"is_beta":false,"boss_relics":[{"not_picked":["Velvet Choker","Snecko Eye"],"picked":"SlaversCollar"}],"items_purged_floors":[],"is_endless":false,"potions_floor_spawned":[8,9,15,16,19,21],"killed_by":"Snake Plant","ascension_level":0}}