{"host":"Ian","time":1610186473,"event":{"mods":["BaseMod","Bestiary","Block Reminder","Colored Map","Highlight Path","Key Reminder","Minty Spire (QoL Compilation)","Relic Stats"],"gold_per_floor":[118,118,43,54,70,100,100,175,223,250,250,250,263,281,281,355,355,375,375,99,79,97,115,145,145,145,145,162,193,207,19,19,19,19],"floor_reached":33,"playtime":1827,"items_purged":["Strike_R","Decay"],"score":590,"play_id":"bee26930-ecec-4ca1-9439-0fb05d7aef24","local_time":"20210109100113","is_ascension_mode":true,"campfire_choices":[{"floor":7.0,"key":"REST"},{"floor":11.0,"key":"REST"},{"data":"Shrug It Off","floor":15.0,"key":"SMITH"},{"data":"Barricade","floor":27.0,"key":"SMITH"},{"data":"Armaments","floor":32.0,"key":"SMITH"}],"circlet_count":0,"master_deck":["AscendersBane","Strike_R","Strike_R","Strike_R","Defend_R","Defend_R","Defend_R","Defend_R","Bash+1","Cleave","Iron Wave","Shrug It Off+1","Spot Weakness","Ghostly Armor","Clothesline","Barricade+1","Pummel+1","Fire Breathing","Power Through","Rampage","Shrug It Off+1","Pommel Strike","Thunderclap","Armaments+1"],"relics":["Burning Blood","Vajra","keyreminder:keyreminder","Potion Belt","Gambling Chip","Mark of Pain","Meat on the Bone","Paper Frog","Ancient Tea Set","Lee\u0027s Waffle"],"acts_visited":["Exordium","TheCity"],"potions_floor_usage":[],"damage_taken":[{"damage":15.0,"enemies":"Small Slimes","floor":1.0,"turns":4.0},{"damage":9.0,"enemies":"2 Louse","floor":4.0,"turns":2.0},{"damage":9.0,"enemies":"Jaw Worm","floor":5.0,"turns":4.0},{"damage":28.0,"enemies":"3 Sentries","floor":6.0,"turns":11.0},{"damage":39.0,"enemies":"Lagavulin","floor":10.0,"turns":6.0},{"damage":0.0,"enemies":"Red Slaver","floor":13.0,"turns":4.0},{"damage":0.0,"enemies":"Exordium Wildlife","floor":14.0,"turns":3.0},{"damage":35.0,"enemies":"The Guardian","floor":16.0,"turns":14.0},{"damage":20.0,"enemies":"Spheric Guardian","floor":18.0,"turns":7.0},{"damage":8.0,"enemies":"Chosen","floor":22.0,"turns":5.0},{"damage":5.0,"enemies":"Shelled Parasite and Fungi","floor":23.0,"turns":6.0},{"damage":21.0,"enemies":"Slavers","floor":24.0,"turns":5.0},{"damage":33.0,"enemies":"Cultist and Chosen","floor":28.0,"turns":5.0},{"damage":18.0,"enemies":"Gremlin Leader","floor":29.0,"turns":8.0},{"damage":34.0,"enemies":"3 Cultists","floor":30.0,"turns":7.0},{"damage":82,"enemies":"Automaton","floor":33,"turns":8}],"seed_played":"-2505745221753480603","potions_obtained":[{"floor":4.0,"key":"BlessingOfTheForge"},{"floor":6.0,"key":"LiquidBronze"},{"floor":14.0,"key":"EntropicBrew"},{"floor":21.0,"key":"HeartOfIron"},{"floor":22.0,"key":"BloodPotion"},{"floor":29.0,"key":"GamblersBrew"},{"floor":30.0,"key":"SmokeBomb"}],"is_trial":false,"path_per_floor":["M","?","$","M","M","E","R","?","T","E","R","?","M","M","R","B",null,"M","?","$","?","M","M","E","?","T","R","M","E","M","$","R","B"],"character_chosen":"IRONCLAD","items_purchased":["Fire Breathing","Power Through","BloodPotion","Lee\u0027s Waffle","Armaments"],"campfire_rested":2,"item_purchase_floors":[20,20,20,31,31],"current_hp_per_floor":[59,59,59,56,53,31,53,42,42,9,31,24,30,36,36,7,58,44,44,44,44,57,58,58,52,52,52,37,37,21,82,82,0,0],"gold":19,"neow_bonus":"UPGRADE_CARD","is_daily":false,"chose_seed":false,"campfire_upgraded":3,"win_rate":0.0,"timestamp":1610186473,"path_taken":["M","?","$","M","M","E","R","?","T","E","R","?","M","M","R","BOSS","M","?","$","?","?","M","E","?","T","R","?","E","M","?","R","BOSS"],"items_purchased_type":["Card","Card","Potion","Relic","Card"],"build_version":"2020-12-18","purchased_purges":2,"victory":false,"max_hp_per_floor":[75,75,75,75,75,75,75,75,75,75,75,75,75,75,75,75,75,75,75,75,75,75,75,75,75,75,75,75,75,75,82,82,82,82],"relic_stats":{"Lee\u0027s Waffle":61,"counters":[16,99],"Gambling Chip":[36],"obtain_stats":[{"keyreminder:keyreminder":6,"Potion Belt":9,"Lee\u0027s Waffle":31,"Gambling Chip":10,"Vajra":6,"Mark of Pain":17,"Ancient Tea Set":29,"Burning Blood":0,"Meat on the Bone":24,"Paper Frog":26},{"keyreminder:keyreminder":4,"Potion Belt":4,"Lee\u0027s Waffle":15,"Gambling Chip":5,"Vajra":4,"Mark of Pain":8,"Ancient Tea Set":14,"Burning Blood":0,"Meat on the Bone":12,"Paper Frog":12},{"keyreminder:keyreminder":21,"Potion Belt":21,"Lee\u0027s Waffle":91,"Gambling Chip":27,"Vajra":21,"Mark of Pain":48,"Ancient Tea Set":84,"Burning Blood":0,"Meat on the Bone":71,"Paper Frog":71}],"Burning Blood":90,"Meat on the Bone":36},"card_choices":[{"not_picked":["Shrug It Off","Body Slam"],"picked":"Cleave","floor":1.0},{"not_picked":["Perfected Strike","Reckless Charge"],"picked":"Iron Wave","floor":4.0},{"not_picked":["Body Slam","Clash"],"picked":"Shrug It Off","floor":5.0},{"not_picked":["Pommel Strike","Warcry"],"picked":"Spot Weakness","floor":6.0},{"not_picked":["Flex","Intimidate"],"picked":"Ghostly Armor","floor":10.0},{"not_picked":["Infernal Blade","Havoc"],"picked":"Clothesline","floor":13.0},{"not_picked":["Warcry","Hemokinesis","Dark Embrace"],"picked":"SKIP","floor":14.0},{"not_picked":["Brutality","Demon Form"],"picked":"Barricade","floor":16.0},{"not_picked":["Spot Weakness","Clothesline"],"picked":"Pummel+1","floor":18.0},{"not_picked":["Clothesline","Headbutt","Wild Strike"],"picked":"SKIP","floor":22.0},{"not_picked":["Shrug It Off","Cleave"],"picked":"Rampage","floor":23.0},{"not_picked":["Shockwave","Clothesline","Heavy Blade"],"picked":"SKIP","floor":24.0},{"not_picked":["Cleave","Headbutt"],"picked":"Shrug It Off+1","floor":28.0},{"not_picked":["Bludgeon","Perfected Strike"],"picked":"Pommel Strike","floor":29.0},{"not_picked":["Rampage","True Grit"],"picked":"Thunderclap","floor":30.0}],"player_experience":2653623,"relics_obtained":[{"floor":6.0,"key":"Vajra"},{"floor":9.0,"key":"Potion Belt"},{"floor":10.0,"key":"Gambling Chip"},{"floor":24.0,"key":"Meat on the Bone"},{"floor":26.0,"key":"Paper Frog"},{"floor":29.0,"key":"Ancient Tea Set"}],"event_choices":[{"damage_healed":0.0,"max_hp_gain":0.0,"max_hp_loss":0.0,"gold_gain":0.0,"event_name":"Liars Game","player_choice":"Ignored","floor":2.0,"gold_loss":0.0,"damage_taken":0.0},{"damage_healed":0.0,"max_hp_gain":0.0,"max_hp_loss":0.0,"gold_gain":75.0,"event_name":"World of Goop","player_choice":"Gather Gold","floor":8.0,"gold_loss":0.0,"damage_taken":11.0},{"cards_removed":["Strike_R"],"damage_healed":0.0,"max_hp_gain":0.0,"max_hp_loss":0.0,"gold_gain":0.0,"event_name":"Golden Wing","player_choice":"Card Removal","floor":12.0,"gold_loss":0.0,"damage_taken":7.0},{"damage_healed":0.0,"max_hp_gain":0.0,"max_hp_loss":0.0,"gold_gain":0.0,"event_name":"Forgotten Altar","player_choice":"Smashed Altar","floor":19.0,"gold_loss":0.0,"damage_taken":0.0,"cards_obtained":["Decay"]},{"damage_healed":0.0,"max_hp_gain":0.0,"max_hp_loss":0.0,"gold_gain":0.0,"event_name":"The Woman in Blue","player_choice":"Bought 1 Potion","floor":21.0,"gold_loss":0.0,"damage_taken":0.0},{"damage_healed":0.0,"max_hp_gain":0.0,"max_hp_loss":0.0,"gold_gain":0.0,"event_name":"Knowing Skull","player_choice":"","floor":25.0,"potions_obtained":[],"gold_loss":0.0,"damage_taken":6.0,"cards_obtained":[]}],"is_beta":true,"boss_relics":[{"not_picked":["Pandora\u0027s Box","Fusion Hammer"],"picked":"Mark of Pain"}],"items_purged_floors":[3,20],"is_endless":false,"potions_floor_spawned":[4,6,14,22,29,30],"killed_by":"Automaton","ascension_level":20}}