{"host":"ga4s3hj9m6nkn6gp","time":1610197747,"event":{"mods":["AchievementEnabler","BaseMod","Bestiary","Colored Powertips","Highlight Path","Minty Spire (QoL Compilation)","Relic Stats","everything is the same but u backflip on backflip"],"gold_per_floor":[112,112,112,112,130,168,168,206,242,254,280,292,348,380,392,495,507,539,571,583,622,584,596,631,676,712,724,759,456,506,545,545,545,545],"floor_reached":33,"playtime":1776,"items_purged":["Strike_G"],"score":652,"play_id":"7b71506a-9ef7-4c26-85f8-160ab6629254","local_time":"20210109140907","is_ascension_mode":true,"campfire_choices":[{"data":"Bouncing Flask","floor":7,"key":"SMITH"},{"data":"Bane","floor":15,"key":"SMITH"},{"data":"Burst","floor":23,"key":"SMITH"},{"data":"Dodge and Roll","floor":27,"key":"SMITH"},{"floor":32,"key":"REST"}],"circlet_count":0,"master_deck":["AscendersBane","Strike_G","Strike_G","Strike_G","Defend_G","Defend_G","Defend_G","Defend_G","Defend_G+1","Survivor","Neutralize","Bouncing Flask+1","Bane+1","Backstab","All Out Attack","Dodge and Roll+1","Adrenaline","Burst+1","CurseOfTheBell","Blade Dance","Well Laid Plans+1","Footwork+1","Leg Sweep+1","Footwork+1","Venomology"],"relics":["Ring of the Snake","NeowsBlessing","MealTicket","Golden Idol","Calipers","MawBank","Oddly Smooth Stone","Frozen Egg 2","Calling Bell","Akabeko","Letter Opener","Lizard Tail","Snake Skull","Gremlin Horn","War Paint","Bag of Marbles","Potion Belt"],"acts_visited":["Exordium","TheCity"],"potions_floor_usage":[13,14,25],"damage_taken":[{"damage":0,"enemies":"2 Louse","floor":1,"turns":1},{"damage":0,"enemies":"Jaw Worm","floor":5,"turns":1},{"damage":0,"enemies":"Gremlin Nob","floor":6,"turns":1},{"damage":22,"enemies":"Lagavulin","floor":8,"turns":7},{"damage":0,"enemies":"Small Slimes","floor":11,"turns":2},{"damage":3,"enemies":"Gremlin Nob","floor":13,"turns":3},{"damage":6,"enemies":"Exordium Wildlife","floor":14,"turns":3},{"damage":11,"enemies":"Hexaghost","floor":16,"turns":9},{"damage":18,"enemies":"Chosen","floor":18,"turns":4},{"damage":0,"enemies":"Spheric Guardian","floor":19,"turns":2},{"damage":6,"enemies":"Cultist and Chosen","floor":24,"turns":5},{"damage":3,"enemies":"Gremlin Leader","floor":25,"turns":7},{"damage":3,"enemies":"Snake Plant","floor":28,"turns":3},{"damage":20,"enemies":"Book of Stabbing","floor":31,"turns":4},{"damage":110,"enemies":"Champ","floor":33,"turns":16}],"seed_played":"-1124414260341310567","potions_obtained":[{"floor":8,"key":"SkillPotion"},{"floor":11,"key":"FairyPotion"},{"floor":13,"key":"Explosive Potion"},{"floor":18,"key":"Regen Potion"},{"floor":19,"key":"PowerPotion"},{"floor":25,"key":"LiquidBronze"}],"is_trial":false,"path_per_floor":["M","?","?","?","M","E","R","E","T","$","M","$","E","M","R","B",null,"M","M","?","T","?","R","M","E","T","R","M","$","?","E","R","B"],"character_chosen":"THE_SILENT","items_purchased":["Bag of Marbles","Footwork+1"],"campfire_rested":1,"item_purchase_floors":[29,29],"current_hp_per_floor":[59,54,31,24,24,24,24,2,2,17,17,32,29,23,23,12,53,35,35,35,35,35,35,29,26,26,26,23,38,38,18,37,0,0],"gold":545,"neow_bonus":"THREE_ENEMY_KILL","is_daily":false,"chose_seed":false,"campfire_upgraded":4,"win_rate":0.0,"timestamp":1610197747,"path_taken":["M","?","?","?","M","E","R","E","T","$","?","?","E","M","R","BOSS","M","M","?","?","?","R","M","E","T","R","?","$","?","E","R","BOSS"],"items_purchased_type":["Relic","Card"],"build_version":"2020-12-22","purchased_purges":1,"victory":false,"max_hp_per_floor":[66,66,66,66,66,66,66,66,66,66,66,66,66,66,66,66,66,66,66,66,66,66,66,66,66,66,66,66,66,66,66,66,66,66],"relic_stats":{"Lizard Tail":33,"Gremlin Horn":[0,0],"counters":[15,68],"Golden Idol":87,"MealTicket":45,"Snake Skull":[48],"Letter Opener":[65],"War Paint":["Defend_G","Leg Sweep"],"MawBank":252,"obtain_stats":[{"Potion Belt":31,"Calipers":6,"NeowsBlessing":0,"Gremlin Horn":25,"Golden Idol":3,"Oddly Smooth Stone":9,"Snake Skull":21,"Letter Opener":17,"Frozen Egg 2":13,"War Paint":26,"MawBank":8,"Akabeko":17,"Calling Bell":17,"Lizard Tail":17,"MealTicket":2,"Bag of Marbles":29,"Ring of the Snake":0},{"Potion Belt":14,"Calipers":3,"NeowsBlessing":0,"Gremlin Horn":12,"Golden Idol":1,"Oddly Smooth Stone":4,"Snake Skull":10,"Letter Opener":8,"Frozen Egg 2":6,"War Paint":12,"MawBank":4,"Akabeko":8,"Calling Bell":8,"Lizard Tail":8,"MealTicket":1,"Bag of Marbles":13,"Ring of the Snake":0},{"Potion Belt":52,"Calipers":3,"NeowsBlessing":0,"Gremlin Horn":45,"Golden Idol":1,"Oddly Smooth Stone":10,"Snake Skull":33,"Letter Opener":27,"Frozen Egg 2":15,"War Paint":45,"MawBank":10,"Akabeko":27,"Calling Bell":27,"Lizard Tail":27,"MealTicket":1,"Bag of Marbles":48,"Ring of the Snake":0}],"Ring of the Snake":[30]},"card_choices":[{"not_picked":["Dodge and Roll","Acrobatics"],"picked":"Bouncing Flask","floor":1},{"not_picked":["PiercingWail","Calculated Gamble"],"picked":"Bane","floor":5},{"not_picked":["Quick Slash","Expertise"],"picked":"Backstab","floor":6},{"not_picked":["Dagger Spray","Bouncing Flask"],"picked":"All Out Attack","floor":8},{"not_picked":["Poisoned Stab","Acrobatics"],"picked":"Dodge and Roll","floor":11},{"not_picked":["Deadly Poison","Prepared","Calculated Gamble"],"picked":"SKIP","floor":13},{"not_picked":["Cloak And Dagger","Deadly Poison"],"picked":"Adrenaline","floor":14},{"not_picked":["Malaise","After Image+1"],"picked":"Burst","floor":16},{"not_picked":["Slice","Dagger Throw"],"picked":"Blade Dance","floor":18},{"not_picked":["Flechettes","Deflect"],"picked":"Well Laid Plans+1","floor":19},{"not_picked":["Deadly Poison","Dagger Spray","Well Laid Plans+1"],"picked":"SKIP","floor":24},{"not_picked":["Backflip","Well Laid Plans+1"],"picked":"Leg Sweep","floor":25},{"not_picked":["Endless Agony","Bane","Dagger Throw"],"picked":"SKIP","floor":28},{"not_picked":["Endless Agony","Sucker Punch"],"picked":"Venomology","floor":31}],"player_experience":600112,"relics_obtained":[{"floor":6,"key":"Calipers"},{"floor":8,"key":"MawBank"},{"floor":9,"key":"Oddly Smooth Stone"},{"floor":13,"key":"Frozen Egg 2"},{"floor":17,"key":"Akabeko"},{"floor":17,"key":"Letter Opener"},{"floor":17,"key":"Lizard Tail"},{"floor":21,"key":"Snake Skull"},{"floor":25,"key":"Gremlin Horn"},{"floor":26,"key":"War Paint"},{"floor":31,"key":"Potion Belt"}],"event_choices":[{"damage_healed":0,"gold_gain":0,"player_choice":"Success","damage_taken":5,"relics_obtained":["MealTicket"],"max_hp_gain":0,"max_hp_loss":0,"event_name":"Scrap Ooze","floor":2,"gold_loss":0},{"damage_healed":0,"gold_gain":0,"player_choice":"Take Damage","damage_taken":23,"relics_obtained":["Golden Idol"],"max_hp_gain":0,"max_hp_loss":0,"event_name":"Golden Idol","floor":3,"gold_loss":0},{"cards_removed":["Strike_G"],"damage_healed":0,"gold_gain":0,"player_choice":"Card Removal","damage_taken":7,"max_hp_gain":0,"max_hp_loss":0,"event_name":"Golden Wing","floor":4,"gold_loss":0},{"damage_healed":0,"gold_gain":0,"player_choice":"Read","damage_taken":0,"max_hp_gain":0,"max_hp_loss":0,"event_name":"The Library","floor":20,"gold_loss":0,"cards_obtained":["Footwork"]},{"damage_healed":0,"gold_gain":0,"player_choice":"Bet on Murderer","damage_taken":0,"max_hp_gain":0,"max_hp_loss":0,"event_name":"The Joust","floor":22,"gold_loss":50},{"damage_healed":0,"gold_gain":50,"player_choice":"Stole From Cult","damage_taken":0,"max_hp_gain":0,"max_hp_loss":0,"event_name":"Nest","floor":30,"gold_loss":0}],"is_beta":false,"boss_relics":[{"not_picked":["Runic Dome","Empty Cage"],"picked":"Calling Bell"}],"items_purged_floors":[29],"is_endless":false,"potions_floor_spawned":[8,11,13,18,19,25],"killed_by":"Champ","ascension_level":20}}