{"host":"2c1pg2m9wpz3w4c0","time":1610226506,"event":{"mods":["AchievementEnabler","Act Like it!","Aspiration","BaseMod","Better Note","BetterRewards","Curses Come First","Disable Question Mark Monsters","Halation","Hubris","Infinite Spire","Lotus Mark","Marisa????????","Minty Spire (QoL Compilation)","Replay The Spire","StSLib","SuperFastMode","The Clintock","The Jungle","The Marked","The Runesmith","Transform Curses"],"gold_per_floor":[118,136,136,136,151,151,162,192,192,192,211,41,54,54,54,158,158,175,175,175,188,188,188,188,188],"floor_reached":24,"playtime":699,"items_purged":[],"score":296,"play_id":"6726f163-d252-42c7-a48f-8c5ae066b969","local_time":"20210109140826","is_ascension_mode":false,"campfire_choices":[{"data":"infinitespire:OneForAll","floor":6,"key":"SMITH"},{"floor":10,"key":"REST"},{"data":"Inflame","floor":15,"key":"SMITH"},{"data":"Demon Form","floor":23,"key":"SMITH"}],"circlet_count":0,"master_deck":["Strike_R","Strike_R","Strike_R","Defend_R","Defend_R","Defend_R","Defend_R","Bash","Finesse","Cleave","Armaments","Pommel Strike","Combust+1","Footwork+1","infinitespire:OneForAll+1","ReplayReversal","Heavy Blade","Pommel Strike","Inflame+1","Jack Of All Trades","Metallicize","Demon Form+1","Evolve","Body Slam","Replay:Undeath\u0027s Touch"],"relics":["Black Blood","Replay:Wax Seal","Replay:PocketPolymizer","halation:PromiseList","Blue Doll","halation:EternalFortune"],"acts_visited":["Exordium","theJungle:Jungle"],"potions_floor_usage":[8,11,24],"damage_taken":[{"damage":1,"enemies":"Cultist","floor":1,"turns":4},{"damage":0,"enemies":"2 Louse","floor":2,"turns":2},{"damage":3,"enemies":"Jaw Worm","floor":5,"turns":3},{"damage":30,"enemies":"Gremlin Gang","floor":7,"turns":5},{"damage":14,"enemies":"Lagavulin","floor":8,"turns":6},{"damage":2,"enemies":"Large Slime","floor":11,"turns":5},{"damage":4,"enemies":"2 Fungi Beasts","floor":13,"turns":4},{"damage":70,"enemies":"Hexaghost","floor":16,"turns":13},{"damage":25,"enemies":"theJungle:GiantWrat","floor":18,"turns":5},{"damage":19,"enemies":"Shell Parasite","floor":21,"turns":7},{"damage":100,"enemies":"Nightmare","floor":24,"turns":5}],"seed_played":"7243568914275538938","potions_obtained":[{"floor":1,"key":"Ancient Potion"},{"floor":2,"key":"DistilledChaos"},{"floor":8,"key":"Regen Potion"}],"is_trial":false,"path_per_floor":["M","M","?","?","M","R","M","E","T","R","M","$","M","?","R","B",null,"M","?","?","M","?","R","NM"],"character_chosen":"IRONCLAD","items_purchased":["Replay:Wax Seal","Finesse","Cleave","Inflame","Jack Of All Trades"],"campfire_rested":1,"item_purchase_floors":[0,0,0,12,12],"current_hp_per_floor":[61,67,67,67,70,70,46,38,38,62,80,80,80,80,80,16,80,67,78,78,71,74,74,0,0],"gold":188,"neow_bonus":"","is_daily":false,"chose_seed":false,"campfire_upgraded":3,"win_rate":0.0,"timestamp":1610226506,"path_taken":["M","?","?","?","M","R","?","E","T","R","M","$","M","?","R","BOSS","M","?","?","M","?","R","NM"],"items_purchased_type":["Relic","Card","Card","Card","Card"],"build_version":"2020-12-22","purchased_purges":0,"victory":false,"max_hp_per_floor":[80,80,80,80,80,80,80,80,80,80,80,80,80,80,80,80,80,80,80,80,80,83,83,83,83],"card_choices":[{"not_picked":["Twin Strike","Iron Wave"],"picked":"Armaments","floor":1},{"not_picked":["ReplayTheSpireMod:LeadingStrike","Feel No Pain"],"picked":"Pommel Strike","floor":2},{"not_picked":["Perfected Strike","Cleave"],"picked":"infinitespire:OneForAll","floor":5},{"not_picked":["Power Through","Wild Strike"],"picked":"ReplayReversal","floor":7},{"not_picked":["Havoc","ReplayTheSpireMod:Strike From Hell"],"picked":"Heavy Blade","floor":8},{"not_picked":["Sword Boomerang","Clash"],"picked":"Pommel Strike","floor":11},{"not_picked":["Iron Wave","Dropkick"],"picked":"Metallicize","floor":13},{"not_picked":["Fiend Fire","Brutality"],"picked":"Demon Form","floor":16},{"not_picked":["Run Through","Dark Embrace"],"picked":"Evolve","floor":18},{"not_picked":["Rupture","ReplayTheSpireMod:Strike From Hell"],"picked":"Body Slam","floor":21}],"player_experience":1154721,"relics_obtained":[{"floor":8,"key":"halation:PromiseList"},{"floor":9,"key":"Blue Doll"}],"event_choices":[{"cards_removed":["Finesse"],"damage_healed":0,"gold_gain":0,"player_choice":"Take \u0026 Give","damage_taken":0,"max_hp_gain":0,"max_hp_loss":0,"event_name":"betterNote:BetterNote","floor":4,"gold_loss":0,"cards_obtained":["Footwork"]},{"damage_healed":0,"gold_gain":0,"player_choice":"Leave","damage_taken":0,"max_hp_gain":0,"max_hp_loss":0,"event_name":"The Cleric","floor":14,"gold_loss":0}],"is_beta":false,"boss_relics":[{"not_picked":["aspiration:PoetsPen_weak","Electric Blood"],"picked":"Black Blood"}],"items_purged_floors":[],"is_endless":false,"potions_floor_spawned":[1,2,8],"killed_by":"Nightmare","ascension_level":0}}