{"host":"sav7uxregyirlf69","time":1610196092,"event":{"mods":["AchievementEnabler","BaseMod","Colored Map","DeckTracker","Keyboard Shortcuts","Minty Spire (QoL Compilation)","READ ME - Guardian Mod","StSLib","SuperFastMode"],"gold_per_floor":[110,123,11,31,31,31,63,81,81,81,101,101,135,155,155,155,155],"floor_reached":16,"playtime":268,"items_purged":["Strike_G"],"score":224,"play_id":"1535c065-08f8-4f2c-b516-7ccbc4906366","local_time":"20210109214132","is_ascension_mode":true,"campfire_choices":[{"data":"Phantasmal Killer","floor":6,"key":"SMITH"},{"floor":10,"key":"REST"},{"data":"Blade Dance","floor":12,"key":"SMITH"},{"data":"Neutralize","floor":15,"key":"SMITH"}],"circlet_count":0,"master_deck":["AscendersBane","Strike_G","Strike_G","Strike_G","Strike_G","Defend_G","Defend_G","Defend_G","Defend_G","Defend_G","Survivor","Neutralize+1","Phantasmal Killer+1","Blade Dance+1","Dash","Calculated Gamble","Finisher"],"relics":["Ring of the Snake","Pen Nib","Incense Burner","Pear","Question Card"],"acts_visited":["Exordium"],"potions_floor_usage":[7,16,16],"damage_taken":[{"damage":0,"enemies":"Cultist","floor":1,"turns":4},{"damage":4,"enemies":"Jaw Worm","floor":2,"turns":2},{"damage":0,"enemies":"2 Louse","floor":4,"turns":2},{"damage":15,"enemies":"Lagavulin","floor":7,"turns":5},{"damage":4,"enemies":"Red Slaver","floor":8,"turns":3},{"damage":0,"enemies":"Blue Slaver","floor":11,"turns":3},{"damage":12,"enemies":"3 Sentries","floor":13,"turns":6},{"damage":0,"enemies":"Exordium Thugs","floor":14,"turns":3},{"damage":30,"enemies":"The Guardian","floor":16,"turns":10}],"seed_played":"4069948121689372093","potions_obtained":[{"floor":1,"key":"Weak Potion"},{"floor":2,"key":"Strength Potion"},{"floor":13,"key":"Energy Potion"}],"is_trial":false,"path_per_floor":["M","M","$","M","?","R","E","M","T","R","M","R","E","M","R","B"],"character_chosen":"THE_SILENT","items_purchased":["Dash"],"campfire_rested":1,"item_purchase_floors":[3],"current_hp_per_floor":[59,55,55,55,29,29,14,10,20,41,41,41,29,29,29,0,0],"gold":155,"neow_bonus":"THREE_RARE_CARDS","is_daily":false,"chose_seed":false,"campfire_upgraded":3,"win_rate":0.0,"timestamp":1610196092,"path_taken":["M","?","?","M","?","R","E","M","T","R","M","R","E","?","R","BOSS"],"items_purchased_type":["Card"],"build_version":"2020-12-22","purchased_purges":1,"victory":false,"max_hp_per_floor":[60,60,60,60,60,60,60,60,70,70,70,70,70,70,70,70,70],"card_choices":[{"not_picked":["Venomology","Night Terror"],"picked":"Phantasmal Killer","floor":0},{"not_picked":["Finisher","Acrobatics","Setup"],"picked":"SKIP","floor":1},{"not_picked":["Escape Plan","Prepared"],"picked":"Blade Dance","floor":2},{"not_picked":["Leg Sweep","Eviscerate","Bane"],"picked":"SKIP","floor":4},{"not_picked":["Cloak And Dagger","Dash","Quick Slash"],"picked":"SKIP","floor":7},{"not_picked":["Flying Knee","Blade Dance"],"picked":"Calculated Gamble","floor":8},{"not_picked":["Acrobatics","Eviscerate"],"picked":"Finisher","floor":11},{"not_picked":["Bouncing Flask","Expertise","Deflect"],"picked":"SKIP","floor":13},{"not_picked":["All Out Attack","Wraith Form v2","Choke","Dash"],"picked":"SKIP","floor":14}],"player_experience":1212992,"relics_obtained":[{"floor":7,"key":"Incense Burner"},{"floor":9,"key":"Pear"},{"floor":13,"key":"Question Card"}],"event_choices":[{"damage_healed":0,"gold_gain":0,"player_choice":"Success","damage_taken":26,"relics_obtained":["Pen Nib"],"max_hp_gain":0,"max_hp_loss":0,"event_name":"Scrap Ooze","floor":5,"gold_loss":0}],"is_beta":false,"boss_relics":[],"items_purged_floors":[3],"is_endless":false,"potions_floor_spawned":[1,2,13,14],"killed_by":"The Guardian","ascension_level":20}}