{"host":"6pgtslebjnyv5xmi","time":1610204883,"event":{"mods":["AchievementEnabler","BaseMod","Colored Map","Minty Spire (QoL Compilation)","Rare Cards Sparkle","StSLib","SuperFastMode","The Hierophant","everything is the same but u backflip on backflip"],"gold_per_floor":[117,117,135,135,153,153,171,171,171,184,184,184,200,219,219,315,315,328,69,69,86,86,86,86],"floor_reached":23,"playtime":1005,"items_purged":[],"score":245,"play_id":"32821919-e7d4-4e8d-9910-7cf77d1332c7","local_time":"20210110000803","is_ascension_mode":true,"campfire_choices":[{"data":"Eruption","floor":6,"key":"SMITH"},{"data":"Scrawl","floor":8,"key":"SMITH"},{"data":"ClearTheMind","floor":12,"key":"SMITH"},{"data":"Ragnarok","floor":15,"key":"SMITH"}],"circlet_count":0,"master_deck":["Strike_P","Strike_P","Strike_P","Defend_P","Defend_P","Defend_P","Defend_P","Eruption+1","Vigilance","Scrawl+1","EmptyFist","TalkToTheHand","ClearTheMind+1","EmptyFist","Ragnarok+1","Ragnarok","Eruption+1"],"relics":["PureWater","Kunai","Runic Pyramid","Shuriken"],"acts_visited":["Exordium","TheCity"],"potions_floor_usage":[16,16,23],"damage_taken":[{"damage":0,"enemies":"Small Slimes","floor":1,"turns":3},{"damage":1,"enemies":"Jaw Worm","floor":3,"turns":3},{"damage":0,"enemies":"Cultist","floor":5,"turns":4},{"damage":9,"enemies":"2 Fungi Beasts","floor":7,"turns":3},{"damage":0,"enemies":"Blue Slaver","floor":10,"turns":1},{"damage":4,"enemies":"Exordium Thugs","floor":13,"turns":4},{"damage":0,"enemies":"3 Louse","floor":14,"turns":1},{"damage":0,"enemies":"Slime Boss","floor":16,"turns":2},{"damage":5,"enemies":"Shell Parasite","floor":18,"turns":3},{"damage":25,"enemies":"3 Byrds","floor":21,"turns":5},{"damage":38,"enemies":"Slavers","floor":23,"turns":2}],"seed_played":"-4060934094683531132","potions_obtained":[{"floor":1,"key":"Regen Potion"},{"floor":7,"key":"BlessingOfTheForge"},{"floor":10,"key":"SteroidPotion"}],"is_trial":false,"path_per_floor":["M","?","M","$","M","R","M","R","T","M","?","R","M","M","R","B",null,"M","$","?","M","?","E"],"character_chosen":"WATCHER","items_purchased":["Shuriken"],"campfire_rested":0,"item_purchase_floors":[19],"current_hp_per_floor":[72,65,64,64,64,64,55,55,55,55,72,72,68,68,68,68,72,67,67,67,42,29,0,0],"gold":86,"neow_bonus":"ONE_RANDOM_RARE_CARD","is_daily":false,"chose_seed":false,"campfire_upgraded":4,"win_rate":0.0,"timestamp":1610204883,"path_taken":["M","?","M","$","M","R","M","R","T","M","?","R","M","M","R","BOSS","M","$","?","?","?","E"],"items_purchased_type":["Relic"],"build_version":"2020-12-22","purchased_purges":0,"victory":false,"max_hp_per_floor":[72,72,72,72,72,72,72,72,72,72,72,72,72,72,72,72,72,72,72,72,72,77,77,77],"card_choices":[{"not_picked":["Nirvana","Crescendo"],"picked":"EmptyFist","floor":1},{"not_picked":["Halt","FlyingSleeves"],"picked":"TalkToTheHand","floor":3},{"not_picked":["JustLucky","FollowUp"],"picked":"ClearTheMind","floor":5},{"not_picked":["Evaluate","LikeWater","Prostrate"],"picked":"SKIP","floor":7},{"not_picked":["Pray","Weave"],"picked":"EmptyFist","floor":10},{"not_picked":["Fasting2","FollowUp"],"picked":"Ragnarok","floor":13},{"not_picked":["CutThroughFate","PathToVictory","ForeignInfluence"],"picked":"SKIP","floor":14},{"not_picked":["Judgement","MasterReality"],"picked":"Ragnarok","floor":16},{"not_picked":["JustLucky","FlyingSleeves","ClearTheMind"],"picked":"SKIP","floor":18},{"not_picked":["ThirdEye","Protect","Sanctity+1"],"picked":"SKIP","floor":21}],"player_experience":928771,"relics_obtained":[{"floor":9,"key":"Kunai"}],"event_choices":[{"cards_removed":["Strike_P"],"damage_healed":0,"gold_gain":0,"player_choice":"Card Removal","damage_taken":7,"max_hp_gain":0,"max_hp_loss":0,"event_name":"Golden Wing","floor":2,"gold_loss":0},{"damage_healed":24,"gold_gain":0,"player_choice":"Banana","damage_taken":0,"max_hp_gain":0,"max_hp_loss":0,"event_name":"Big Fish","floor":11,"gold_loss":0},{"damage_healed":0,"gold_gain":0,"player_choice":"Copied","damage_taken":0,"max_hp_gain":0,"max_hp_loss":0,"event_name":"Duplicator","floor":20,"gold_loss":0,"cards_obtained":["Eruption"]},{"damage_healed":0,"gold_gain":0,"player_choice":"Shed Blood","damage_taken":18,"max_hp_gain":5,"max_hp_loss":0,"event_name":"Forgotten Altar","floor":22,"gold_loss":0}],"is_beta":false,"boss_relics":[{"not_picked":["Snecko Eye","Busted Crown"],"picked":"Runic Pyramid"}],"items_purged_floors":[],"is_endless":false,"potions_floor_spawned":[1,7,10,14],"killed_by":"Slavers","ascension_level":1}}