{"host":"egwexuw5uvnxf11j","time":1610159699,"event":{"mods":["2.2 Compatiblity","Aspiration","BaseMod","Better Altar","Better Note","Better Sensory Stone","Better Third Choice","Displayed Cursed Tome","Downfall","Hermit","Key Reminder","Koishi","Marisa????????","Minty Spire (QoL Compilation)","Quick Restart","Shade Mod","Spicy Shops","StSLib","The Construct","The Cursed","The Hierophant","The Runesmith","The Senshi","The Servant 0.9.4","Transform Curses"],"gold_per_floor":[119,119,294,294,313,343,343,355,355,372,333,358,374,393,393,496,496,509,55,55,55,55,86,86,86,86],"floor_reached":25,"playtime":887,"items_purged":["Doubt"],"score":292,"play_id":"bb82dff9-90aa-45a6-8067-4a8c91596429","local_time":"20210108213459","is_ascension_mode":true,"campfire_choices":[{"data":"Defragment","floor":7,"key":"SMITH"},{"floor":15,"key":"REST"}],"circlet_count":0,"master_deck":["Strike_B","Strike_B","Strike_B","Strike_B+1","Defend_B","Defend_B","Defend_B","Defend_B","Zap","Dualcast","Sweeping Beam","Beam Cell","Defragment+1","Beam Cell","Ball Lightning","Go for the Eyes","Steam","Go for the Eyes+1","Echo Form","Glacier+1","Loop","Darkness","Writhe","aspiration:Polymerization","Gash"],"relics":["Cracked Core","NeowsBlessing","Boot","construct:RocketBooster","Runesmith:Nanobots","keyreminder:keyreminder","theSenshi:MoonKaleidoScopeRelic","Meat on the Bone","ClockworkSouvenir","Letter Opener","Blood Vial","Tiny Chest"],"acts_visited":["Exordium","TheCity"],"potions_floor_usage":[13,16,16,18,23],"damage_taken":[{"damage":0,"enemies":"Jaw Worm","floor":1,"turns":1},{"damage":0,"enemies":"2 Louse","floor":5,"turns":1},{"damage":0,"enemies":"3 Sentries","floor":6,"turns":1},{"damage":10,"enemies":"Cultist","floor":8,"turns":4},{"damage":9,"enemies":"3 Louse","floor":10,"turns":3},{"damage":39,"enemies":"Lagavulin","floor":12,"turns":5},{"damage":10,"enemies":"Exordium Wildlife","floor":13,"turns":3},{"damage":1,"enemies":"Blue Slaver","floor":14,"turns":2},{"damage":15,"enemies":"Hexaghost","floor":16,"turns":7},{"damage":14,"enemies":"Shell Parasite","floor":18,"turns":4},{"damage":39,"enemies":"Book of Stabbing","floor":23,"turns":6},{"damage":26,"enemies":"3 Byrds","floor":25,"turns":4}],"seed_played":"6109472084142685619","potions_obtained":[{"floor":12,"key":"Block Potion"},{"floor":13,"key":"Explosive Potion"},{"floor":14,"key":"FocusPotion"},{"floor":16,"key":"DistilledChaos"},{"floor":18,"key":"FocusPotion"}],"is_trial":false,"path_per_floor":["M","?","?","?","M","E","R","M","T","M","?","E","M","M","R","B",null,"M","$","?","?","?","E","?","M"],"character_chosen":"DEFECT","items_purchased":["Loop","Darkness","Meat on the Bone","ClockworkSouvenir"],"campfire_rested":1,"item_purchase_floors":[19,19,19,19],"current_hp_per_floor":[75,75,75,75,75,75,75,65,65,56,56,17,7,6,28,13,75,61,61,61,61,41,16,24,0,0],"gold":86,"neow_bonus":"THREE_ENEMY_KILL","is_daily":false,"chose_seed":false,"campfire_upgraded":1,"win_rate":0.0,"timestamp":1610159699,"path_taken":["M","?","?","?","M","E","R","M","T","?","?","E","M","M","R","BOSS","M","$","?","?","?","E","?","?"],"items_purchased_type":["Card","Card","Relic","Relic"],"build_version":"2020-12-22","purchased_purges":1,"victory":false,"max_hp_per_floor":[75,75,75,75,75,75,75,75,75,75,75,75,75,75,75,75,75,75,75,75,75,75,75,75,75,75],"card_choices":[{"not_picked":["Beam Cell","Cold Snap"],"picked":"Sweeping Beam","floor":1},{"not_picked":["Cold Snap","White Noise"],"picked":"Beam Cell","floor":5},{"not_picked":["Hello World","Capacitor"],"picked":"Defragment","floor":6},{"not_picked":["Stack","Self Repair"],"picked":"Beam Cell","floor":8},{"not_picked":["Hello World","Redo"],"picked":"Ball Lightning","floor":10},{"not_picked":["Ball Lightning","Steam"],"picked":"Go for the Eyes","floor":12},{"not_picked":["Aggregate","Melter"],"picked":"Steam","floor":13},{"not_picked":["Redo","Turbo"],"picked":"Go for the Eyes","floor":14},{"not_picked":["Rainbow","Seek"],"picked":"Echo Form","floor":16},{"not_picked":["Chill","Coolheaded"],"picked":"Glacier+1","floor":18},{"not_picked":["Double Energy","Coolheaded"],"picked":"Gash","floor":23}],"player_experience":2170643,"relics_obtained":[{"floor":6,"key":"Boot"},{"floor":9,"key":"construct:RocketBooster"},{"floor":12,"key":"Runesmith:Nanobots"},{"floor":23,"key":"Tiny Chest"}],"event_choices":[{"damage_healed":0,"gold_gain":0,"player_choice":"Ignored","damage_taken":0,"max_hp_gain":0,"max_hp_loss":0,"event_name":"Golden Wing","floor":2,"gold_loss":0},{"damage_healed":0,"gold_gain":175,"player_choice":"AGREE","damage_taken":119,"max_hp_gain":0,"max_hp_loss":0,"event_name":"betterThird:BetterSerpent","floor":3,"gold_loss":0},{"damage_healed":0,"gold_gain":0,"player_choice":"0 cards matched","damage_taken":0,"max_hp_gain":0,"max_hp_loss":0,"event_name":"Match and Keep!","floor":4,"gold_loss":0,"cards_obtained":[]},{"damage_healed":0,"gold_gain":0,"player_choice":"Left","damage_taken":0,"max_hp_gain":0,"max_hp_loss":0,"event_name":"betterThird:BetterGoop","floor":11,"gold_loss":39},{"damage_healed":0,"gold_gain":0,"player_choice":"Opened","damage_taken":0,"relics_obtained":["Letter Opener"],"max_hp_gain":0,"max_hp_loss":0,"event_name":"The Mausoleum","floor":20,"gold_loss":0,"cards_obtained":["Writhe"]},{"damage_healed":0,"gold_gain":0,"player_choice":"Read","damage_taken":0,"max_hp_gain":0,"max_hp_loss":0,"event_name":"The Library","floor":21,"gold_loss":0,"cards_obtained":["aspiration:Polymerization"]},{"damage_healed":0,"gold_gain":0,"player_choice":" Vial ","damage_taken":20,"relics_obtained":["Blood Vial"],"max_hp_gain":61,"max_hp_loss":41,"event_name":"betterAltar:BetterAltar","floor":22,"potions_obtained":[],"relics_lost":[],"gold_loss":0}],"is_beta":false,"boss_relics":[{"not_picked":["Sozu","Philosopher\u0027s Stone"],"picked":"theSenshi:MoonKaleidoScopeRelic"}],"items_purged_floors":[19],"is_endless":false,"potions_floor_spawned":[12,13,14,16,18],"killed_by":"3 Byrds","ascension_level":3}}