{"host":"uv231blk40vjdojr","time":1610211655,"event":{"mods":["AchievementEnabler","BaseMod","Bestiary","Minty Spire (QoL Compilation)","Relic Stats"],"gold_per_floor":[116,116,116,116,134,134,150,150,150,5,23,23,39,70,70,200,200,219,219,234,77,91,91,112,130,153,153,73,88,13,44,44,173,173,198,62,118,142,142,1141,1141,1166,1192,1210,1226,252,266,284,284,284],"floor_reached":51,"playtime":3200,"items_purged":["Pain","Streamline+1","FTL"],"score":671,"play_id":"8503aa3f-c1bb-4b75-b4c7-ed480c316f2a","local_time":"20210109180055","is_ascension_mode":false,"campfire_choices":[{"data":"Streamline","floor":6.0,"key":"SMITH"},{"data":"Biased Cognition","floor":12,"key":"SMITH"},{"data":"Defragment","floor":15,"key":"SMITH"},{"floor":23,"key":"REST"},{"floor":27,"key":"REST"},{"floor":32,"key":"REST"},{"data":"Hologram","floor":41,"key":"SMITH"},{"floor":49,"key":"REST"}],"circlet_count":0,"master_deck":["Zap","Dualcast","Compile Driver","Biased Cognition+1","Fusion","Defragment+1","Cold Snap","Fusion","Electrodynamics","Machine Learning","Aggregate","Cold Snap","Melter","Multi-Cast","Redo+1","Hologram+1","Leap","Rainbow","Echo Form","Compile Driver","Aggregate","Consume+1","Reinforced Body","Leap+1","Recycle","Multi-Cast","Compile Driver"],"relics":["Cracked Core","NeowsBlessing","Golden Idol","WarpedTongs","NlothsMask","Omamori","Pandora\u0027s Box","Runic Capacitor","Pen Nib","InkBottle","Snecko Eye","Girya","Happy Flower","Emotion Chip","Anchor","ClockworkSouvenir"],"acts_visited":["Exordium","TheCity","TheBeyond"],"potions_floor_usage":[24,31,45,47,50],"damage_taken":[{"damage":0.0,"enemies":"2 Louse","floor":1.0,"turns":1.0},{"damage":0.0,"enemies":"Jaw Worm","floor":5.0,"turns":1.0},{"damage":0.0,"enemies":"Cultist","floor":7.0,"turns":1.0},{"damage":0,"enemies":"Looter","floor":11,"turns":2},{"damage":25,"enemies":"Exordium Thugs","floor":13,"turns":3},{"damage":21,"enemies":"Lagavulin","floor":14,"turns":5},{"damage":7,"enemies":"Hexaghost","floor":16,"turns":9},{"damage":5,"enemies":"Chosen","floor":18,"turns":3},{"damage":28,"enemies":"2 Thieves","floor":20,"turns":3},{"damage":15,"enemies":"Snecko","floor":22,"turns":3},{"damage":5,"enemies":"Centurion and Healer","floor":24,"turns":2},{"damage":22,"enemies":"Shelled Parasite and Fungi","floor":25,"turns":3},{"damage":0,"enemies":"Sentry and Sphere","floor":29,"turns":4},{"damage":7,"enemies":"Gremlin Leader","floor":31,"turns":5},{"damage":35,"enemies":"Automaton","floor":33,"turns":9},{"damage":4,"enemies":"3 Darklings","floor":35,"turns":2},{"damage":51,"enemies":"2 Orb Walkers","floor":37,"turns":3},{"damage":0,"enemies":"Orb Walker","floor":38,"turns":3},{"damage":47,"enemies":"Jaw Worm Horde","floor":42,"turns":3},{"damage":0,"enemies":"Maw","floor":44,"turns":5},{"damage":2,"enemies":"Writhing Mass","floor":45,"turns":4},{"damage":2,"enemies":"Jaw Worm Horde","floor":47,"turns":4},{"damage":0,"enemies":"Maw","floor":48,"turns":8},{"damage":5,"enemies":"Time Eater","floor":50,"turns":9}],"seed_played":"4750504338918062192","potions_obtained":[{"floor":1.0,"key":"PowerPotion"},{"floor":14,"key":"SpeedPotion"},{"floor":16,"key":"Swift Potion"},{"floor":29,"key":"GamblersBrew"},{"floor":31,"key":"DistilledChaos"},{"floor":35,"key":"PotionOfCapacity"},{"floor":45,"key":"LiquidMemories"},{"floor":47,"key":"ColorlessPotion"}],"is_trial":false,"path_per_floor":["M","?","?","?","M","R","M","?","T","$","M","R","M","E","R","B",null,"M","?","M","$","M","R","M","M","T","R","$","M","?","E","R","B",null,"M","$","?","M","?","?","R","M","T","M","M","$","M","M","R","B",null],"character_chosen":"DEFECT","items_purchased":["Fusion","Runic Capacitor","Rainbow","Aggregate","Emotion Chip","Anchor","ClockworkSouvenir","Multi-Cast","Compile Driver","Weak Potion"],"campfire_rested":4,"item_purchase_floors":[10,21,28,36,46,46,46,46,46,46],"current_hp_per_floor":[75,69,62,62,62,62,62,62,62,62,62,62,37,16,16,9,69,64,64,36,36,21,41,36,14,14,34,34,34,34,27,47,12,69,65,65,14,14,60,60,60,13,13,13,11,11,9,9,27,22],"gold":284,"neow_bonus":"THREE_ENEMY_KILL","is_daily":false,"chose_seed":false,"campfire_upgraded":4,"win_rate":0.0,"timestamp":1610211655,"path_taken":["M","?","?","?","M","R","?","?","T","$","M","R","M","E","R","BOSS","M","?","M","?","M","R","?","M","T","R","$","M","?","E","R","BOSS","M","$","?","M","?","?","R","M","T","?","M","$","M","M","R","BOSS"],"items_purchased_type":["Card","Relic","Card","Card","Relic","Relic","Relic","Card","Card","Potion"],"build_version":"2020-12-22","purchased_purges":3,"victory":true,"max_hp_per_floor":[75,69,69,69,69,69,69,69,69,69,69,69,69,69,69,69,69,69,69,69,69,69,69,69,69,69,69,69,69,69,69,69,69,69,69,69,69,69,60,60,60,60,60,60,60,60,60,60,60,60],"relic_stats":{"Emotion Chip":[12,5,4,2,1],"Happy Flower":[10],"counters":[24,95],"Golden Idol":165,"Snecko Eye":[94,83,84,111],"Pandora\u0027s Box":["Machine Learning","White Noise","Aggregate","Gash","Cold Snap","Melter","Multi-Cast"],"Pen Nib":[11],"obtain_stats":[{"Girya":37,"NeowsBlessing":0,"Happy Flower":43,"Golden Idol":2,"Pen Nib":26,"Omamori":14,"Runic Capacitor":21,"WarpedTongs":4,"ClockworkSouvenir":46,"Emotion Chip":46,"Anchor":46,"Snecko Eye":34,"Pandora\u0027s Box":17,"Cracked Core":0,"InkBottle":31,"NlothsMask":8},{"Girya":17,"NeowsBlessing":0,"Happy Flower":19,"Golden Idol":1,"Pen Nib":12,"Omamori":6,"Runic Capacitor":9,"WarpedTongs":1,"ClockworkSouvenir":21,"Emotion Chip":21,"Anchor":21,"Snecko Eye":15,"Pandora\u0027s Box":7,"Cracked Core":0,"InkBottle":14,"NlothsMask":3},{"Girya":59,"NeowsBlessing":0,"Happy Flower":65,"Golden Idol":1,"Pen Nib":36,"Omamori":13,"Runic Capacitor":28,"WarpedTongs":1,"ClockworkSouvenir":74,"Emotion Chip":74,"Anchor":74,"Snecko Eye":54,"Pandora\u0027s Box":22,"Cracked Core":0,"InkBottle":45,"NlothsMask":3}],"InkBottle":[28],"WarpedTongs":[94]},"card_choices":[{"not_picked":["Self Repair","Steam"],"picked":"Compile Driver","floor":1.0},{"not_picked":["Gash","Capacitor"],"picked":"Streamline","floor":5.0},{"not_picked":["Leap","Conserve Battery"],"picked":"Biased Cognition","floor":7.0},{"not_picked":["White Noise","Darkness"],"picked":"Defragment","floor":11},{"not_picked":["Blizzard","Leap"],"picked":"Cold Snap","floor":13},{"not_picked":["Steam","White Noise"],"picked":"Fusion","floor":14},{"not_picked":["Thunder Strike","Core Surge"],"picked":"Electrodynamics","floor":16},{"not_picked":["Go for the Eyes","Ball Lightning+1"],"picked":"FTL","floor":18},{"not_picked":["Tempest","Lockon"],"picked":"Redo+1","floor":20},{"not_picked":["Rip and Tear","Rebound+1"],"picked":"Hologram","floor":22},{"not_picked":["Go for the Eyes","Rebound","Beam Cell"],"picked":"SKIP","floor":24},{"not_picked":["Steam","Reprogram"],"picked":"Leap","floor":25},{"not_picked":["Capacitor","Turbo","Thunder Strike"],"picked":"SKIP","floor":29},{"not_picked":["Turbo","Rebound","Hello World"],"picked":"SKIP","floor":31},{"not_picked":["Fission","Hyperbeam"],"picked":"Echo Form","floor":33},{"not_picked":["Turbo","Stack+1"],"picked":"Compile Driver","floor":35},{"not_picked":["Conserve Battery+1","Ball Lightning"],"picked":"Consume+1","floor":38},{"not_picked":["Hologram+1","Genetic Algorithm"],"picked":"Reinforced Body","floor":42},{"not_picked":["Steam+1","Hologram"],"picked":"Leap+1","floor":44},{"not_picked":["Force Field+1","Scrape+1"],"picked":"Recycle","floor":45},{"not_picked":["Gash+1","Redo+1","Sweeping Beam"],"picked":"SKIP","floor":47},{"not_picked":["Defragment","Go for the Eyes","Skim+1"],"picked":"SKIP","floor":48}],"player_experience":630839,"relics_obtained":[{"floor":14,"key":"Omamori"},{"floor":26,"key":"Pen Nib"},{"floor":31,"key":"InkBottle"},{"floor":37,"key":"Girya"},{"floor":43,"key":"Happy Flower"}],"event_choices":[{"damage_healed":0.0,"max_hp_gain":0.0,"max_hp_loss":6.0,"gold_gain":0.0,"event_name":"Golden Idol","player_choice":"Lose Max HP","floor":2.0,"gold_loss":0.0,"damage_taken":0.0,"relics_obtained":["Golden Idol"]},{"cards_removed":["Strike_B"],"damage_healed":0.0,"max_hp_gain":0.0,"max_hp_loss":0.0,"gold_gain":0.0,"event_name":"Golden Wing","player_choice":"Card Removal","floor":3.0,"gold_loss":0.0,"damage_taken":7.0},{"damage_healed":0.0,"max_hp_gain":0.0,"max_hp_loss":0.0,"gold_gain":0.0,"event_name":"Accursed Blacksmith","player_choice":"Rummage","floor":4.0,"gold_loss":0.0,"damage_taken":0.0,"relics_obtained":["WarpedTongs"],"cards_obtained":["Pain"]},{"damage_healed":0.0,"max_hp_gain":0.0,"max_hp_loss":0.0,"gold_gain":0.0,"event_name":"FaceTrader","player_choice":"Trade","floor":8.0,"gold_loss":0.0,"damage_taken":0.0,"relics_obtained":["NlothsMask"]},{"cards_removed":["Gash"],"damage_healed":0,"gold_gain":0,"player_choice":"Card Removal","damage_taken":0,"max_hp_gain":0,"max_hp_loss":0,"event_name":"Wheel of Change","floor":19,"gold_loss":0},{"cards_removed":["White Noise"],"damage_healed":0,"gold_gain":0,"player_choice":"Gave Gold","damage_taken":0,"max_hp_gain":0,"max_hp_loss":0,"event_name":"Beggar","floor":30,"gold_loss":75},{"damage_healed":0,"gold_gain":0,"player_choice":"Fight","damage_taken":0,"max_hp_gain":0,"max_hp_loss":0,"event_name":"Mysterious Sphere","floor":37,"gold_loss":0},{"damage_healed":60,"gold_gain":0,"player_choice":"Heal","damage_taken":0,"max_hp_gain":0,"max_hp_loss":9,"event_name":"The Moai Head","floor":39,"gold_loss":0},{"damage_healed":0,"gold_gain":999,"player_choice":"Gold","damage_taken":0,"max_hp_gain":0,"max_hp_loss":0,"event_name":"MindBloom","floor":40,"gold_loss":0,"cards_obtained":["Normality","Normality"]}],"is_beta":false,"boss_relics":[{"not_picked":["Sozu","Runic Dome"],"picked":"Pandora\u0027s Box"},{"not_picked":["SacredBark","Busted Crown"],"picked":"Snecko Eye"}],"items_purged_floors":[10,36,46],"is_endless":false,"potions_floor_spawned":[1,14,16,18,29,31,35,45,47],"ascension_level":0}}