{"host":"msa0wxqjs3jv1k3j","time":1610205062,"event":{"mods":["BaseMod","BetterRewards","Colored Map","Highlight Path","KOR Keyword Fix","Keyboard Shortcuts","Minty Spire (QoL Compilation)","Quick Restart","SuperFastMode","everything is the same but u backflip on backflip"],"gold_per_floor":[115,135,150,150,150,150,181,181,229,229,263,243,262,295,295,395,395,409,409,434,434,434,434,451,451,501,521,521,553,553,582,582,678,678,690,690,635,649,649,659,659,659],"floor_reached":41,"playtime":1558,"items_purged":[],"score":470,"play_id":"6d589a26-f721-4180-b4e7-7d651f818095","local_time":"20210110001102","is_ascension_mode":false,"campfire_choices":[{"data":"Well Laid Plans","floor":6,"key":"SMITH"},{"floor":8,"key":"REST"},{"floor":15,"key":"REST"},{"floor":23,"key":"REST"},{"floor":25,"key":"REST"},{"floor":28,"key":"REST"},{"floor":32,"key":"REST"}],"circlet_count":0,"master_deck":["Strike_G","Strike_G","Strike_G","Strike_G","Defend_G+1","Defend_G+1","Defend_G","Defend_G","Survivor","Neutralize","Poisoned Stab","Blade Dance","Well Laid Plans+1","Crippling Poison","Flying Knee","Deadly Poison","Backflip","Outmaneuver","Envenom","Adrenaline","Poisoned Stab+1","Noxious Fumes","Riddle With Holes","Night Terror","PiercingWail","Adrenaline","Die Die Die","Envenom","Catalyst","Infinite Blades+1","Writhe","Blade Dance+1"],"relics":["Ring of the Snake","Ice Cream","Matryoshka","Lizard Tail","Potion Belt","War Paint","Orichalcum","Happy Flower","Bottled Flame","Singing Bowl","Bag of Preparation","Question Card","WristBlade","White Beast Statue","Juzu Bracelet","MealTicket","Art of War","Tiny Chest","Sozu","Lantern"],"acts_visited":["Exordium","TheCity","TheBeyond"],"potions_floor_usage":[11,11,16,16,24,31,31,31,33],"damage_taken":[{"damage":10,"enemies":"Small Slimes","floor":1,"turns":2},{"damage":8,"enemies":"Jaw Worm","floor":2,"turns":3},{"damage":1,"enemies":"Cultist","floor":3,"turns":4},{"damage":31,"enemies":"3 Sentries","floor":7,"turns":8},{"damage":14,"enemies":"Gremlin Nob","floor":11,"turns":4},{"damage":0,"enemies":"3 Louse","floor":13,"turns":3},{"damage":11,"enemies":"3 Sentries","floor":14,"turns":7},{"damage":3,"enemies":"Hexaghost","floor":16,"turns":9},{"damage":22,"enemies":"3 Byrds","floor":18,"turns":4},{"damage":32,"enemies":"2 Thieves","floor":24,"turns":4},{"damage":15,"enemies":"Centurion and Healer","floor":27,"turns":6},{"damage":41,"enemies":"Book of Stabbing","floor":29,"turns":6},{"damage":35,"enemies":"Slavers","floor":31,"turns":5},{"damage":68,"enemies":"Collector","floor":33,"turns":9},{"damage":22,"enemies":"3 Darklings","floor":35,"turns":4},{"damage":23,"enemies":"Orb Walker","floor":38,"turns":4},{"damage":13,"enemies":"Transient","floor":40,"turns":5},{"damage":55,"enemies":"Sphere and 2 Shapes","floor":41,"turns":3}],"seed_played":"3656289872563422323","potions_obtained":[{"floor":2,"key":"Dexterity Potion"},{"floor":3,"key":"BlessingOfTheForge"},{"floor":11,"key":"Fire Potion"},{"floor":12,"key":"ColorlessPotion"},{"floor":14,"key":"SpeedPotion"},{"floor":18,"key":"CunningPotion"},{"floor":24,"key":"FairyPotion"},{"floor":27,"key":"Poison Potion"},{"floor":29,"key":"Strength Potion"},{"floor":31,"key":"Regen Potion"},{"floor":33,"key":"CunningPotion"}],"is_trial":false,"path_per_floor":["M","M","M","?","?","R","E","R","T","T","E","?","M","E","R","B",null,"M","?","T","?","?","R","M","R","T","M","R","E","?","E","R","B",null,"M","?","?","M","?","M","M"],"character_chosen":"THE_SILENT","items_purchased":["Matryoshka","Lizard Tail","Poisoned Stab","Blade Dance","Well Laid Plans"],"campfire_rested":6,"item_purchase_floors":[0,0,0,0,0],"current_hp_per_floor":[60,52,51,56,53,53,22,44,44,44,32,32,32,21,44,41,77,55,55,55,55,55,77,45,68,68,55,78,37,22,17,42,44,84,62,62,62,39,60,47,0,0],"gold":659,"neow_bonus":"","is_daily":false,"chose_seed":false,"campfire_upgraded":1,"win_rate":0.0,"timestamp":1610205062,"path_taken":["M","M","M","?","?","R","E","R","T","?","E","?","?","E","R","BOSS","M","?","?","?","?","R","M","R","T","M","R","E","?","E","R","BOSS","M","?","?","M","?","M","M"],"items_purchased_type":["Relic","Relic","Card","Card","Card"],"build_version":"2020-12-22","purchased_purges":0,"victory":false,"max_hp_per_floor":[70,70,70,75,75,75,75,75,75,75,77,77,77,77,77,77,77,77,77,77,77,77,77,77,77,77,79,79,79,84,84,84,84,84,84,84,84,84,84,84,84,84],"card_choices":[{"not_picked":["Bane","Dash"],"picked":"Crippling Poison","floor":1},{"not_picked":["Acrobatics","Bane"],"picked":"Flying Knee","floor":2},{"not_picked":["Quick Slash","Blur"],"picked":"Deadly Poison","floor":3},{"not_picked":["Acrobatics","Heel Hook"],"picked":"Backflip","floor":7},{"not_picked":["Expertise","Slice","Flying Knee"],"picked":"Singing Bowl","floor":11},{"not_picked":["Sucker Punch","Dagger Throw"],"picked":"Outmaneuver","floor":13},{"not_picked":["Backflip","Sucker Punch"],"picked":"Envenom","floor":14},{"not_picked":["Bullet Time","Glass Knife","Venomology"],"picked":"Adrenaline","floor":16},{"not_picked":["Predator","Dash","Flying Knee"],"picked":"Poisoned Stab+1","floor":18},{"not_picked":["Outmaneuver","Acrobatics","Blur+1"],"picked":"PiercingWail","floor":24},{"not_picked":["Slice","Skewer","Poisoned Stab","Deadly Poison"],"picked":"Singing Bowl","floor":27},{"not_picked":["PiercingWail+1","Flechettes+1","Dodge and Roll"],"picked":"Adrenaline","floor":29},{"not_picked":["Deflect+1","Underhanded Strike+1","Quick Slash"],"picked":"Die Die Die","floor":31},{"not_picked":["Burst","Doppelganger","Storm of Steel"],"picked":"Envenom","floor":33},{"not_picked":["Deadly Poison+1","Slice","Backflip"],"picked":"Catalyst","floor":35},{"not_picked":["Dagger Spray","Poisoned Stab+1","Phantasmal Killer"],"picked":"Infinite Blades+1","floor":38},{"not_picked":["Dodge and Roll+1","Bane","Dagger Spray"],"picked":"Blade Dance+1","floor":40}],"player_experience":58972,"relics_obtained":[{"floor":7,"key":"War Paint"},{"floor":9,"key":"Orichalcum"},{"floor":9,"key":"Happy Flower"},{"floor":10,"key":"Bottled Flame"},{"floor":10,"key":"Singing Bowl"},{"floor":11,"key":"Bag of Preparation"},{"floor":14,"key":"Question Card"},{"floor":20,"key":"Juzu Bracelet"},{"floor":26,"key":"MealTicket"},{"floor":29,"key":"Art of War"},{"floor":31,"key":"Tiny Chest"}],"event_choices":[{"damage_healed":0,"gold_gain":0,"player_choice":"Donut","damage_taken":0,"max_hp_gain":5,"max_hp_loss":0,"event_name":"Big Fish","floor":4,"gold_loss":0},{"damage_healed":0,"gold_gain":0,"player_choice":"Success","damage_taken":3,"relics_obtained":["Potion Belt"],"max_hp_gain":0,"max_hp_loss":0,"event_name":"Scrap Ooze","floor":5,"gold_loss":0},{"damage_healed":0,"gold_gain":0,"player_choice":"Bought 1 Potion","damage_taken":0,"max_hp_gain":0,"max_hp_loss":0,"event_name":"The Woman in Blue","floor":12,"gold_loss":0},{"damage_healed":0,"gold_gain":0,"player_choice":"Opened","damage_taken":0,"relics_obtained":["White Beast Statue"],"max_hp_gain":0,"max_hp_loss":0,"event_name":"The Mausoleum","floor":19,"gold_loss":0},{"damage_healed":0,"gold_gain":0,"player_choice":"Read","damage_taken":0,"max_hp_gain":0,"max_hp_loss":0,"event_name":"The Library","floor":21,"gold_loss":0,"cards_obtained":["Noxious Fumes"]},{"damage_healed":0,"gold_gain":0,"cards_transformed":["Strike_G","Defend_G"],"player_choice":"Became Test Subject","damage_taken":0,"max_hp_gain":0,"max_hp_loss":0,"event_name":"Drug Dealer","floor":22,"gold_loss":0,"cards_obtained":["Riddle With Holes","Night Terror"]},{"damage_healed":0,"gold_gain":0,"player_choice":"Shed Blood","damage_taken":20,"max_hp_gain":5,"max_hp_loss":0,"event_name":"Forgotten Altar","floor":30,"gold_loss":0},{"damage_healed":0,"gold_gain":0,"player_choice":"Ignored","damage_taken":0,"max_hp_gain":0,"max_hp_loss":0,"event_name":"Tomb of Lord Red Mask","floor":36,"gold_loss":0},{"damage_healed":0,"gold_gain":0,"player_choice":"Paid Gold","damage_taken":0,"relics_obtained":["Lantern"],"max_hp_gain":0,"max_hp_loss":0,"event_name":"WeMeetAgain","floor":37,"gold_loss":55},{"damage_healed":21,"gold_gain":0,"player_choice":"Writhe","damage_taken":0,"max_hp_gain":0,"max_hp_loss":0,"event_name":"Winding Halls","floor":39,"gold_loss":0,"cards_obtained":["Writhe"]}],"is_beta":false,"boss_relics":[{"not_picked":["Busted Crown","Coffee Dripper"],"picked":"WristBlade"},{"not_picked":["Calling Bell","Ring of the Serpent"],"picked":"Sozu"}],"items_purged_floors":[],"is_endless":false,"potions_floor_spawned":[2,3,11,14,18,24,27,29,31,33,35,38,40],"killed_by":"Sphere and 2 Shapes","ascension_level":0}}