{"host":"wbdly04l9mkn9nrc","time":1610190794,"event":{"mods":["AchievementEnabler","BaseMod","BetterRewards","Minty Spire (QoL Compilation)","StSLib","[IsaacMod]ÒÔÈö¼âËþ"],"gold_per_floor":[109,122,122,145,163,163,206,237,274,236,282,315,327,352,364,500,512,537,352,395,446,446,491,491,498,498,300,300,99,99,159,159,269,269,305,383,267,282,315,362,362,392,416,432,465,496,423,470,470,491],"floor_reached":51,"playtime":2578,"items_purged":["Strike_R","DoctorFetus","Perfected Strike+1","Havoc"],"score":788,"play_id":"b25d8230-3e30-4003-94e0-c7d840c11fd6","local_time":"20210109191314","is_ascension_mode":false,"campfire_choices":[{"data":"Bash","floor":6.0,"key":"SMITH"},{"data":"Spot Weakness","floor":15.0,"key":"SMITH"},{"data":"Double Tap","floor":28.0,"key":"SMITH"},{"data":"Limit Break","floor":30.0,"key":"SMITH"},{"data":"EpicFetus","floor":32.0,"key":"SMITH"},{"data":"Dual Wield","floor":41.0,"key":"SMITH"},{"data":"Corruption","floor":49,"key":"SMITH"}],"circlet_count":0,"master_deck":["Bash+1","Uppercut+1","Sword Boomerang+1","Immolate+1","Power Through","Reaper+1","Shrug It Off","Spot Weakness+1","Burning Pact","Dual Wield+1","Impervious","Limit Break+1","Dropkick+1","Second Wind+1","Twin Strike+1","Double Tap+1","RitualDagger+1","Pommel Strike+1","EpicFetus+1","Demon Form","Offering","True Grit+1","Sever Soul+1","Armaments+1","Corruption+1","Shrug It Off+1","Offering","Impervious","Secret Technique"],"relics":["Burning Blood","HushsDoor","DoctorsRemote","Membership Card","Molten Egg 2","Bloody Idol","Regal Pillow","Sundial","Pandora\u0027s Box","SalivaCoin","Sling","Nloth\u0027s Gift","Art of War","BloodDonationMachine","Kunai","Mercury Hourglass","Strange Spoon","Anchor","Blue Candle","MagicMushroom","BelialBook","Dead Branch","Orichalcum","HowToJump","PreservedInsect","SteamSale","Bronze Scales","Centennial Puzzle"],"acts_visited":["Exordium","TheCity","TheBeyond"],"potions_floor_usage":[44],"damage_taken":[{"damage":0.0,"enemies":"2 Louse","floor":1.0,"turns":1.0},{"damage":2.0,"enemies":"Small Slimes","floor":2.0,"turns":4.0},{"damage":11.0,"enemies":"Jaw Worm","floor":4.0,"turns":2.0},{"damage":10.0,"enemies":"Exordium Thugs","floor":5.0,"turns":2.0},{"damage":4.0,"enemies":"Gremlin Nob","floor":7.0,"turns":3.0},{"damage":2.0,"enemies":"Blue Slaver","floor":8.0,"turns":3.0},{"damage":6.0,"enemies":"3 Sentries","floor":11.0,"turns":3.0},{"damage":11.0,"enemies":"3 Louse","floor":12.0,"turns":2.0},{"damage":5.0,"enemies":"Looter","floor":14.0,"turns":2.0},{"damage":6.0,"enemies":"Hexaghost","floor":16.0,"turns":6.0},{"damage":0.0,"enemies":"Chosen","floor":18.0,"turns":4.0},{"damage":20.0,"enemies":"Shell Parasite","floor":20.0,"turns":6.0},{"damage":34.0,"enemies":"Shelled Parasite and Fungi","floor":21.0,"turns":4.0},{"damage":5.0,"enemies":"Slavers","floor":23.0,"turns":2.0},{"damage":5.0,"enemies":"Chosen and Byrds","floor":31.0,"turns":5.0},{"damage":14.0,"enemies":"Automaton","floor":33.0,"turns":6.0},{"damage":15.0,"enemies":"3 Darklings","floor":35.0,"turns":3.0},{"damage":16.0,"enemies":"Mind Bloom Boss Battle","floor":36.0,"turns":6.0},{"damage":0.0,"enemies":"3 Shapes","floor":38.0,"turns":1.0},{"damage":10.0,"enemies":"Sphere and 2 Shapes","floor":39.0,"turns":3.0},{"damage":6.0,"enemies":"Nemesis","floor":40.0,"turns":3.0},{"damage":11.0,"enemies":"4 Shapes","floor":42.0,"turns":3.0},{"damage":0,"enemies":"Transient","floor":44,"turns":5},{"damage":8,"enemies":"Sphere and 2 Shapes","floor":45,"turns":3},{"damage":9,"enemies":"Maw","floor":46,"turns":4},{"damage":14,"enemies":"Writhing Mass","floor":48,"turns":3},{"damage":15,"enemies":"Donu and Deca","floor":50,"turns":4}],"seed_played":"-8832782654797319878","potions_obtained":[{"floor":4.0,"key":"Ancient Potion"},{"floor":7.0,"key":"EntropicBrew"},{"floor":11.0,"key":"Strength Potion"},{"floor":14.0,"key":"Weak Potion"},{"floor":21.0,"key":"Strength Potion"},{"floor":35.0,"key":"Strength Potion"},{"floor":46,"key":"SpeedPotion"}],"is_trial":false,"path_per_floor":["M","M","?","M","M","R","E","M","T","?","E","M","$","M","R","B",null,"M","$","M","M","?","E","?","?","T","$","R","$","R","M","R","B",null,"M","?","$","M","M","E","R","M","T","M","M","M","$","M","R","B",null],"character_chosen":"IRONCLAD","items_purchased":["Membership Card","Molten Egg 2","Uppercut+1","SalivaCoin","Sling","Kunai","Mercury Hourglass","Strange Spoon","Anchor","Blue Candle","Pommel Strike+1","EpicFetus","Demon Form","BelialBook","Orichalcum","Sever Soul+1","SteamSale","Bronze Scales","Centennial Puzzle","Offering","Impervious","Secret Technique","DuplicationPotion"],"campfire_rested":0,"item_purchase_floors":[0,0,0,19,19,27,27,27,29,29,29,29,29,34,37,37,47,47,47,47,47,47,47],"current_hp_per_floor":[50,54,54,49,45,45,47,51,51,51,66,61,61,62,62,62,74,74,74,60,37,37,38,38,37,37,74,74,74,74,74,74,74,71,71,71,71,71,71,71,71,71,71,71,71,71,71,71,71,71],"gold":491,"neow_bonus":"","is_daily":false,"chose_seed":false,"campfire_upgraded":7,"win_rate":0.0,"timestamp":1610190794,"path_taken":["M","M","?","M","M","R","E","M","T","?","E","M","$","M","R","BOSS","M","$","M","M","?","E","?","?","T","$","R","?","R","M","R","BOSS","M","?","$","M","M","E","R","M","T","M","M","M","$","M","R","BOSS"],"items_purchased_type":["Relic","Relic","Card","Relic","Relic","Relic","Relic","Relic","Relic","Relic","Card","Card","Card","Relic","Relic","Card","Relic","Relic","Relic","Card","Card","Card","Potion"],"build_version":"2020-12-22","purchased_purges":4,"victory":true,"max_hp_per_floor":[80,80,74,74,74,74,74,74,74,74,74,74,74,74,74,74,74,74,74,74,74,74,74,74,74,74,74,74,74,74,74,74,74,71,71,71,71,71,71,71,71,71,71,71,71,71,71,71,71,71],"card_choices":[{"not_picked":[],"picked":"DoctorFetus","floor":0.0},{"not_picked":["Wild Strike+1","Twin Strike+1"],"picked":"Sword Boomerang+1","floor":1.0},{"not_picked":["Thunderclap+1","Combust"],"picked":"Immolate+1","floor":2.0},{"not_picked":["Anger+1","Twin Strike+1","Clothesline+1"],"picked":"SKIP","floor":4.0},{"not_picked":["Havoc","Pummel+1"],"picked":"Power Through","floor":5.0},{"not_picked":["Clothesline+1","Entrench"],"picked":"Reaper+1","floor":7.0},{"not_picked":["Thunderclap+1","Havoc","Combust"],"picked":"SKIP","floor":8.0},{"not_picked":["Rage","Entrench","Uppercut+1"],"picked":"SKIP","floor":11.0},{"not_picked":["Carnage+1","Feel No Pain"],"picked":"Shrug It Off","floor":12.0},{"not_picked":["Body Slam+1","Barricade"],"picked":"Spot Weakness","floor":14.0},{"not_picked":["Clothesline+1","Combust"],"picked":"Second Wind+1","floor":18.0},{"not_picked":["Disarm","Clash+1"],"picked":"Twin Strike+1","floor":20.0},{"not_picked":["Clash+1","Perfected Strike+1","Evolve"],"picked":"SKIP","floor":21.0},{"not_picked":["Warcry","Iron Wave+1"],"picked":"Double Tap","floor":23.0},{"not_picked":["Shrug It Off","Fire Breathing","Iron Wave+1"],"picked":"SKIP","floor":31.0},{"not_picked":["Demon Form","Juggernaut"],"picked":"Offering","floor":33.0},{"not_picked":["Rampage+1","True Grit+1","Searing Blow+1"],"picked":"SKIP","floor":35.0},{"not_picked":["Clothesline+1","Perfected Strike+1"],"picked":"True Grit+1","floor":36.0},{"not_picked":["Rampage+1","Combust+1","Feel No Pain"],"picked":"SKIP","floor":38.0},{"not_picked":["Warcry","Perfected Strike+1"],"picked":"Armaments+1","floor":39.0},{"not_picked":["Fire Breathing+1","Warcry+1"],"picked":"Corruption","floor":40.0},{"not_picked":["Clash+1","Havoc+1","Second Wind+1"],"picked":"SKIP","floor":42.0},{"not_picked":["Havoc+1","Wild Strike+1","Anger+1"],"picked":"SKIP","floor":44},{"not_picked":["Twin Strike+1","Spot Weakness"],"picked":"Shrug It Off+1","floor":45},{"not_picked":["Anger+1","Dual Wield+1","Dropkick+1"],"picked":"SKIP","floor":46},{"not_picked":["Twin Strike+1","Barricade","Thunderclap+1"],"picked":"SKIP","floor":48}],"player_experience":215154,"relics_obtained":[{"floor":7.0,"key":"MawBank"},{"floor":9.0,"key":"Regal Pillow"},{"floor":11.0,"key":"Sundial"},{"floor":23.0,"key":"Art of War"},{"floor":26.0,"key":"BloodDonationMachine"},{"floor":36.0,"key":"Dead Branch"},{"floor":40.0,"key":"HowToJump"},{"floor":43.0,"key":"PreservedInsect"}],"event_choices":[{"damage_healed":0.0,"max_hp_gain":0.0,"max_hp_loss":6.0,"gold_gain":0.0,"event_name":"Golden Idol","player_choice":"Lose Max HP","floor":3.0,"gold_loss":0.0,"damage_taken":0.0,"relics_obtained":["Golden Idol"]},{"cards_removed":["Strike_R"],"damage_healed":0.0,"max_hp_gain":0.0,"max_hp_loss":0.0,"gold_gain":0.0,"event_name":"The Cleric","player_choice":"Card Removal","floor":10.0,"gold_loss":50.0,"damage_taken":0.0},{"damage_healed":0.0,"max_hp_gain":0.0,"max_hp_loss":0.0,"gold_gain":0.0,"event_name":"N\u0027loth","player_choice":"Traded Relic","floor":22.0,"relics_lost":["MawBank"],"gold_loss":0.0,"damage_taken":0.0,"relics_obtained":["Nloth\u0027s Gift"]},{"damage_healed":0.0,"max_hp_gain":0.0,"max_hp_loss":0.0,"gold_gain":0.0,"event_name":"Forgotten Altar","player_choice":"Gave Idol","floor":24.0,"relics_lost":["Golden Idol"],"gold_loss":0.0,"damage_taken":0.0,"relics_obtained":["Bloody Idol"]},{"damage_healed":0.0,"max_hp_gain":0.0,"max_hp_loss":0.0,"gold_gain":0.0,"event_name":"Nest","player_choice":"Joined the Cult","floor":25.0,"gold_loss":0.0,"damage_taken":6.0,"cards_obtained":["RitualDagger"]},{"damage_healed":0.0,"max_hp_gain":0.0,"max_hp_loss":0.0,"gold_gain":0.0,"event_name":"MindBloom","player_choice":"Fight","floor":36.0,"gold_loss":0.0,"damage_taken":0.0}],"is_beta":false,"boss_relics":[{"not_picked":["Runic Pyramid","Busted Crown"],"picked":"Pandora\u0027s Box"},{"not_picked":[]},{"not_picked":["Tiny House","Runic Dome"],"picked":"MagicMushroom"},{"not_picked":[]}],"items_purged_floors":[0,19,27,29],"is_endless":false,"potions_floor_spawned":[4,7,11,14,21,23,31,35,39,44,46,48],"ascension_level":0}}