{"host":"6dypmz777xraikqf","time":1610191872,"event":{"mods":["AchievementEnabler","BaseMod","BetterRewards","Colored Map","Colored Powertips","Downfall","Highlight Path","Hubris","Infinite Spire","Minty Spire (QoL Compilation)","Replay The Spire","StSLib"],"gold_per_floor":[116,201,376,651,666,698,698,726,726,746,746,746,746,746,746,841,941,955,955,955,955,955],"floor_reached":21,"playtime":778,"items_purged":["Defend_R"],"score":410,"play_id":"900f0a6c-26ef-4616-b604-1dac2d36c04c","local_time":"20210109113112","is_ascension_mode":true,"campfire_choices":[{"data":"Seeing Red","floor":7,"key":"SMITH"},{"data":"Perfected Strike","floor":11,"key":"SMITH"}],"circlet_count":0,"master_deck":["Strike_R","Strike_R","Strike_R","Strike_R","Strike_R","Defend_R","Defend_R","Defend_R","Bash","Perfected Strike+1","Reaper","Shrug It Off","Armaments","Twin Strike+1","Seeing Red+1","Doubt","Shrug It Off","Double Tap","Spot Weakness","Reaper","Twin Strike+1"],"relics":["Cracked Core","hubris:BundleOfHerbs","Orrery","PreservedInsect","Omamori","hubris:Potato","Pantograph","infinitespire:Cubic Diamond","hubris:Icosahedron","Replay:Wanted Poster","ReplayTheSpireMod:Spearhead"],"acts_visited":["Exordium","TheCity"],"potions_floor_usage":[6,16,16],"damage_taken":[{"damage":7,"enemies":"Small Slimes","floor":1,"turns":5},{"damage":4,"enemies":"Cultist","floor":5,"turns":4},{"damage":23,"enemies":"Lagavulin","floor":6,"turns":6},{"damage":22,"enemies":"Gremlin Nob","floor":8,"turns":4},{"damage":14,"enemies":"2 Louse","floor":10,"turns":3},{"damage":44,"enemies":"Hexaghost","floor":16,"turns":7},{"damage":48,"enemies":"3 Byrds","floor":18,"turns":6},{"damage":50,"enemies":"Masked Bandits","floor":21,"turns":4}],"seed_played":"8791530708331705962","potions_obtained":[{"floor":1,"key":"AttackPotion"},{"floor":6,"key":"Slimebound:ThreeZeroPotion"},{"floor":10,"key":"LiquidMemories"},{"floor":16,"key":"Strength Potion"}],"is_trial":false,"path_per_floor":["M","?","?","?","M","E","R","E","T","M","R","?","?","?","R_BF","B",null,"M","?","?","?"],"character_chosen":"IRONCLAD","items_purchased":["Orrery","PreservedInsect"],"campfire_rested":0,"item_purchase_floors":[0,0],"current_hp_per_floor":[48,48,48,48,54,37,37,27,27,27,27,27,27,20,44,33,68,33,33,33,0,0],"gold":955,"neow_bonus":"","is_daily":false,"chose_seed":false,"campfire_upgraded":2,"win_rate":0.0,"timestamp":1610191872,"path_taken":["M","?","?","?","?","E","R","E","T","M","R","?","?","?","R_BF","BOSS","M","?","?","?"],"items_purchased_type":["Relic","Relic"],"build_version":"2020-12-22","purchased_purges":1,"victory":false,"max_hp_per_floor":[80,80,80,80,80,80,80,80,80,80,80,80,80,80,80,80,80,80,80,80,80,80],"card_choices":[{"not_picked":["Sentinel","Cleave"],"picked":"Perfected Strike","floor":0},{"not_picked":["hubris:ReadiedAction","Thunderclap"],"picked":"Reaper","floor":0},{"not_picked":["True Grit","Body Slam"],"picked":"Shrug It Off","floor":0},{"not_picked":["Bludgeon","Iron Wave"],"picked":"Armaments","floor":0},{"not_picked":["Havoc","Sentinel"],"picked":"Twin Strike","floor":1},{"not_picked":["Rage","Clothesline"],"picked":"Seeing Red","floor":2},{"not_picked":["Body Slam","hubris:ReadiedAction"],"picked":"Shrug It Off","floor":5},{"not_picked":["hubris:CleavingFinish","Clothesline","Wild Strike"],"picked":"SKIP","floor":6},{"not_picked":["Havoc","Burning Pact"],"picked":"Double Tap","floor":8},{"not_picked":["hubris:SharpeningStone","Pommel Strike"],"picked":"Spot Weakness","floor":10},{"not_picked":["Demonic Infusion","Double Tap"],"picked":"Reaper","floor":16},{"not_picked":["hubris:ReadiedAction","ReplayReversal"],"picked":"Twin Strike+1","floor":18}],"player_experience":143568,"relics_obtained":[{"floor":6,"key":"Omamori"},{"floor":8,"key":"hubris:Potato"},{"floor":9,"key":"Pantograph"}],"event_choices":[{"damage_healed":0,"gold_gain":175,"player_choice":"AGREE","damage_taken":0,"max_hp_gain":0,"max_hp_loss":0,"event_name":"Liars Game","floor":3,"gold_loss":0,"cards_obtained":["Doubt"]},{"damage_healed":0,"gold_gain":275,"player_choice":"Desecrate","damage_taken":0,"max_hp_gain":0,"max_hp_loss":0,"event_name":"Golden Shrine","floor":4,"gold_loss":0,"cards_obtained":["Regret"]},{"cards_removed":["Regret"],"damage_healed":0,"gold_gain":0,"player_choice":"Card Removal","damage_taken":7,"max_hp_gain":0,"max_hp_loss":0,"event_name":"Golden Wing","floor":14,"gold_loss":0},{"damage_healed":0,"gold_gain":0,"player_choice":"Ignored","damage_taken":0,"max_hp_gain":0,"max_hp_loss":0,"event_name":"Ghosts","floor":19,"gold_loss":0},{"damage_healed":0,"gold_gain":0,"player_choice":"Opened","damage_taken":0,"relics_obtained":["ReplayTheSpireMod:Spearhead"],"max_hp_gain":0,"max_hp_loss":0,"event_name":"The Mausoleum","floor":20,"gold_loss":0,"cards_obtained":["Writhe"]},{"damage_healed":0,"gold_gain":0,"player_choice":"Fought Bandits","damage_taken":0,"max_hp_gain":0,"max_hp_loss":0,"event_name":"Masked Bandits","floor":21,"gold_loss":0}],"is_beta":false,"boss_relics":[{"not_picked":["SlaversCollar","Pandora\u0027s Box"],"picked":"Replay:Wanted Poster"}],"items_purged_floors":[0],"is_endless":false,"potions_floor_spawned":[1,6,10,16],"killed_by":"Masked Bandits","ascension_level":9}}