{"host":"adv1uqz3812gqgbw","time":1610165198,"event":{"mods":["BaseMod","Better Note","Colored Powertips","Custom Start","GifTheSpireLib","Hermit","Minty Spire (QoL Compilation)","SacredBarkPlus","StSLib","The Runesmith","Uncapped"],"gold_per_floor":[99,99,99,99,15,15,15,15,15,15,15,15,15,15,15,15,15,15,15,15,15,15,15,15,15,15,15,15,15,15,15,15,15,15,15,15,0,0,0,0,0,0,0,0,0,0,0,0,0,0,0],"floor_reached":52,"playtime":1110,"items_purged":[],"score":3429,"play_id":"1720490e-088c-4bf6-9da1-42d881217a38","local_time":"20210109020638","daily_mods":["Diverse","Colorless Cards","Time Dilation","Flight","DeadlyEvents","Elite Swarm","Lethality","Midas"],"is_ascension_mode":true,"campfire_choices":[{"floor":15,"key":"REST"},{"floor":32,"key":"REST"},{"floor":40,"key":"REST"},{"floor":46,"key":"REST"},{"floor":49,"key":"REST"}],"circlet_count":0,"master_deck":["Catalyst+1","Catalyst+1","Grand Finale+1","Grand Finale+1","Grand Finale+1","Bane+1","Bane+1","Bane+1","Deflect+1"],"relics":["Ring of the Snake","Bag of Preparation","Bag of Marbles","TwistedFunnel","The Specimen","Snake Skull","Vajra","Bottled Flame","Bottled Lightning","Brimstone","Anchor","hermit:DentedPlate","Lee\u0027s Waffle","Mango","Runesmith:Nanobots","Pear","PureWater","Busted Crown","Lantern","Frozen Eye","Ice Cream","Ectoplasm","Singing Bowl","Paper Frog","Sozu","Runic Pyramid","Bronze Scales","Ginger","Membership Card","Nuclear Battery","Boot","Centennial Puzzle","Meat on the Bone","Pen Nib","PreservedInsect","Dream Catcher","Philosopher\u0027s Stone","Blue Candle","War Paint","Strawberry","Calipers","Akabeko","Torii","Gremlin Horn","Fusion Hammer","Red Mask","Blood Vial","Shuriken","Runesmith:AutoHammer","MealTicket"],"acts_visited":["Exordium","TheCity","TheBeyond"],"potions_floor_usage":[],"damage_taken":[{"damage":0,"enemies":"Jaw Worm","floor":1,"turns":1},{"damage":0,"enemies":"Small Slimes","floor":3,"turns":1},{"damage":0,"enemies":"2 Louse","floor":4,"turns":1},{"damage":0,"enemies":"3 Sentries","floor":6,"turns":1},{"damage":0,"enemies":"Lagavulin","floor":8,"turns":1},{"damage":0,"enemies":"Gremlin Nob","floor":10,"turns":1},{"damage":0,"enemies":"2 Fungi Beasts","floor":11,"turns":1},{"damage":0,"enemies":"3 Sentries","floor":12,"turns":1},{"damage":0,"enemies":"Lagavulin","floor":13,"turns":1},{"damage":0,"enemies":"Slime Boss","floor":16,"turns":1},{"damage":0,"enemies":"Spheric Guardian","floor":18,"turns":1},{"damage":0,"enemies":"Gremlin Leader","floor":20,"turns":1},{"damage":0,"enemies":"Chosen","floor":22,"turns":1},{"damage":0,"enemies":"Slavers","floor":23,"turns":1},{"damage":0,"enemies":"Gremlin Leader","floor":25,"turns":1},{"damage":0,"enemies":"Book of Stabbing","floor":27,"turns":1},{"damage":0,"enemies":"Slavers","floor":28,"turns":1},{"damage":0,"enemies":"3 Cultists","floor":30,"turns":1},{"damage":0,"enemies":"Automaton","floor":33,"turns":1},{"damage":0,"enemies":"3 Darklings","floor":35,"turns":1},{"damage":0,"enemies":"3 Shapes","floor":36,"turns":1},{"damage":0,"enemies":"Jaw Worm Horde","floor":39,"turns":1},{"damage":0,"enemies":"Nemesis","floor":41,"turns":1},{"damage":0,"enemies":"Giant Head","floor":42,"turns":1},{"damage":0,"enemies":"Spire Growth","floor":45,"turns":1},{"damage":0,"enemies":"Reptomancer","floor":47,"turns":1},{"damage":0,"enemies":"Nemesis","floor":48,"turns":1},{"damage":0,"enemies":"Awakened One","floor":50,"turns":2},{"damage":0,"enemies":"Time Eater","floor":51,"turns":1}],"seed_played":"-3277836492991532401","potions_obtained":[],"is_trial":true,"path_per_floor":["M","?","M","M","$","E","?","E","T","E","M","E","E","?","R","B",null,"M","?","E","$","M","E","T","E","T","E","E","?","M","$","R","B",null,"M","M","?","$","M","R","E","E","T","?","M","R","E","E","R","B","B",null],"character_chosen":"THE_SILENT","items_purchased":["Boot"],"campfire_rested":5,"item_purchase_floors":[5],"current_hp_per_floor":[66,66,68,70,70,72,72,74,74,76,78,80,82,87,89,91,91,93,93,95,95,97,99,106,108,108,110,112,112,114,114,116,118,118,120,122,122,122,124,126,128,130,130,130,132,134,136,138,138,138,138],"gold":0,"neow_bonus":"","is_daily":false,"chose_seed":false,"campfire_upgraded":0,"win_rate":0.0,"timestamp":1610165198,"path_taken":["M","?","M","M","$","E","?","E","T","E","?","E","?","?","R","BOSS","M","?","?","?","?","E","?","?","T","?","E","?","?","?","R","BOSS","M","?","?","?","M","R","E","?","T","?","?","R","?","E","R","BOSS","BOSS"],"items_purchased_type":["Relic"],"build_version":"2020-12-22","purchased_purges":0,"victory":true,"max_hp_per_floor":[66,66,68,70,70,72,72,74,74,76,78,80,82,87,89,91,91,93,93,95,95,97,99,106,108,108,110,112,112,114,114,116,118,118,120,122,122,122,124,126,128,130,130,130,132,134,136,138,138,138,138],"card_choices":[{"not_picked":["Combust"],"picked":"Singing Bowl","floor":1},{"not_picked":["hermit:HoleUp"],"picked":"Singing Bowl","floor":3},{"not_picked":["PiercingWail"],"picked":"Singing Bowl","floor":4},{"not_picked":["Die Die Die"],"picked":"Singing Bowl","floor":6},{"not_picked":["MasterReality"],"picked":"Singing Bowl","floor":8},{"not_picked":["Runesmith:UnlimitedPower"],"picked":"Singing Bowl","floor":10},{"not_picked":["Thunderclap"],"picked":"Singing Bowl","floor":11},{"not_picked":["Storm of Steel"],"picked":"Singing Bowl","floor":12},{"not_picked":["Runesmith:UnlimitedPower"],"picked":"Singing Bowl","floor":13},{"not_picked":["LikeWater"],"picked":"Singing Bowl","floor":15},{"not_picked":["Adrenaline"],"picked":"Singing Bowl","floor":16},{"not_picked":["hermit:Headshot"],"picked":"Singing Bowl","floor":18},{"not_picked":["Thunder Strike"],"picked":"Singing Bowl","floor":20},{"not_picked":["Backstab"],"picked":"Singing Bowl","floor":22},{"not_picked":["Tools of the Trade"],"picked":"Singing Bowl","floor":23},{"not_picked":["Venomology"],"picked":"Singing Bowl","floor":25},{"not_picked":["Malaise"],"picked":"Singing Bowl","floor":27},{"not_picked":["All For One"],"picked":"Singing Bowl","floor":28},{"not_picked":["Conserve Battery"],"picked":"Singing Bowl","floor":30},{"not_picked":["FollowUp"],"picked":"Singing Bowl","floor":32},{"not_picked":["hermit:Gambit"],"picked":"Singing Bowl","floor":33},{"not_picked":["PiercingWail"],"picked":"Singing Bowl","floor":35},{"not_picked":["Reinforced Body"],"picked":"Singing Bowl","floor":36},{"not_picked":["hermit:LoneWolf"],"picked":"Singing Bowl","floor":39},{"not_picked":["Battle Trance"],"picked":"Singing Bowl","floor":40},{"not_picked":["Master of Strategy"],"picked":"Singing Bowl","floor":41},{"not_picked":["MasterReality"],"picked":"Singing Bowl","floor":42},{"not_picked":["Heatsinks"],"picked":"Singing Bowl","floor":45},{"not_picked":["hermit:HoleUp"],"picked":"Singing Bowl","floor":46},{"not_picked":["Night Terror"],"picked":"Singing Bowl","floor":47},{"not_picked":["Runesmith:MetallurgicalResearch"],"picked":"Singing Bowl","floor":48},{"not_picked":[],"picked":"Deflect+1","floor":49}],"player_experience":351172,"relics_obtained":[{"floor":6,"key":"Centennial Puzzle"},{"floor":8,"key":"Meat on the Bone"},{"floor":9,"key":"Pen Nib"},{"floor":10,"key":"PreservedInsect"},{"floor":13,"key":"Dream Catcher"},{"floor":20,"key":"Blue Candle"},{"floor":23,"key":"War Paint"},{"floor":24,"key":"Strawberry"},{"floor":25,"key":"Calipers"},{"floor":26,"key":"Akabeko"},{"floor":27,"key":"Torii"},{"floor":28,"key":"Gremlin Horn"},{"floor":42,"key":"Blood Vial"},{"floor":43,"key":"Shuriken"},{"floor":47,"key":"Runesmith:AutoHammer"},{"floor":48,"key":"MealTicket"}],"event_choices":[{"damage_healed":0,"gold_gain":0,"player_choice":"Fled","damage_taken":0,"max_hp_gain":0,"max_hp_loss":0,"event_name":"Scrap Ooze","floor":2,"gold_loss":0},{"damage_healed":0,"gold_gain":0,"player_choice":"Ignored","damage_taken":0,"max_hp_gain":0,"max_hp_loss":0,"event_name":"Golden Wing","floor":7,"gold_loss":0},{"damage_healed":0,"gold_gain":0,"player_choice":"Donut","damage_taken":0,"max_hp_gain":5,"max_hp_loss":0,"event_name":"Big Fish","floor":14,"gold_loss":0},{"damage_healed":0,"gold_gain":0,"player_choice":"Ignored","damage_taken":0,"max_hp_gain":0,"max_hp_loss":0,"event_name":"betterNote:BetterNote","floor":19,"gold_loss":0,"cards_obtained":["Clash"]},{"damage_healed":0,"gold_gain":0,"player_choice":"Ignored","damage_taken":0,"max_hp_gain":0,"max_hp_loss":0,"event_name":"The Mausoleum","floor":29,"gold_loss":0},{"damage_healed":0,"gold_gain":0,"player_choice":"Paid","damage_taken":0,"relics_obtained":["Red Mask"],"max_hp_gain":0,"max_hp_loss":0,"event_name":"Tomb of Lord Red Mask","floor":37,"gold_loss":15},{"cards_removed":["Catalyst"],"damage_healed":0,"gold_gain":0,"player_choice":"Removed Skill","damage_taken":0,"max_hp_gain":0,"max_hp_loss":0,"event_name":"Falling","floor":44,"gold_loss":0}],"is_beta":false,"boss_relics":[{"not_picked":["Cursed Key","Astrolabe"],"picked":"Philosopher\u0027s Stone"},{"not_picked":["Busted Crown","Coffee Dripper"],"picked":"Fusion Hammer"}],"items_purged_floors":[],"is_endless":false,"potions_floor_spawned":[1,3,8,11,12,16,20,25,28,36,45,47,48],"ascension_level":20}}