{"host":"7qf1todfnxspvw7w","time":1610152384,"event":{"mods":["AchievementEnabler","BaseMod","Block Reminder","Colored Powertips","Disable Question Mark Monsters","Displayed Cursed Tome","Googly Eyes","Minty Spire (QoL Compilation)","Poor People Problems","Rare Cards Sparkle","Relic Stats","Reorder Act Four","SacredBarkPlus","StSLib","Uncapped"],"gold_per_floor":[111,130,130,8,70,120,70,70,70,70,84,99,124,141,141,141,141],"floor_reached":16,"playtime":356,"items_purged":["Strike_R","Strike_R"],"score":102,"play_id":"a66ff0cb-1dfb-4961-8772-b4aa18da8567","local_time":"20210109033304","is_ascension_mode":false,"campfire_choices":[{"data":"Bash","floor":8,"key":"SMITH"},{"data":"Shrug It Off","floor":10,"key":"SMITH"},{"floor":15,"key":"REST"}],"circlet_count":0,"master_deck":["Strike_R","Strike_R","Strike_R","Defend_R","Defend_R","Defend_R","Defend_R","Bash+1","Cleave","Shrug It Off+1","Clash"],"relics":["Burning Blood","SsserpentHead","Regal Pillow","Matryoshka"],"acts_visited":["Exordium"],"potions_floor_usage":[16],"damage_taken":[{"damage":10,"enemies":"Small Slimes","floor":1,"turns":3},{"damage":6,"enemies":"Cultist","floor":2,"turns":3},{"damage":10,"enemies":"Jaw Worm","floor":5,"turns":3},{"damage":21,"enemies":"Exordium Thugs","floor":11,"turns":4},{"damage":0,"enemies":"Lots of Slimes","floor":12,"turns":3},{"damage":38,"enemies":"3 Sentries","floor":13,"turns":9},{"damage":11,"enemies":"Large Slime","floor":14,"turns":5},{"damage":66,"enemies":"Slime Boss","floor":16,"turns":10}],"seed_played":"8202433554154199304","potions_obtained":[{"floor":2,"key":"SteroidPotion"},{"floor":11,"key":"SpeedPotion"},{"floor":14,"key":"BloodPotion"}],"is_trial":false,"path_per_floor":["M","M","?","$","M","?","$","R","T","R","M","M","E","M","R","B"],"character_chosen":"IRONCLAD","items_purchased":["Shrug It Off"],"campfire_rested":1,"item_purchase_floors":[4],"current_hp_per_floor":[76,76,76,76,72,72,72,72,72,72,57,63,31,26,65,0,0],"gold":141,"neow_bonus":"THREE_CARDS","is_daily":false,"chose_seed":false,"campfire_upgraded":2,"win_rate":0.0,"timestamp":1610152384,"path_taken":["M","M","?","$","?","?","?","R","T","R","M","M","E","M","R","BOSS"],"items_purchased_type":["Card"],"build_version":"2020-12-22","purchased_purges":2,"victory":false,"max_hp_per_floor":[80,80,80,80,80,80,80,80,80,80,80,80,80,80,80,80,80],"relic_stats":{"SsserpentHead":150,"Regal Pillow":15,"counters":[8,40],"obtain_stats":[{"SsserpentHead":3,"Regal Pillow":9,"Matryoshka":13,"Burning Blood":0},{"SsserpentHead":2,"Regal Pillow":3,"Matryoshka":6,"Burning Blood":0},{"SsserpentHead":6,"Regal Pillow":9,"Matryoshka":25,"Burning Blood":0}],"Burning Blood":42},"card_choices":[{"not_picked":["Whirlwind","Flex"],"picked":"Cleave","floor":0},{"not_picked":["Wild Strike","Cleave","Headbutt"],"picked":"SKIP","floor":1},{"not_picked":["Second Wind","Headbutt","Havoc"],"picked":"SKIP","floor":2},{"not_picked":["Second Wind","Headbutt","Heavy Blade"],"picked":"SKIP","floor":5},{"not_picked":["Armaments","Ghostly Armor","Pummel"],"picked":"SKIP","floor":11},{"not_picked":["Thunderclap","True Grit","Reckless Charge"],"picked":"SKIP","floor":12},{"not_picked":["Ghostly Armor","Infernal Blade"],"picked":"Clash","floor":13},{"not_picked":["Havoc","True Grit","Heavy Blade"],"picked":"SKIP","floor":14}],"player_experience":499145,"relics_obtained":[{"floor":9,"key":"Regal Pillow"},{"floor":13,"key":"Matryoshka"}],"event_choices":[{"damage_healed":0,"gold_gain":0,"player_choice":"Trade","damage_taken":0,"relics_obtained":["SsserpentHead"],"max_hp_gain":0,"max_hp_loss":0,"event_name":"FaceTrader","floor":3,"gold_loss":0},{"damage_healed":0,"gold_gain":0,"player_choice":"Bought 0 Potions","damage_taken":0,"max_hp_gain":0,"max_hp_loss":0,"event_name":"The Woman in Blue","floor":6,"gold_loss":0}],"is_beta":false,"boss_relics":[],"items_purged_floors":[4,7],"is_endless":false,"potions_floor_spawned":[2,11,14],"killed_by":"Slime Boss","ascension_level":0}}