{"host":"msa0wxqjs3jv1k3j","time":1610201379,"event":{"mods":["BaseMod","BetterRewards","Colored Map","Highlight Path","KOR Keyword Fix","Keyboard Shortcuts","Minty Spire (QoL Compilation)","Quick Restart","SuperFastMode","everything is the same but u backflip on backflip"],"gold_per_floor":[115,24,24,199,217,231,201,201,201,231,287,305,305,318,318,413,413,428,428,527,527,527,558,558,575,600,613,613,613,625,319,319,319,319],"floor_reached":33,"playtime":1444,"items_purged":["Defend_G"],"score":288,"play_id":"5e7131aa-d595-4e83-8a75-f4d6b958bef3","local_time":"20210109230939","is_ascension_mode":false,"campfire_choices":[{"data":"Deadly Poison","floor":8,"key":"SMITH"},{"floor":13,"key":"REST"},{"floor":15,"key":"REST"},{"floor":24,"key":"REST"},{"floor":28,"key":"REST"},{"floor":32,"key":"REST"}],"circlet_count":0,"master_deck":["Strike_G","Strike_G","Strike_G","Defend_G","Defend_G+1","Defend_G","Defend_G","Survivor","Neutralize","Footwork","Outmaneuver","Well Laid Plans","Doubt","Deadly Poison","Backflip","Deadly Poison+1","Crippling Poison","Finisher","Poisoned Stab","Deflect","Envenom","Dagger Spray","Poisoned Stab","Storm of Steel","Prepared+1","Blade Dance+1","Deadly Poison+1","Venomology","Flying Knee","Infinite Blades"],"relics":["Ring of the Serpent","Calipers","Chemical X","Pear","The Specimen","Question Card","Letter Opener","Vajra","War Paint","Pen Nib","HandDrill"],"acts_visited":["Exordium","TheCity"],"potions_floor_usage":[10,11,12,16,27,30,30,33,33],"damage_taken":[{"damage":5,"enemies":"Jaw Worm","floor":1,"turns":5},{"damage":8,"enemies":"Small Slimes","floor":5,"turns":7},{"damage":3,"enemies":"2 Louse","floor":6,"turns":2},{"damage":13,"enemies":"Looter","floor":7,"turns":4},{"damage":31,"enemies":"Gremlin Nob","floor":10,"turns":5},{"damage":17,"enemies":"3 Sentries","floor":11,"turns":7},{"damage":5,"enemies":"Blue Slaver","floor":12,"turns":3},{"damage":15,"enemies":"3 Louse","floor":14,"turns":2},{"damage":27,"enemies":"Slime Boss","floor":16,"turns":13},{"damage":22,"enemies":"Spheric Guardian","floor":18,"turns":5},{"damage":57,"enemies":"Slavers","floor":23,"turns":7},{"damage":9,"enemies":"3 Byrds","floor":25,"turns":6},{"damage":20,"enemies":"Centurion and Healer","floor":27,"turns":6},{"damage":4,"enemies":"3 Cultists","floor":30,"turns":3},{"damage":77,"enemies":"Automaton","floor":33,"turns":6}],"seed_played":"2050564154124709226","potions_obtained":[{"floor":5,"key":"Energy Potion"},{"floor":10,"key":"SpeedPotion"},{"floor":11,"key":"Poison Potion"},{"floor":14,"key":"BlessingOfTheForge"},{"floor":23,"key":"GhostInAJar"},{"floor":27,"key":"DuplicationPotion"},{"floor":30,"key":"PowerPotion"}],"is_trial":false,"path_per_floor":["M","$","?","?","M","M","M","R","T","E","?","M","R","M","R","B",null,"M","?","?","?","?","E","R","M","T","M","R","?","M","$","R","B"],"character_chosen":"THE_SILENT","items_purchased":["Chemical X","Pear","The Specimen","Outmaneuver","Well Laid Plans","Infinite Blades","HandDrill"],"campfire_rested":5,"item_purchase_floors":[0,0,0,2,2,31,31],"current_hp_per_floor":[75,75,80,80,72,69,56,56,56,25,8,3,28,13,38,11,85,63,63,63,63,63,6,31,22,22,2,27,27,23,23,48,0,0],"gold":319,"neow_bonus":"","is_daily":false,"chose_seed":false,"campfire_upgraded":1,"win_rate":0.0,"timestamp":1610201379,"path_taken":["M","$","?","?","M","M","M","R","T","E","?","M","R","M","R","BOSS","M","?","?","?","?","E","R","M","T","M","R","?","M","$","R","BOSS"],"items_purchased_type":["Relic","Relic","Relic","Card","Card","Card","Relic"],"build_version":"2020-12-22","purchased_purges":1,"victory":false,"max_hp_per_floor":[80,80,85,85,85,85,85,85,85,85,85,85,85,85,85,85,85,85,85,85,85,85,85,85,85,85,85,85,85,85,85,85,85,85],"card_choices":[{"not_picked":["Calculated Gamble","Predator"],"picked":"Footwork","floor":1},{"not_picked":["Bane","Cloak And Dagger"],"picked":"Deadly Poison","floor":5},{"not_picked":["Acrobatics","Sucker Punch"],"picked":"Backflip","floor":6},{"not_picked":["Backflip","Well Laid Plans"],"picked":"Deadly Poison","floor":7},{"not_picked":["Cloak And Dagger","Flechettes","Die Die Die"],"picked":"Crippling Poison","floor":10},{"not_picked":["Flying Knee","Dagger Spray","Heel Hook"],"picked":"Finisher","floor":11},{"not_picked":["Expertise","Cloak And Dagger","Flying Knee"],"picked":"Poisoned Stab","floor":12},{"not_picked":["Flying Knee","Outmaneuver","Blur"],"picked":"Deflect","floor":14},{"not_picked":["Phantasmal Killer","Unload","Die Die Die"],"picked":"Envenom","floor":16},{"not_picked":["Predator","Deadly Poison+1","Skewer+1"],"picked":"Dagger Spray","floor":18},{"not_picked":["Expertise","Dagger Throw","Sucker Punch"],"picked":"Blade Dance+1","floor":23},{"not_picked":["Backstab","Quick Slash","Heel Hook"],"picked":"Deadly Poison+1","floor":25},{"not_picked":["Dodge and Roll","Finisher","Deflect"],"picked":"Venomology","floor":27},{"not_picked":["Prepared","Dodge and Roll","Slice"],"picked":"Flying Knee","floor":30}],"player_experience":55461,"relics_obtained":[{"floor":9,"key":"Question Card"},{"floor":10,"key":"Letter Opener"},{"floor":11,"key":"Vajra"},{"floor":23,"key":"War Paint"},{"floor":26,"key":"Pen Nib"}],"event_choices":[{"damage_healed":0,"gold_gain":0,"player_choice":"Donut","damage_taken":0,"max_hp_gain":5,"max_hp_loss":0,"event_name":"Big Fish","floor":3,"gold_loss":0},{"damage_healed":0,"gold_gain":175,"player_choice":"AGREE","damage_taken":0,"max_hp_gain":0,"max_hp_loss":0,"event_name":"Liars Game","floor":4,"gold_loss":0,"cards_obtained":["Doubt"]},{"damage_healed":0,"gold_gain":30,"player_choice":"Searched \u00273\u0027 times","damage_taken":0,"max_hp_gain":0,"max_hp_loss":0,"event_name":"Dead Adventurer","floor":11,"gold_loss":0},{"damage_healed":0,"gold_gain":0,"player_choice":"Read","damage_taken":0,"max_hp_gain":0,"max_hp_loss":0,"event_name":"The Library","floor":19,"gold_loss":0,"cards_obtained":["Poisoned Stab"]},{"damage_healed":0,"gold_gain":99,"player_choice":"Stole From Cult","damage_taken":0,"max_hp_gain":0,"max_hp_loss":0,"event_name":"Nest","floor":20,"gold_loss":0},{"damage_healed":0,"gold_gain":0,"player_choice":"Ignored","damage_taken":0,"max_hp_gain":0,"max_hp_loss":0,"event_name":"Vampires","floor":21,"gold_loss":0},{"damage_healed":0,"gold_gain":0,"cards_transformed":["Strike_G","Strike_G"],"player_choice":"Became Test Subject","damage_taken":0,"max_hp_gain":0,"max_hp_loss":0,"event_name":"Drug Dealer","floor":22,"gold_loss":0,"cards_obtained":["Storm of Steel","Prepared"]},{"damage_healed":0,"gold_gain":0,"player_choice":"Ignored","damage_taken":0,"max_hp_gain":0,"max_hp_loss":0,"event_name":"Cursed Tome","floor":29,"gold_loss":0}],"is_beta":false,"boss_relics":[{"not_picked":["Ectoplasm","Snecko Eye"],"picked":"Ring of the Serpent"}],"items_purged_floors":[31],"is_endless":false,"potions_floor_spawned":[5,10,11,14,23,27,30],"killed_by":"Automaton","ascension_level":0}}