{"host":"o7j6aatxjwpw1421","time":1610176292,"event":{"mods":["2.2 Compatiblity","AchievementEnabler","BaseMod","Colored Map","DeckTracker","Highlight Path","Keyboard Shortcuts","Minty Spire (QoL Compilation)","Permanent Neow","Quick Restart","StSLib","SuperFastMode","everything is the same but u backflip on backflip"],"gold_per_floor":[19,19,36,51,51,51,9,43,43,76,76,92,103,129,129,203,203,215,215,215,265,222,222,222],"floor_reached":23,"playtime":1063,"items_purged":[],"score":433,"play_id":"61f5b7e4-fd7c-43d3-b4b5-8a4109b2c920","local_time":"20210109161132","is_ascension_mode":true,"campfire_choices":[{"data":"Feed","floor":6.0,"key":"SMITH"},{"floor":11.0,"key":"REST"},{"floor":15.0,"key":"REST"}],"circlet_count":0,"master_deck":["AscendersBane","Strike_R","Strike_R","Strike_R","Strike_R","Strike_R","Defend_R","Defend_R","Defend_R","Defend_R","Bash","Feed+1","Sword Boomerang","Headbutt","Inflame","Dual Wield","Barricade","Body Slam","Impervious","Entrench"],"relics":["Burning Blood","Torii","Letter Opener","Vajra","Shuriken","Black Star","Pear"],"acts_visited":["Exordium","TheCity"],"potions_floor_usage":[22,23,23],"damage_taken":[{"damage":7.0,"enemies":"Small Slimes","floor":1.0,"turns":3.0},{"damage":1.0,"enemies":"Cultist","floor":3.0,"turns":3.0},{"damage":9.0,"enemies":"Jaw Worm","floor":4.0,"turns":5.0},{"damage":35.0,"enemies":"Lagavulin","floor":8.0,"turns":6.0},{"damage":32.0,"enemies":"Gremlin Nob","floor":10.0,"turns":4.0},{"damage":14.0,"enemies":"Large Slime","floor":12.0,"turns":6.0},{"damage":13.0,"enemies":"Exordium Wildlife","floor":13.0,"turns":4.0},{"damage":23.0,"enemies":"3 Sentries","floor":14.0,"turns":8.0},{"damage":30.0,"enemies":"The Guardian","floor":16.0,"turns":14.0},{"damage":29.0,"enemies":"Chosen","floor":18.0,"turns":7.0},{"damage":36,"enemies":"2 Thieves","floor":22,"turns":5},{"damage":61,"enemies":"Gremlin Leader","floor":23,"turns":5}],"seed_played":"7877305035985065383","potions_obtained":[{"floor":8.0,"key":"Dexterity Potion"},{"floor":10.0,"key":"SpeedPotion"},{"floor":12.0,"key":"Swift Potion"},{"floor":14.0,"key":"AttackPotion"},{"floor":16.0,"key":"BlessingOfTheForge"},{"floor":18.0,"key":"Regen Potion"},{"floor":22,"key":"BlessingOfTheForge"}],"is_trial":false,"path_per_floor":["M","?","M","M","$","R","$","E","T","E","R","M","M","E","R","B",null,"M","?","T","?","M","E"],"character_chosen":"IRONCLAD","items_purchased":["Dual Wield"],"campfire_rested":2,"item_purchase_floors":[7],"current_hp_per_floor":[70,78,78,75,75,75,75,50,50,28,53,45,42,33,62,38,83,60,60,70,70,40,0,0],"gold":222,"neow_bonus":"THREE_RARE_CARDS","is_daily":false,"chose_seed":false,"campfire_upgraded":1,"win_rate":0.0,"timestamp":1610176292,"path_taken":["M","?","M","M","?","R","$","E","T","E","R","M","M","E","R","BOSS","M","?","?","?","?","E"],"items_purchased_type":["Card"],"build_version":"2020-12-22","purchased_purges":0,"victory":false,"max_hp_per_floor":[78,78,78,78,78,78,78,82,82,86,86,86,90,98,98,98,98,98,98,108,108,108,108,108],"card_choices":[{"not_picked":["Bludgeon","Impervious"],"picked":"Feed","floor":0.0},{"not_picked":["Twin Strike","Searing Blow"],"picked":"Sword Boomerang","floor":1.0},{"not_picked":["Iron Wave","Havoc"],"picked":"Headbutt","floor":3.0},{"not_picked":["Rupture","Searing Blow"],"picked":"Inflame","floor":4.0},{"not_picked":["Pummel","Anger"],"picked":"Barricade","floor":8.0},{"not_picked":["Sword Boomerang","Iron Wave","Infernal Blade"],"picked":"SKIP","floor":10.0},{"not_picked":["Searing Blow","Flex","Rampage"],"picked":"SKIP","floor":12.0},{"not_picked":["Rage","Sever Soul"],"picked":"Body Slam","floor":13.0},{"not_picked":["Clash","Shockwave"],"picked":"Impervious","floor":14.0},{"not_picked":["Carnage","Thunderclap","Anger"],"picked":"SKIP","floor":18.0},{"not_picked":["Rupture","Heavy Blade","Clothesline"],"picked":"SKIP","floor":22}],"player_experience":441820,"relics_obtained":[{"floor":8.0,"key":"Torii"},{"floor":9.0,"key":"Letter Opener"},{"floor":10.0,"key":"Vajra"},{"floor":14.0,"key":"Shuriken"},{"floor":20.0,"key":"Pear"}],"event_choices":[{"damage_healed":8.0,"max_hp_gain":0.0,"max_hp_loss":0.0,"gold_gain":0.0,"event_name":"Wheel of Change","player_choice":"Full Heal","floor":2.0,"gold_loss":0.0,"damage_taken":0.0},{"damage_healed":0.0,"max_hp_gain":0.0,"max_hp_loss":0.0,"gold_gain":0.0,"event_name":"The Library","player_choice":"Read","floor":19.0,"gold_loss":0.0,"damage_taken":0.0,"cards_obtained":["Entrench"]},{"damage_healed":0.0,"max_hp_gain":0.0,"max_hp_loss":0.0,"gold_gain":50.0,"event_name":"Nest","player_choice":"Stole From Cult","floor":21.0,"gold_loss":0.0,"damage_taken":0.0}],"is_beta":false,"boss_relics":[{"not_picked":["Fusion Hammer","Runic Dome"],"picked":"Black Star"}],"items_purged_floors":[],"is_endless":false,"potions_floor_spawned":[8,10,12,14,16,18,22],"killed_by":"Gremlin Leader","ascension_level":19}}