{"host":"yfdtuf6ojcxn06xg","time":1610184157,"event":{"mods":["2.2 Compatiblity","AchievementEnabler","BaseMod","Colored Map","Colored Powertips","Downfall","Hermit","JesterMod","Jorbs\u0027s Wanderer Trilogy","Minty Spire (QoL Compilation)","Quick Restart","Rare Cards Sparkle","Relic Stats","Replay The Spire","StSLib","The Cursed","The Disciple","The Hierophant","The Jungle","The Necromancer","The Servant 0.9.4"],"gold_per_floor":[114,114,114,127,146,146,180,197,220,231,231,231,242,266,343,446,446,464,71,81,81,100,100,127,127,175,175,11,11,27,46,46,149,149,159,45,45,56,71,99,24,24,24,24,54,54,67,101,101,101],"floor_reached":51,"playtime":3095,"items_purged":["Strike_G"],"score":817,"play_id":"30aac373-b2c4-41e7-840f-c3b8d54df519","local_time":"20210109042237","is_ascension_mode":true,"campfire_choices":[{"data":"Endless Agony","floor":6.0,"key":"SMITH"},{"floor":12.0,"key":"REST"},{"data":"Finisher","floor":23,"key":"SMITH"},{"data":"Setup","floor":27,"key":"SMITH"},{"data":"After Image","floor":29,"key":"SMITH"},{"data":"Footwork","floor":32,"key":"SMITH"},{"data":"Infinite Blades","floor":42,"key":"SMITH"},{"data":"Envenom","floor":46,"key":"SMITH"},{"data":"ReplayTheSpireMod:Shiv Toss","floor":49,"key":"SMITH"}],"circlet_count":0,"master_deck":["Strike_G","Strike_G","Strike_G","Defend_G","Defend_G","Defend_G","Defend_G","Defend_G","Survivor","Neutralize","Dramatic Entrance","Escape Plan","ReplayTheSpireMod:Shiv Toss+1","Endless Agony+1","Footwork+1","Slice","Deflect","Burst","Blade Dance","Footwork+1","Finisher+1","ReplayTheSpireMod:Speed Training","Blade Dance","Setup+1","After Image+1","Concentrate","Deflect","Envenom+1","stsjorbsmod:Procrastination","Slice","Slice","Outmaneuver+1","All Out Attack+1","Infinite Blades+1","Escape Plan","Cloak And Dagger","Prepared+1"],"relics":["Ring of the Snake","Centennial Puzzle","Bag of Marbles","Replay:Wax Seal","Odd Mushroom","WristBlade","Snack Pack","ReplayTheSpireMod:Shallot","ReplayTheSpireMod:Lightbulb","Replay:Ancient Bell","Omamori","Replay:Bottled Snecko","Incense Burner","Mirror","Mercury Hourglass","Bottled Lightning","Bottled Tornado","Eternal Feather"],"acts_visited":["Exordium","TheCity","TheBeyond"],"potions_floor_usage":[24,31,33,33,40,50],"damage_taken":[{"damage":2.0,"enemies":"Jaw Worm","floor":1.0,"turns":4.0},{"damage":2.0,"enemies":"Small Slimes","floor":4.0,"turns":3.0},{"damage":0.0,"enemies":"2 Louse","floor":5.0,"turns":2.0},{"damage":19.0,"enemies":"Lagavulin","floor":7.0,"turns":9.0},{"damage":3.0,"enemies":"Exordium Wildlife","floor":8.0,"turns":3.0},{"damage":0.0,"enemies":"Blue Slaver","floor":10.0,"turns":5.0},{"damage":0.0,"enemies":"Lots of Slimes","floor":13.0,"turns":1.0},{"damage":0.0,"enemies":"The Mushroom Lair","floor":14.0,"turns":4.0},{"damage":34.0,"enemies":"Fading Forest","floor":16.0,"turns":11.0},{"damage":20,"enemies":"Spheric Guardian","floor":18,"turns":6},{"damage":7,"enemies":"3 Byrds","floor":20,"turns":5},{"damage":0,"enemies":"Centurion and Healer","floor":22,"turns":8},{"damage":8,"enemies":"Replay:Snechameleon","floor":24,"turns":8},{"damage":0,"enemies":"Cultist and Chosen","floor":30,"turns":5},{"damage":0,"enemies":"Snecko","floor":31,"turns":4},{"damage":35,"enemies":"Automaton","floor":33,"turns":9},{"damage":17,"enemies":"3 Shapes","floor":35,"turns":5},{"damage":0,"enemies":"Orb Walker","floor":38,"turns":3},{"damage":19,"enemies":"Spire Growth","floor":39,"turns":4},{"damage":10,"enemies":"Reptomancer","floor":40,"turns":9},{"damage":0,"enemies":"R_Hoarder","floor":45,"turns":6},{"damage":7,"enemies":"Jaw Worm Horde","floor":47,"turns":3},{"damage":23,"enemies":"Giant Head","floor":48,"turns":9},{"damage":86,"enemies":"Awakened One","floor":50,"turns":15}],"seed_played":"-3253336386617013655","potions_obtained":[{"floor":5.0,"key":"LiquidMemories"},{"floor":10.0,"key":"SpeedPotion"},{"floor":13.0,"key":"Adrenaline Potion"},{"floor":18,"key":"Ancient Potion"},{"floor":24,"key":"FairyPotion"},{"floor":30,"key":"Elixir"},{"floor":31,"key":"AttackPotion"},{"floor":35,"key":"PowerPotion"},{"floor":39,"key":"BlessingOfTheForge"}],"is_trial":false,"path_per_floor":["M","?","?","M","M","R","E","M","T","M","?","R","M","?","R_BF","B",null,"M","$","M","?","M","R","E","?","T","R","$","R","M","M","R","B",null,"M","$","T","M","M","E","$","R","T","$","E","R","M","E","R","B",null],"character_chosen":"THE_SILENT","items_purchased":["Snack Pack","Footwork+1","Finisher","After Image","Slice","Infinite Blades"],"campfire_rested":1,"item_purchase_floors":[19,19,19,28,36,41],"current_hp_per_floor":[68,73,66,64,64,64,45,42,42,42,42,64,64,64,64,34,75,55,55,54,75,75,75,70,70,70,70,70,70,75,75,75,48,75,60,60,60,64,53,55,55,55,55,55,69,69,66,59,75,10],"gold":101,"neow_bonus":"RANDOM_COLORLESS","is_daily":false,"chose_seed":false,"campfire_upgraded":8,"win_rate":0.0,"timestamp":1610184157,"path_taken":["M","?","?","M","M","R","E","?","T","M","?","R","M","?","R_BF","BOSS","BOSS","M","$","M","?","M","R","E","?","T","R","$","R","M","?","R","BOSS","M","?","?","?","M","E","$","R","T","$","E","R","?","E","R","BOSS"],"items_purchased_type":["Relic","Card","Card","Card","Card","Card"],"build_version":"2020-12-22","purchased_purges":1,"victory":true,"max_hp_per_floor":[70,75,75,75,75,75,75,75,75,75,75,75,75,75,75,75,75,75,75,75,75,75,75,75,75,75,75,75,75,75,75,75,75,75,75,75,75,75,75,75,75,75,75,75,75,75,75,75,75,75],"relic_stats":{"Centennial Puzzle":[45],"counters":[24,141],"Eternal Feather":16,"obtain_stats":[{"Eternal Feather":48,"Replay:Ancient Bell":34,"Omamori":34,"Incense Burner":34,"Odd Mushroom":14,"Bottled Tornado":45,"Mercury Hourglass":40,"Centennial Puzzle":3,"WristBlade":17,"ReplayTheSpireMod:Shallot":24,"Bag of Marbles":7,"Snack Pack":19,"Replay:Bottled Snecko":34,"Bottled Lightning":43,"Replay:Wax Seal":9,"ReplayTheSpireMod:Lightbulb":26,"Mirror":37,"Ring of the Snake":0},{"Eternal Feather":23,"Replay:Ancient Bell":16,"Omamori":16,"Incense Burner":16,"Odd Mushroom":8,"Bottled Tornado":21,"Mercury Hourglass":20,"Centennial Puzzle":1,"WristBlade":9,"ReplayTheSpireMod:Shallot":13,"Bag of Marbles":4,"Snack Pack":10,"Replay:Bottled Snecko":16,"Bottled Lightning":20,"Replay:Wax Seal":5,"ReplayTheSpireMod:Lightbulb":13,"Mirror":17,"Ring of the Snake":0},{"Eternal Feather":126,"Replay:Ancient Bell":87,"Omamori":87,"Incense Burner":87,"Odd Mushroom":31,"Bottled Tornado":114,"Mercury Hourglass":108,"Centennial Puzzle":4,"WristBlade":42,"ReplayTheSpireMod:Shallot":69,"Bag of Marbles":18,"Snack Pack":48,"Replay:Bottled Snecko":87,"Bottled Lightning":108,"Replay:Wax Seal":21,"ReplayTheSpireMod:Lightbulb":69,"Mirror":92,"Ring of the Snake":0}],"Ring of the Snake":[52],"Mercury Hourglass":[105]},"card_choices":[{"not_picked":["expansioncontent:DefensiveMode","expansioncontent:ChargeUp"],"picked":"Dramatic Entrance","floor":0.0},{"not_picked":["Poisoned Stab","Dodge and Roll"],"picked":"Escape Plan","floor":1.0},{"not_picked":["Underhanded Strike","Backflip"],"picked":"ReplayTheSpireMod:Shiv Toss","floor":4.0},{"not_picked":["Replay:Poison Smokescreen","Heel Hook"],"picked":"Endless Agony","floor":5.0},{"not_picked":["Replay:Poison Smokescreen","Dagger Throw"],"picked":"Footwork","floor":7.0},{"not_picked":["Dodge and Roll","ReplayTheSpireMod:Shiv Toss","Grand Finale"],"picked":"SKIP","floor":8.0},{"not_picked":["Dagger Throw","Skewer"],"picked":"Slice","floor":10.0},{"not_picked":["Flying Knee","Deadly Poison","Quick Slash"],"picked":"SKIP","floor":13.0},{"not_picked":["ReplayTheSpireMod:The Works","Toxin Wave"],"picked":"Deflect","floor":14.0},{"not_picked":["Doppelganger","Grand Finale"],"picked":"Burst","floor":16},{"not_picked":["Outmaneuver+1","Poisoned Stab+1"],"picked":"Blade Dance","floor":18},{"not_picked":["Cloak And Dagger","Blur"],"picked":"ReplayTheSpireMod:Speed Training","floor":20},{"not_picked":["ReplayTheSpireMod:Exploit Weakness","Poisoned Stab"],"picked":"Blade Dance","floor":22},{"not_picked":["Toxin Wave","Malaise"],"picked":"Setup","floor":24},{"not_picked":["Dodge and Roll+1","ReplayTheSpireMod:Tripwire"],"picked":"Concentrate","floor":30},{"not_picked":["PiercingWail","Well Laid Plans"],"picked":"Deflect","floor":31},{"not_picked":["ReplayTheSpireMod:Necrosis","Glass Knife"],"picked":"Envenom","floor":33},{"not_picked":["stsjorbsmod:Amnesia","Injury"],"picked":"ReplayTheSpireMod:Doomed","floor":34},{"not_picked":["Parasite","Languid"],"picked":"ReplayTheSpireMod:IOU","floor":34},{"not_picked":["Normality","sneckomod:Bewildered"],"picked":"stsjorbsmod:Procrastination","floor":34},{"not_picked":["Underhanded Strike+1","Sneak Up","Backflip"],"picked":"SKIP","floor":35},{"not_picked":["Dagger Throw","Corpse Explosion"],"picked":"Outmaneuver+1","floor":38},{"not_picked":["Acrobatics+1","Underhanded Strike+1"],"picked":"All Out Attack+1","floor":39},{"not_picked":["Burst","Bouncing Flask","All Out Attack"],"picked":"SKIP","floor":40},{"not_picked":["Atom Bomb","Outmaneuver+1"],"picked":"Escape Plan","floor":45},{"not_picked":["Acrobatics+1","Underhanded Strike+1"],"picked":"Cloak And Dagger","floor":47},{"not_picked":["Venomology","Finisher+1"],"picked":"Prepared+1","floor":48}],"player_experience":197713,"relics_obtained":[{"floor":7.0,"key":"Bag of Marbles"},{"floor":9.0,"key":"Replay:Wax Seal"},{"floor":14.0,"key":"Odd Mushroom"},{"floor":24,"key":"ReplayTheSpireMod:Shallot"},{"floor":26,"key":"ReplayTheSpireMod:Lightbulb"},{"floor":37,"key":"Mirror"},{"floor":40,"key":"Mercury Hourglass"},{"floor":43,"key":"Bottled Lightning"},{"floor":45,"key":"Bottled Tornado"},{"floor":48,"key":"Eternal Feather"}],"event_choices":[{"damage_healed":0.0,"max_hp_gain":5.0,"max_hp_loss":0.0,"gold_gain":0.0,"event_name":"Big Fish","player_choice":"Donut","floor":2.0,"gold_loss":0.0,"damage_taken":0.0},{"damage_healed":0.0,"max_hp_gain":0.0,"max_hp_loss":0.0,"gold_gain":0.0,"event_name":"Scrap Ooze","player_choice":"Success","floor":3.0,"gold_loss":0.0,"damage_taken":7.0,"relics_obtained":["Centennial Puzzle"]},{"cards_removed":["Strike_G"],"damage_healed":0.0,"max_hp_gain":0.0,"max_hp_loss":0.0,"gold_gain":0.0,"event_name":"Living Wall","player_choice":"Forget","floor":11.0,"gold_loss":0.0,"damage_taken":0.0},{"damage_healed":0.0,"max_hp_gain":0.0,"max_hp_loss":0.0,"gold_gain":0.0,"event_name":"Mushrooms","player_choice":"Fought Mushrooms","floor":14.0,"gold_loss":0.0,"damage_taken":0.0},{"damage_healed":25,"gold_gain":0,"player_choice":"Heal","damage_taken":0,"max_hp_gain":0,"max_hp_loss":0,"event_name":"The Library","floor":21,"gold_loss":0},{"damage_healed":0,"gold_gain":0,"player_choice":"Ignored","damage_taken":0,"max_hp_gain":0,"max_hp_loss":0,"event_name":"N\u0027loth","floor":25,"gold_loss":0}],"is_beta":false,"boss_relics":[{"not_picked":["Ectoplasm","Snecko Eye"],"picked":"WristBlade"},{"not_picked":["Pandora\u0027s Box","jesterMod:MachoBrace"],"picked":"Replay:Ancient Bell"},{"not_picked":["Juzu Bracelet","ReplayFunnel"],"picked":"Omamori"},{"not_picked":["Question Card","Gremlin Horn"],"picked":"Replay:Bottled Snecko"},{"not_picked":["Vampiric Spirits","The Specimen"],"picked":"Incense Burner"}],"items_purged_floors":[36],"is_endless":false,"potions_floor_spawned":[5,10,13,18,24,30,31,35,39],"ascension_level":1}}