{"host":"867cnhxguf2bzj4x","time":1610236418,"event":{"mods":["BaseMod","BetterRewards","Duelist Mod","GifTheSpireLib","Lobotomy","Minty Spire (QoL Compilation)","StSLib","The Bug Knight","The Cursed","The Necromancer"],"gold_per_floor":[276,451,451,65,65,80,80,91,91,101,133,150,150,166,166,166,166],"floor_reached":16,"playtime":479,"items_purged":["Doubt"],"score":102,"play_id":"ecdfae0b-9554-4182-a227-df4806050a49","local_time":"20210110005338","is_ascension_mode":false,"campfire_choices":[{"data":"1","floor":7,"key":"LIFT"},{"floor":15,"key":"REST"}],"circlet_count":0,"master_deck":["Strike_G","Strike_G","Strike_G","Strike_G","Defend_G","Defend_G","Defend_G","Defend_G","Defend_G","Survivor","Neutralize","Blade Dance","DespairKnight","Cloak And Dagger","Prepared"],"relics":["Ring of the Snake","CogitoBucket","Girya","HollowMod:StagPassRelic","Ice Cream"],"acts_visited":["Exordium"],"potions_floor_usage":[12,14],"damage_taken":[{"damage":3,"enemies":"Small Slimes","floor":1,"turns":4},{"damage":0,"enemies":"2 Louse","floor":6,"turns":2},{"damage":1,"enemies":"Cultist","floor":8,"turns":3},{"damage":11,"enemies":"Lots of Slimes","floor":10,"turns":5},{"damage":39,"enemies":"Gremlin Nob","floor":11,"turns":5},{"damage":23,"enemies":"Large Slime","floor":12,"turns":6},{"damage":0,"enemies":"Exordium Thugs","floor":14,"turns":4},{"damage":26,"enemies":"The Guardian","floor":16,"turns":5}],"seed_played":"7950025132164588264","potions_obtained":[{"floor":11,"key":"Explosive Potion"},{"floor":12,"key":"Explosive Potion"}],"is_trial":false,"path_per_floor":["M","?","?","$","?","M","R","M","T","M","E","M","?","M","R","B"],"character_chosen":"THE_SILENT","items_purchased":["Girya"],"campfire_rested":1,"item_purchase_floors":[4],"current_hp_per_floor":[67,67,72,72,75,75,75,74,74,63,24,1,1,1,23,0,0],"gold":166,"neow_bonus":"","is_daily":false,"chose_seed":false,"campfire_upgraded":0,"win_rate":0.0,"timestamp":1610236418,"path_taken":["M","?","?","$","?","M","R","M","T","?","E","M","?","M","R","BOSS"],"items_purchased_type":["Relic"],"build_version":"2020-12-22","purchased_purges":1,"victory":false,"max_hp_per_floor":[70,70,75,75,75,75,75,75,75,75,75,75,75,75,75,75,75],"card_choices":[{"not_picked":["SpiderBud","RedShoes"],"picked":"Bloodbath","floor":1},{"not_picked":["All Out Attack","Backflip"],"picked":"Blade Dance","floor":1},{"not_picked":["UniverseFragment","CherryBlossoms","OSAHOGD"],"picked":"Singing Bowl","floor":6},{"not_picked":["Acrobatics","Setup","Dagger Spray"],"picked":"SKIP","floor":6},{"not_picked":["MHz","UniverseFragment","BlackSwan"],"picked":"Singing Bowl","floor":8},{"not_picked":["PunishingBird","UniverseFragment"],"picked":"DespairKnight","floor":8},{"not_picked":["Prepared","Well Laid Plans"],"picked":"Cloak And Dagger","floor":8},{"not_picked":["MeatLantern","QueenOfHatred","UniverseFragment"],"picked":"Singing Bowl","floor":10},{"not_picked":["Slice","Underhanded Strike"],"picked":"Prepared","floor":10},{"not_picked":["Poisoned Stab","Malaise"],"picked":"Accuracy","floor":11},{"not_picked":["Wellcheers","WhitesApple","LittlePrince"],"picked":"Singing Bowl","floor":12},{"not_picked":["Heel Hook","Calculated Gamble","Underhanded Strike"],"picked":"SKIP","floor":12},{"not_picked":["Deadly Poison","Riddle With Holes","PiercingWail"],"picked":"SKIP","floor":14}],"player_experience":119279,"relics_obtained":[{"floor":9,"key":"HollowMod:StagPassRelic"},{"floor":11,"key":"Ice Cream"}],"event_choices":[{"damage_healed":0,"gold_gain":175,"player_choice":"AGREE","damage_taken":0,"max_hp_gain":0,"max_hp_loss":0,"event_name":"Liars Game","floor":2,"gold_loss":0,"cards_obtained":["Doubt"]},{"damage_healed":0,"gold_gain":0,"player_choice":"Donut","damage_taken":0,"max_hp_gain":5,"max_hp_loss":0,"event_name":"Big Fish","floor":3,"gold_loss":0},{"cards_removed":["Bloodbath"],"damage_healed":5,"gold_gain":0,"player_choice":"Offered Common","damage_taken":0,"max_hp_gain":0,"max_hp_loss":0,"event_name":"Bonfire Elementals","floor":5,"gold_loss":0},{"cards_removed":["Bloodbath"],"damage_healed":5,"gold_gain":0,"player_choice":"Offered Special","damage_taken":0,"max_hp_gain":0,"max_hp_loss":0,"event_name":"Bonfire Elementals","floor":5,"gold_loss":0},{"damage_healed":0,"gold_gain":0,"player_choice":"Leave","damage_taken":0,"max_hp_gain":0,"max_hp_loss":0,"event_name":"FaceTrader","floor":13,"gold_loss":0}],"is_beta":false,"boss_relics":[],"items_purged_floors":[4],"is_endless":false,"potions_floor_spawned":[11,12],"killed_by":"The Guardian","ascension_level":0}}