{"host":"j2lclbvdfoh0nnbr","time":1610186333,"event":{"mods":["ATMod(∞¢Ë™Mod)","Aspiration","BaseMod","Downfall","Lobotomy","LobotomyExtend","Minty Spire (QoL Compilation)","Reimu£®≤©¿ˆ¡È√Œ£©","Replay The Spire","StSLib","The Animator","The Bug Knight","Waifu the Spire","[IsaacMod]“‘»ˆº‚À˛"],"gold_per_floor":[114,39,52,52,227,262,272,272,272,304,333,333,362,167,167,262,262,273,273,273,273,273],"floor_reached":21,"playtime":741,"items_purged":["Defend_R","Doubt"],"score":353,"play_id":"291e552f-5f24-4433-8438-a10d3bbc303c","local_time":"20210109175853","daily_mods":["Vintage","Heirloom","Time Dilation","Flight","downfall:Lament","DeadlyEvents","Elite Swarm"],"is_ascension_mode":false,"campfire_choices":[{"data":"AT_TearsDenial","floor":8.0,"key":"SMITH"},{"floor":12.0,"key":"REST"},{"data":"Bash","floor":15.0,"key":"SMITH"}],"circlet_count":1,"master_deck":["Strike_R","Strike_R","Strike_R","Strike_R","Strike_R","Defend_R","Defend_R","Defend_R","Bash+1","AT_TearsDenial+1","Injury","Feed","Double Tap+1","Demonic Infusion+1","Demonic Infusion+1"],"relics":["Burning Blood","AT_ATBox","NeowsBlessing","HushsDoor","D6","Thread and Needle","Incense Burner","LetterFromLob","PillsDrop","Toxic Egg 2","Smiling Mask","Dream Catcher","Mirror","BookofShadows","TheBean","Chemical X","Circlet","Replay:Grab Bag","Self Forming Clay","Regal Pillow","Replay:Ringing Soul"],"acts_visited":["Exordium","TheCity"],"potions_floor_usage":[21],"damage_taken":[{"damage":0.0,"enemies":"Cultist","floor":1.0,"turns":1.0},{"damage":0.0,"enemies":"Small Slimes","floor":3.0,"turns":1.0},{"damage":0.0,"enemies":"3 Sentries","floor":6.0,"turns":2.0},{"damage":2.0,"enemies":"Jaw Worm","floor":7.0,"turns":3.0},{"damage":64.0,"enemies":"Lagavulin","floor":10.0,"turns":11.0},{"damage":0.0,"enemies":"Gremlin Nob","floor":11.0,"turns":4.0},{"damage":19.0,"enemies":"Lagavulin","floor":13.0,"turns":7.0},{"damage":63.0,"enemies":"Slime Boss","floor":16.0,"turns":17.0},{"damage":35,"enemies":"Shell Parasite","floor":18,"turns":5},{"damage":20,"enemies":"3 Byrds","floor":21,"turns":3}],"seed_played":"1447803626564779642","potions_obtained":[{"floor":1.0,"key":"Weak Potion"},{"floor":7.0,"key":"Elixir"},{"floor":10.0,"key":"Adrenaline Potion"},{"floor":13.0,"key":"FairyPotion"},{"floor":16.0,"key":"BloodPotion"},{"floor":18,"key":"Fire Potion"}],"is_trial":true,"path_per_floor":["M","$","M","?","?","E","M","R","T","E","E","R","E","$","R","B",null,"M","?","?","M"],"character_chosen":"IRONCLAD","items_purchased":["Chemical X","Damocles"],"campfire_rested":1,"item_purchase_floors":[14,17],"current_hp_per_floor":[80,80,80,80,80,80,83,83,83,31,37,63,50,50,50,32,89,60,60,60,0,0],"gold":273,"neow_bonus":"","is_daily":false,"chose_seed":false,"campfire_upgraded":2,"win_rate":0.0,"timestamp":1610186333,"path_taken":["M","$","?","?","?","E","?","R","T","E","?","R","E","$","R","BOSS","M","?","?","?"],"items_purchased_type":["Relic","Relic"],"build_version":"2020-12-22","purchased_purges":2,"victory":false,"max_hp_per_floor":[80,80,80,80,80,80,83,83,83,89,89,89,89,89,89,99,89,89,89,89,89,89],"card_choices":[{"not_picked":["Immolate","Eclipse+1"],"picked":"Feed","floor":6.0},{"not_picked":["Impervious+1","Corruption","Barricade"],"picked":"SKIP","floor":10.0},{"not_picked":["Juggernaut","Berserk"],"picked":"Double Tap+1","floor":11.0},{"not_picked":["Replay:Many Hands+1","Immolate"],"picked":"Demonic Infusion+1","floor":13.0},{"not_picked":["Double Tap+1","Impervious+1"],"picked":"Demonic Infusion+1","floor":16.0}],"player_experience":342929,"relics_obtained":[{"floor":1.0,"key":"Incense Burner"},{"floor":1.0,"key":"LetterFromLob"},{"floor":3.0,"key":"PillsDrop"},{"floor":6.0,"key":"Smiling Mask"},{"floor":7.0,"key":"Dream Catcher"},{"floor":9.0,"key":"Mirror"},{"floor":10.0,"key":"BookofShadows"},{"floor":11.0,"key":"TheBean"},{"floor":13.0,"key":"Dead Branch"},{"floor":18,"key":"Self Forming Clay"},{"floor":18,"key":"Regal Pillow"}],"event_choices":[{"damage_healed":0.0,"max_hp_gain":0.0,"max_hp_loss":0.0,"gold_gain":175.0,"event_name":"Liars Game","player_choice":"AGREE","floor":5.0,"gold_loss":0.0,"damage_taken":0.0,"cards_obtained":["Doubt"]},{"damage_healed":0,"gold_gain":0,"player_choice":"Opened","damage_taken":0,"relics_obtained":["Replay:Ringing Soul"],"max_hp_gain":0,"max_hp_loss":0,"event_name":"The Mausoleum","floor":20,"gold_loss":0}],"is_beta":false,"boss_relics":[{"not_picked":["Replay:Ancient Bell","Velvet Choker"],"picked":"Replay:Grab Bag"},{"not_picked":[]}],"items_purged_floors":[2,14],"is_endless":true,"potions_floor_spawned":[1,7,10,13,16,18],"killed_by":"3 Byrds","ascension_level":0}}