{"host":"3mt4w4o4jnuk8q1t","time":1610191090,"event":{"mods":["Act Like it!","BaseMod","Colored Map","Colored Powertips","Decade(王小明)","GungeonMod","Hermit","Jedi Mod","Lobotomy","LobotomyExtend","Marisa（F雨　魔理沙）","Minty Spire (QoL Compilation)","Reimu（博丽灵梦）","Remilia（蕾米莉亚）","Replay The Spire","RumiaBox-露米娅的神秘盒子","Shop Mod","Spicy Shops","StSLib","The Bug Knight","Waifu the Spire","Yakumo Yukari mod","Youmu（魂魄妖梦）","[IsaacMod]以撒尖塔","【功能Mod】混沌之环修复补丁","【功能Mod】聪明的最终Boss"],"gold_per_floor":[111,148,158,158,7,42,58,58,85,121,145,145,179,192,192,296,296,323,345,352,378,15,15,15,15,15,50,50,50,86,114,114,231,231,246,265,4,54,65,91,91,105,132,157,6,24,246,263,263,133,196,196,3,28,287],"floor_reached":56,"playtime":8679,"items_purged":[],"score":1439,"play_id":"d0babd83-40a4-47a8-a478-03de3659cae2","local_time":"20210109191810","is_ascension_mode":false,"campfire_choices":[{"floor":15.0,"key":"RECALL"},{"data":"DecadeViolentEmotion","floor":23.0,"key":"SMITH"},{"data":"AttackRide","floor":25.0,"key":"SMITH"},{"data":"Blade_Slash","floor":28.0,"key":"SMITH"},{"floor":32.0,"key":"REST"},{"data":"FormRide","floor":41.0,"key":"SMITH"},{"floor":49.0,"key":"DIG"},{"data":"KamenRideRyuki","floor":52,"key":"SMITH"}],"circlet_count":0,"master_deck":["Decade_Attack","Decade_Attack","Decade_Attack","Decade_Attack","KamenRide","Decade_SpecialSkill","Decade_Defend","Decade_Defend+1","Decade_Defend+1","Decade_Defend","BloodyBrimstone+1","Panache+1","FormRidePegasus","UnarmedAttack7","KamenRideDecade","RideBooker","FormRide+1","UnarmedAttack1","UnarmedAttack1","UnarmedAttack7","UnarmedAttack7","UnarmedAttack8","UnarmedAttack7","UnarmedAttack7+1","UnarmedAttack1","DecadeViolentEmotion+1","Dragreder+1","UnarmedAttack3","Blade_Beat+1","RideBooker_Skill_1+1","AttackRide+1","Blade_Slash+1","UnarmedAttack1","KamenRideDecade+1","Blade_Kick","Blade_Metal","KamenRideRyuki+1","KamenRideFaiz","KamenRideKiva","DenO_Gun","Blade_Mach","RideBooker_Skill_1+1","Blade_Metal","Decade_Invisible"],"relics":["HushsDoor","DoctorsRemote","LetterFromLob","EdensBlessing","Baka2","HandDrill","SalivaCoin","Ccalipers","HowToJump","Ring of Panic","MagicMushroom","SecretRecord","TheBean","MerchantsRug","Bottled Lightning","GodSword5","Red Mask","Garlic","Empty Cage","Juzu Bracelet","PokeGo","Replay:WaspNest","jedi:crownofsimplicity","Membership Card","Replay:Rubber Ducky","Guide Book","Pocketwatch","jedi:archwizardhat","Simple Rune","GnawedLeaf"],"acts_visited":["Exordium","TheCity","TheBeyond","TheEnding"],"potions_floor_usage":[54,55],"damage_taken":[{"damage":1.0,"enemies":"Jaw Worm","floor":1.0,"turns":3.0},{"damage":0.0,"enemies":"2 Louse","floor":3.0,"turns":2.0},{"damage":40.0,"enemies":"Replay:BlueRogue","floor":6.0,"turns":5.0},{"damage":0.0,"enemies":"Cultist","floor":7.0,"turns":2.0},{"damage":6.0,"enemies":"Gremlin Nob","floor":10.0,"turns":3.0},{"damage":10.0,"enemies":"Looter","floor":11.0,"turns":2.0},{"damage":10.0,"enemies":"3 Louse","floor":13.0,"turns":2.0},{"damage":0.0,"enemies":"2 Fungi Beasts","floor":14.0,"turns":1.0},{"damage":8.0,"enemies":"Slime Boss","floor":16.0,"turns":6.0},{"damage":10.0,"enemies":"Shell Parasite","floor":18.0,"turns":3.0},{"damage":16.0,"enemies":"2 Thieves","floor":19.0,"turns":2.0},{"damage":0.0,"enemies":"Shelled Parasite and Fungi","floor":20.0,"turns":2.0},{"damage":13.0,"enemies":"Snake Plant","floor":21.0,"turns":2.0},{"damage":0.0,"enemies":"Masked Bandits","floor":27.0,"turns":2.0},{"damage":3.0,"enemies":"Book of Stabbing","floor":30.0,"turns":2.0},{"damage":8.0,"enemies":"Centurion and Healer","floor":31.0,"turns":4.0},{"damage":27.0,"enemies":"Champ","floor":33.0,"turns":5.0},{"damage":0.0,"enemies":"Orb Walker","floor":35.0,"turns":1.0},{"damage":0.0,"enemies":"3 Darklings","floor":36.0,"turns":1.0},{"damage":0.0,"enemies":"Mind Bloom Boss Battle","floor":38.0,"turns":1.0},{"damage":0.0,"enemies":"Transient","floor":39.0,"turns":6.0},{"damage":0.0,"enemies":"Giant Head","floor":40.0,"turns":5.0},{"damage":0.0,"enemies":"Maw","floor":42.0,"turns":4.0},{"damage":0.0,"enemies":"R_Hoarder","floor":44.0,"turns":3.0},{"damage":0.0,"enemies":"Sphere and 2 Shapes","floor":46.0,"turns":4.0},{"damage":0.0,"enemies":"Jaw Worm Horde","floor":48.0,"turns":1.0},{"damage":5.0,"enemies":"Awakened One","floor":50.0,"turns":8.0},{"damage":10.0,"enemies":"Malkuth","floor":51.0,"turns":6.0},{"damage":47.0,"enemies":"Hod","floor":51.0,"turns":8.0},{"damage":65.0,"enemies":"Chesed","floor":51.0,"turns":6.0},{"damage":0,"enemies":"Shield and Spear","floor":54,"turns":3},{"damage":126,"enemies":"The Heart","floor":55,"turns":6}],"seed_played":"2022282639559108497","potions_obtained":[{"floor":1.0,"key":"ColorlessPotion"},{"floor":3.0,"key":"Venom Potion"},{"floor":11.0,"key":"EssenceOfSteel"},{"floor":18.0,"key":"Explosive Potion"},{"floor":19.0,"key":"ColorlessPotion"},{"floor":31.0,"key":"Dexterity Potion"},{"floor":33.0,"key":"Swift Potion"},{"floor":36.0,"key":"Milkshake"},{"floor":38.0,"key":"Elixir"},{"floor":40.0,"key":"Weak Potion"},{"floor":48.0,"key":"ZuzhouPotion:ReiMu"}],"is_trial":false,"path_per_floor":["M","?","M","?","$","E","M","?","T","E","M","?","M","M","R","B",null,"M","M","M","M","$","R","?","R","T","?","R","$","E","M","R","B",null,"M","M","$","?","M","E","R","M","T","E","$","M","?","M","R_BF","B",null,null,"R","$","E","B",null],"character_chosen":"Decade","items_purchased":["HandDrill","MerchantsRug","KamenRideDecade+1","Bottled Lightning","KamenRideRyuki","KamenRideKiva","Juzu Bracelet","Membership Card","Guide Book","Pocketwatch","jedi:archwizardhat","KamenRideDecade","Simple Rune","Energy Potion"],"campfire_rested":1,"item_purchase_floors":[5,22,22,22,34,37,37,45,53,53,53,53,53,53],"current_hp_per_floor":[69,41,41,46,46,36,36,36,36,30,23,23,13,13,13,5,76,66,59,60,51,51,51,51,51,51,52,52,52,50,46,73,46,73,73,82,82,82,82,82,82,82,82,82,82,82,82,82,82,82,82,82,82,82,2],"gold":287,"neow_bonus":"RANDOM_COLORLESS_2","is_daily":false,"chose_seed":false,"campfire_upgraded":5,"win_rate":0.0,"timestamp":1610191090,"path_taken":["M","?","?","?","$","E","M","?","T","E","M","?","M","M","R","BOSS","M","M","?","M","$","R","?","R","T","?","R","?","E","M","R","BOSS","M","M","$","?","M","E","R","M","T","E","$","M","?","M","R_BF","BOSS","R","$","E","BOSS"],"items_purchased_type":["Relic","Relic","Card","Relic","Card","Card","Relic","Relic","Relic","Relic","Relic","Card","Relic","Potion"],"build_version":"2020-12-22","purchased_purges":0,"victory":true,"max_hp_per_floor":[70,70,70,75,75,72,72,72,72,69,69,69,69,69,69,69,76,76,76,76,76,76,76,76,76,76,76,76,76,76,76,76,76,73,73,82,82,82,82,82,82,82,82,82,82,82,82,82,82,82,82,82,82,82,82],"card_choices":[{"not_picked":[],"picked":"BloodyBrimstone","floor":0.0},{"not_picked":["Battery","Apotheosis"],"picked":"Panache","floor":0.0},{"not_picked":["FormRideFlame","Hibiki_Attack1"],"picked":"FormRidePegasus","floor":1.0},{"not_picked":["Kiva_Frozen","RideBooker_Skill_2"],"picked":"UnarmedAttack7","floor":1.0},{"not_picked":["Blade_Mach","KamenRideKiva"],"picked":"KamenRideDecade","floor":2.0},{"not_picked":["Bomb","FormRideGaruru"],"picked":"RideBooker","floor":3.0},{"not_picked":["KamenRideHibiki","KamenRideDecade","DenO_Ax"],"picked":"SKIP","floor":3.0},{"not_picked":["FormRideDragon","Decade_Defend2"],"picked":"FormRide","floor":6.0},{"not_picked":["FormRideFlame","TimeVent","FormRidePegasus"],"picked":"SKIP","floor":6.0},{"not_picked":["Blade_Beat","FormRideTitan"],"picked":"UnarmedAttack1","floor":7.0},{"not_picked":["FormRidePegasus","Hibiki_Attack2"],"picked":"UnarmedAttack1","floor":7.0},{"not_picked":["Kiva_Swallow","FormRideStorm"],"picked":"UnarmedAttack7","floor":10.0},{"not_picked":["DenO_Ax","KamenRideDecade"],"picked":"UnarmedAttack8","floor":10.0},{"not_picked":["Kiva_Eat","PrometheusPower"],"picked":"UnarmedAttack7","floor":11.0},{"not_picked":["Bomb","FormRideBasshaa"],"picked":"UnarmedAttack1","floor":13.0},{"not_picked":["FormRideFlame","Hibiki_Attack2","FormRide"],"picked":"SKIP","floor":14.0},{"not_picked":["FormRideAxel","UnarmedAttack9"],"picked":"DecadeViolentEmotion","floor":16.0},{"not_picked":["UnarmedAttack1","FormRideStorm"],"picked":"Dragreder+1","floor":18.0},{"not_picked":["FormRideTitan","FormRideStorm"],"picked":"UnarmedAttack3","floor":19.0},{"not_picked":["RideBooker_Skill_1+1","DenO_Sword"],"picked":"Blade_Beat+1","floor":19.0},{"not_picked":["UnarmedAttack7+1","FormRideFlame"],"picked":"RideBooker_Skill_1+1","floor":19.0},{"not_picked":["Blade_Kick","Kiva_Frozen"],"picked":"AttackRide","floor":19.0},{"not_picked":["FormRidePegasus","Blade_Beat+1"],"picked":"Blade_Slash","floor":20.0},{"not_picked":["KamenRideHibiki","UnarmedAttack1+1","TimeVent"],"picked":"SKIP","floor":20.0},{"not_picked":["FormRidePegasus+1","FormRideDogga"],"picked":"UnarmedAttack1","floor":21.0},{"not_picked":["Blade_Mach","Kiva_Bats"],"picked":"Blade_Kick","floor":27.0},{"not_picked":["UnarmedAttack3","Hibiki_Attack3"],"picked":"Blade_Metal","floor":30.0},{"not_picked":["KamenRideHibiki+1","FormRideTitan","KamenRideDecade+1"],"picked":"SKIP","floor":31.0},{"not_picked":["KamenRideKiva+1","KamenRideDecade+1","Decade_Dash1"],"picked":"SKIP","floor":31.0},{"not_picked":["Kuuga_GouramAttack+1","DenO_Gun+1","Hibiki_Attack2+1"],"picked":"SKIP","floor":35.0},{"not_picked":["AutoVajin","KamenRideDecade+1"],"picked":"KamenRideFaiz","floor":36.0},{"not_picked":["FormRideDogga","Decade_Defend3+1"],"picked":"Blade_Slash","floor":38.0},{"not_picked":["UnarmedAttack3","Kiva_Bats+1"],"picked":"DenO_Gun","floor":39.0},{"not_picked":["Kiva_Bats+1","Kiva_Swallow"],"picked":"RideBooker_Skill_1+1","floor":40.0},{"not_picked":["UnarmedAttack7+1","Kuuga_Rising"],"picked":"Blade_Metal","floor":44.0},{"not_picked":["Blade_Mach","UnarmedAttack4","Decade_Defend2"],"picked":"SKIP","floor":46.0},{"not_picked":["FormRideDogga","DenO_Rod+1"],"picked":"FormRideTitan","floor":48.0},{"not_picked":["Decade_Dash2+1","DenO_Sword+1"],"picked":"Decade_Invisible","floor":54}],"player_experience":162132,"relics_obtained":[{"floor":1.0,"key":"Baka"},{"floor":1.0,"key":"LetterFromLob"},{"floor":2.0,"key":"EdensBlessing"},{"floor":3.0,"key":"Baka2"},{"floor":6.0,"key":"SalivaCoin"},{"floor":9.0,"key":"Ccalipers"},{"floor":10.0,"key":"HowToJump"},{"floor":12.0,"key":"Ring of Panic"},{"floor":18.0,"key":"SecretRecord"},{"floor":19.0,"key":"TheBean"},{"floor":26.0,"key":"GodSword5"},{"floor":27.0,"key":"Red Mask"},{"floor":30.0,"key":"Garlic"},{"floor":38.0,"key":"PokeGo"},{"floor":40.0,"key":"Replay:WaspNest"},{"floor":44.0,"key":"jedi:crownofsimplicity"},{"floor":49.0,"key":"Replay:Rubber Ducky"},{"floor":54,"key":"GnawedLeaf"}],"event_choices":[{"damage_healed":0.0,"max_hp_gain":5.0,"max_hp_loss":0.0,"gold_gain":0.0,"event_name":"Big Fish","player_choice":"Donut","floor":4.0,"gold_loss":0.0,"damage_taken":0.0},{"damage_healed":0.0,"max_hp_gain":0.0,"max_hp_loss":0.0,"gold_gain":0.0,"event_name":"Ghosts","player_choice":"Ignored","floor":24.0,"gold_loss":0.0,"damage_taken":0.0},{"damage_healed":0.0,"max_hp_gain":0.0,"max_hp_loss":0.0,"gold_gain":0.0,"event_name":"Masked Bandits","player_choice":"Fought Bandits","floor":27.0,"gold_loss":0.0,"damage_taken":0.0},{"damage_healed":0.0,"max_hp_gain":0.0,"max_hp_loss":0.0,"gold_gain":0.0,"event_name":"MindBloom","player_choice":"Fight","floor":38.0,"gold_loss":0.0,"damage_taken":0.0},{"damage_healed":0.0,"max_hp_gain":0.0,"max_hp_loss":0.0,"gold_gain":222.0,"event_name":"Tomb of Lord Red Mask","player_choice":"Wore Mask","floor":47.0,"gold_loss":0.0,"damage_taken":0.0}],"is_beta":false,"boss_relics":[{"not_picked":["Replay:Grab Bag","jedi:battlestandard"],"picked":"MagicMushroom"},{"not_picked":[]},{"not_picked":["Fusion Hammer","jedi:hotpepper"],"picked":"Empty Cage"},{"not_picked":[]}],"items_purged_floors":[],"is_endless":false,"potions_floor_spawned":[1,3,11,18,19,31,33,36,38,40,48],"ascension_level":0}}