{"host":"2se5dq1do2gp0x9k","time":1610160327,"event":{"mods":["AchievementEnabler","BaseMod","Block Reminder","Colored Map","Colored Powertips","Minty Spire (QoL Compilation)","Relic Stats","StSLib","SuperFastMode"],"gold_per_floor":[115,14,14,31,48,75,85,85,85,118,130,156,156,168,168,245,245,256,256,281,293,293],"floor_reached":21,"playtime":756,"items_purged":[],"score":480,"play_id":"8bb0a92d-6009-478e-bfaf-3ed838a2d9ad","local_time":"20210108184527","is_ascension_mode":true,"campfire_choices":[{"data":"CrushJoints","floor":8.0,"key":"SMITH"},{"data":"Worship","floor":15,"key":"SMITH"}],"circlet_count":0,"master_deck":["AscendersBane","Strike_P","Strike_P","Strike_P","Defend_P","Defend_P","Defend_P","Defend_P","Eruption","Vigilance","ForeignInfluence","ForeignInfluence","FearNoEvil","EmptyFist","CrushJoints+1","Conclude","CarveReality","Protect","Worship+1","Establishment+1","ThirdEye"],"relics":["PureWater","NeowsBlessing","Meat on the Bone","Frozen Egg 2","White Beast Statue","Ancient Tea Set","SacredBark","Enchiridion","MawBank"],"acts_visited":["Exordium","TheCity"],"potions_floor_usage":[16],"damage_taken":[{"damage":0.0,"enemies":"2 Louse","floor":1.0,"turns":1.0},{"damage":0.0,"enemies":"Cultist","floor":4.0,"turns":1.0},{"damage":0.0,"enemies":"Small Slimes","floor":5.0,"turns":2.0},{"damage":30.0,"enemies":"Lagavulin","floor":6.0,"turns":4.0},{"damage":14.0,"enemies":"Red Slaver","floor":7.0,"turns":2.0},{"damage":12,"enemies":"3 Sentries","floor":10,"turns":5},{"damage":8,"enemies":"Blue Slaver","floor":11,"turns":3},{"damage":0,"enemies":"Gremlin Nob","floor":12,"turns":2},{"damage":15,"enemies":"Exordium Thugs","floor":14,"turns":4},{"damage":0,"enemies":"Slime Boss","floor":16,"turns":5},{"damage":37,"enemies":"3 Byrds","floor":18,"turns":6},{"damage":24,"enemies":"Shell Parasite","floor":21,"turns":5}],"seed_played":"243566694681678096","potions_obtained":[{"floor":1.0,"key":"DuplicationPotion"},{"floor":4.0,"key":"AttackPotion"},{"floor":16,"key":"SteroidPotion"}],"is_trial":false,"path_per_floor":["M","$","?","M","M","E","M","R","T","E","M","E","?","M","R","B",null,"M","?","T","M"],"character_chosen":"WATCHER","items_purchased":["ForeignInfluence","FearNoEvil"],"campfire_rested":0,"item_purchase_floors":[2,2],"current_hp_per_floor":[61,61,61,61,61,31,29,29,29,29,33,45,45,42,42,42,62,37,16,16,0,0],"gold":293,"neow_bonus":"THREE_ENEMY_KILL","is_daily":false,"chose_seed":false,"campfire_upgraded":2,"win_rate":0.0,"timestamp":1610160327,"path_taken":["M","$","?","M","M","E","M","R","T","E","?","E","?","?","R","BOSS","M","?","?","M"],"items_purchased_type":["Card","Card"],"build_version":"2020-12-22","purchased_purges":0,"victory":false,"max_hp_per_floor":[68,68,68,68,68,68,68,68,68,68,68,68,68,68,68,68,68,68,68,68,68,68],"relic_stats":{"counters":[12,40],"MawBank":12,"obtain_stats":[{"NeowsBlessing":0,"SacredBark":17,"Enchiridion":19,"PureWater":0,"Frozen Egg 2":9,"Ancient Tea Set":12,"MawBank":20,"White Beast Statue":10,"Meat on the Bone":6},{"NeowsBlessing":0,"SacredBark":10,"Enchiridion":11,"PureWater":0,"Frozen Egg 2":5,"Ancient Tea Set":8,"MawBank":11,"White Beast Statue":6,"Meat on the Bone":4},{"NeowsBlessing":0,"SacredBark":29,"Enchiridion":35,"PureWater":0,"Frozen Egg 2":10,"Ancient Tea Set":20,"MawBank":35,"White Beast Statue":15,"Meat on the Bone":8}],"Meat on the Bone":72},"card_choices":[{"not_picked":["WindmillStrike","WreathOfFlame"],"picked":"ForeignInfluence","floor":1.0},{"not_picked":["ClearTheMind","FlyingSleeves"],"picked":"EmptyFist","floor":4.0},{"not_picked":["Evaluate","ClearTheMind"],"picked":"CrushJoints","floor":5.0},{"not_picked":["SashWhip","Establishment"],"picked":"Conclude","floor":6.0},{"not_picked":["Swivel","Fasting2"],"picked":"CarveReality","floor":7.0},{"not_picked":["WreathOfFlame","WaveOfTheHand"],"picked":"Protect","floor":10},{"not_picked":["EmptyBody","FollowUp","Prostrate"],"picked":"SKIP","floor":11},{"not_picked":["BowlingBash","Wireheading+1"],"picked":"Worship","floor":12},{"not_picked":["SignatureMove","FollowUp","Wireheading+1"],"picked":"SKIP","floor":14},{"not_picked":["Scrawl","Wish"],"picked":"Establishment+1","floor":16},{"not_picked":["Consecrate","FollowUp"],"picked":"ThirdEye","floor":18}],"player_experience":3803994,"relics_obtained":[{"floor":6.0,"key":"Meat on the Bone"},{"floor":9.0,"key":"Frozen Egg 2"},{"floor":10,"key":"White Beast Statue"},{"floor":12,"key":"Ancient Tea Set"},{"floor":19,"key":"Enchiridion"},{"floor":20,"key":"MawBank"}],"event_choices":[{"cards_removed":["Strike_P"],"damage_healed":0.0,"max_hp_gain":0.0,"max_hp_loss":0.0,"gold_gain":0.0,"event_name":"Bonfire Elementals","player_choice":"Offered Basic","floor":3.0,"gold_loss":0.0,"damage_taken":0.0},{"damage_healed":0,"gold_gain":0,"player_choice":"0 cards matched","damage_taken":0,"max_hp_gain":0,"max_hp_loss":0,"event_name":"Match and Keep!","floor":13,"gold_loss":0,"cards_obtained":[]},{"damage_healed":0,"gold_gain":0,"player_choice":"Obtained Book","damage_taken":21,"max_hp_gain":0,"max_hp_loss":0,"event_name":"Cursed Tome","floor":19,"gold_loss":0}],"is_beta":false,"boss_relics":[{"not_picked":["Empty Cage","Sozu"],"picked":"SacredBark"}],"items_purged_floors":[],"is_endless":false,"potions_floor_spawned":[1,4,10,11,12,14,16,18],"killed_by":"Shell Parasite","ascension_level":15}}