{"host":"f5gffvlv6a66yqkd","time":1610173953,"event":{"mods":["2.2 Compatiblity","BaseMod","Colored Map","DeckTracker","Keyboard Shortcuts","Minty Spire (QoL Compilation)","Permanent Neow","Quick Restart","Relic Stats","StSLib","SuperFastMode"],"gold_per_floor":[117,42,55,55,73,73,85,85,108,108,108,120,120,120],"floor_reached":13,"playtime":171,"items_purged":["Defend_R"],"score":150,"play_id":"0173374d-3da8-4c93-926b-dc6a1503f003","local_time":"20210109153233","is_ascension_mode":true,"campfire_choices":[{"data":"Bash","floor":6,"key":"SMITH"},{"floor":8,"key":"REST"},{"data":"Evolve","floor":10,"key":"SMITH"}],"circlet_count":0,"master_deck":["AscendersBane","Strike_R","Strike_R","Strike_R","Defend_R","Defend_R","Bash+1","Shrug It Off","Cleave","Thunderclap","Evolve+1","Wild Strike"],"relics":["Empty Cage","Vajra","Turnip"],"acts_visited":["Exordium"],"potions_floor_usage":[],"damage_taken":[{"damage":19,"enemies":"Cultist","floor":1,"turns":6},{"damage":6,"enemies":"Jaw Worm","floor":3,"turns":5},{"damage":5,"enemies":"2 Louse","floor":5,"turns":3},{"damage":21,"enemies":"Red Slaver","floor":7,"turns":4},{"damage":0,"enemies":"Lots of Slimes","floor":12,"turns":1},{"damage":32,"enemies":"Gremlin Nob","floor":13,"turns":3}],"seed_played":"-7018167763291949883","potions_obtained":[],"is_trial":false,"path_per_floor":["M","$","M","?","M","R","M","R","T","R","T","M","E"],"character_chosen":"IRONCLAD","items_purchased":[],"campfire_rested":1,"item_purchase_floors":[],"current_hp_per_floor":[49,49,43,36,31,31,10,32,32,32,32,32,0,0],"gold":120,"neow_bonus":"BOSS_RELIC","is_daily":false,"chose_seed":false,"campfire_upgraded":2,"win_rate":0.0,"timestamp":1610173953,"path_taken":["M","?","?","?","M","R","M","R","T","R","?","M","E"],"items_purchased_type":[],"build_version":"2020-12-22","purchased_purges":1,"victory":false,"max_hp_per_floor":[75,75,75,75,75,75,75,75,75,75,75,75,75,75],"relic_stats":{"counters":[6,22],"Turnip":[0],"obtain_stats":[{"Vajra":9,"Turnip":11,"Empty Cage":0,"Burning Blood":0},{"Vajra":4,"Turnip":4,"Empty Cage":0,"Burning Blood":0},{"Vajra":18,"Turnip":18,"Empty Cage":0,"Burning Blood":0}]},"card_choices":[{"not_picked":["Flex","Cleave"],"picked":"Shrug It Off","floor":1},{"not_picked":["Rage","Heavy Blade"],"picked":"Cleave","floor":3},{"not_picked":["Iron Wave","Warcry"],"picked":"Thunderclap","floor":5},{"not_picked":["Dark Embrace","Sentinel"],"picked":"Evolve","floor":7},{"not_picked":["Dark Embrace","Armaments"],"picked":"Wild Strike","floor":12}],"player_experience":1538629,"relics_obtained":[{"floor":9,"key":"Vajra"},{"floor":11,"key":"Turnip"}],"event_choices":[{"cards_removed":["Strike_R"],"damage_healed":0,"gold_gain":0,"player_choice":"Card Removal","damage_taken":7,"max_hp_gain":0,"max_hp_loss":0,"event_name":"Golden Wing","floor":4,"gold_loss":0}],"is_beta":false,"boss_relics":[],"items_purged_floors":[2],"is_endless":false,"potions_floor_spawned":[],"killed_by":"Gremlin Nob","ascension_level":20}}