{"host":"egwexuw5uvnxf11j","time":1610166808,"event":{"mods":["2.2 Compatiblity","Aspiration","BaseMod","Better Altar","Better Note","Better Sensory Stone","Better Third Choice","Displayed Cursed Tome","Downfall","Hermit","Key Reminder","Koishi","Marisa????????","Minty Spire (QoL Compilation)","Quick Restart","Shade Mod","Spicy Shops","StSLib","The Construct","The Cursed","The Hierophant","The Runesmith","The Senshi","The Servant 0.9.4","Transform Curses"],"gold_per_floor":[119,119,119,132,147,174,174,201,272,307,307,307,482,498,498,498,498],"floor_reached":16,"playtime":1319,"items_purged":[],"score":172,"play_id":"3d68f46e-5ca4-431b-b5bc-4331de129a69","local_time":"20210108233328","is_ascension_mode":true,"campfire_choices":[{"data":"SilverMatrix","floor":7,"key":"SMITH"},{"floor":11,"key":"REST"},{"floor":15,"key":"REST"}],"circlet_count":0,"master_deck":["Strike_S","Strike_S","Strike_S","Strike_S","Defend_S","Defend_S","Defend_S","Defend_S","KidneyShot","Exchange","GearUp+1","Defy","FanOfKnives","SilverMatrix+1","DoubleEdge","TheWorld","Runesmith:Grindstone","Doubt","Rearm"],"relics":["Uniform","NeowsBlessing","Centennial Puzzle","Bag of Preparation","keyreminder:keyreminder","Ornamental Fan","Oddly Smooth Stone"],"acts_visited":["Exordium"],"potions_floor_usage":[6,10,16],"damage_taken":[{"damage":0,"enemies":"2 Louse","floor":1,"turns":1},{"damage":0,"enemies":"Jaw Worm","floor":4,"turns":1},{"damage":0,"enemies":"Cultist","floor":5,"turns":1},{"damage":13,"enemies":"Gremlin Nob","floor":6,"turns":5},{"damage":37,"enemies":"Lagavulin","floor":8,"turns":11},{"damage":0,"enemies":"3 Sentries","floor":10,"turns":8},{"damage":0,"enemies":"Large Slime","floor":14,"turns":5},{"damage":53,"enemies":"Hexaghost","floor":16,"turns":16}],"seed_played":"-5830840296633917563","potions_obtained":[{"floor":5,"key":"champ:CounterPotion"},{"floor":8,"key":"Guardian:BlockOnCardUsePotion"},{"floor":14,"key":"Swift Potion"}],"is_trial":false,"path_per_floor":["M","?","?","M","M","E","R","E","T","E","R","?","?","M","R","B"],"character_chosen":"THE_SERVANT","items_purchased":[],"campfire_rested":2,"item_purchase_floors":[],"current_hp_per_floor":[65,65,65,65,65,52,52,15,15,15,34,34,34,34,53,0,0],"gold":498,"neow_bonus":"THREE_ENEMY_KILL","is_daily":false,"chose_seed":false,"campfire_upgraded":1,"win_rate":0.0,"timestamp":1610166808,"path_taken":["M","?","?","?","M","E","R","E","T","E","R","?","?","M","R","BOSS"],"items_purchased_type":[],"build_version":"2020-12-22","purchased_purges":0,"victory":false,"max_hp_per_floor":[65,65,65,65,65,65,65,65,65,65,65,65,65,65,65,65,65],"card_choices":[{"not_picked":["Unruled","Shuttle"],"picked":"GearUp","floor":1},{"not_picked":["Comet","Rearm"],"picked":"Defy","floor":4},{"not_picked":["TimeWarp","BottledTime"],"picked":"FanOfKnives","floor":5},{"not_picked":["Potential","Replace"],"picked":"SilverMatrix","floor":6},{"not_picked":["Read","ShatteredReality"],"picked":"DoubleEdge","floor":8},{"not_picked":["Shuttle","FastForward"],"picked":"TheWorld","floor":10},{"not_picked":["SpecialFormula","Potential"],"picked":"Rearm","floor":14}],"player_experience":2175818,"relics_obtained":[{"floor":6,"key":"Centennial Puzzle"},{"floor":8,"key":"Bag of Preparation"},{"floor":9,"key":"Ornamental Fan"},{"floor":10,"key":"Oddly Smooth Stone"}],"event_choices":[{"damage_healed":0,"gold_gain":0,"player_choice":"Leave","damage_taken":0,"max_hp_gain":0,"max_hp_loss":0,"event_name":"The Cleric","floor":2,"gold_loss":0},{"damage_healed":0,"gold_gain":0,"player_choice":"Upgraded","damage_taken":0,"max_hp_gain":0,"max_hp_loss":0,"event_name":"Upgrade Shrine","floor":3,"gold_loss":0,"cards_upgraded":["GearUp"]},{"damage_healed":0,"gold_gain":1,"player_choice":"4","damage_taken":0,"max_hp_gain":0,"max_hp_loss":0,"event_name":"betterStone:BetterStone","floor":12,"gold_loss":0,"cards_obtained":["Runesmith:Grindstone"]},{"damage_healed":0,"gold_gain":175,"player_choice":"AGREE","damage_taken":307,"max_hp_gain":0,"max_hp_loss":0,"event_name":"betterThird:BetterSerpent","floor":13,"gold_loss":0}],"is_beta":false,"boss_relics":[],"items_purged_floors":[],"is_endless":false,"potions_floor_spawned":[5,8,14],"killed_by":"Hexaghost","ascension_level":4}}