{"host":"6h0diz2ap0m56grs","time":1610226954,"event":{"mods":["2.2 Compatiblity","BaseMod","Colored Map","Marisa????????","Minty Spire (QoL Compilation)","Quick Restart","Replay The Spire","Shop Mod","StSLib","The Servant 0.9.4"],"gold_per_floor":[116,131,40,40,53,53,82,110,168,207,219,261,299,344,356,465,477,504,96,96,110,110,136,164,199,254,285,285,328,328,328,328,433,433,452,479,479,479,412,437,437,470,520,520,330,355,124,142,142,142],"floor_reached":51,"playtime":2365,"items_purged":["Blizzard"],"score":1641,"play_id":"79fab5d3-a303-440d-a65d-804d842004a6","local_time":"20210109151554","daily_mods":["SealedDeck","Heirloom","Time Dilation","Flight"],"is_ascension_mode":true,"campfire_choices":[{"data":"ReplayTheSpireMod:Calculation Training","floor":6,"key":"SMITH"},{"data":"Fission","floor":11,"key":"SMITH"},{"data":"Defragment","floor":15,"key":"SMITH"},{"data":"BasicCrystalCard","floor":15,"key":"SMITH"},{"data":"BasicCrystalCard","floor":30,"key":"SMITH"},{"data":"Seek","floor":30,"key":"SMITH"},{"data":"Mirror Shield","floor":32,"key":"SMITH"},{"data":"Coolheaded","floor":32,"key":"SMITH"},{"data":"Seek","floor":41,"key":"SMITH"},{"data":"Consume","floor":41,"key":"SMITH"},{"data":"Consume","floor":44,"key":"SMITH"},{"data":"Biased Cognition","floor":44,"key":"SMITH"},{"data":"Electrodynamics","floor":49,"key":"SMITH"},{"data":"Reinforced Body","floor":49,"key":"SMITH"}],"circlet_count":0,"master_deck":["Reinforced Body+1","Sweeping Beam","Barrage","Coolheaded+1","BasicCrystalCard+1","Consume+1","Cold Snap","Doom and Gloom","BasicCrystalCard+1","Conserve Battery","Ball Lightning","Fission+1","Consume+1","Defragment+1","Mirror Shield+1","Seek+1","Electrodynamics+1","Biased Cognition+1","Seek+1","FIFO Queue","Mirror Shield+1","BasicCrystalCard+1"],"relics":["Cracked Core","replay:Trail_Library","Ginger","Replay:Ringing Soul","Akabeko","Pen Nib","Replay:Arrowhead","Boot","Coffee Dripper","Thread and Needle","MerchantsRug","Nloth\u0027s Gift","StoneCalendar","Gambling Chip","Geode","Enchiridion","Counterbalance","Sozu","Lantern","Shuriken","Gremlin Food","MealTicket","DollysMirror","ReplayTheSpireMod:Ninjato","Art of War"],"acts_visited":["Exordium","TheCity","TheBeyond"],"potions_floor_usage":[13,50,50,50],"damage_taken":[{"damage":5,"enemies":"Small Slimes","floor":1,"turns":2},{"damage":0,"enemies":"Cultist","floor":2,"turns":3},{"damage":0,"enemies":"2 Louse","floor":5,"turns":2},{"damage":0,"enemies":"Replay:BlueRogue","floor":7,"turns":7},{"damage":1,"enemies":"Lagavulin","floor":8,"turns":8},{"damage":5,"enemies":"3 Sentries","floor":10,"turns":5},{"damage":0,"enemies":"Lagavulin","floor":12,"turns":8},{"damage":12,"enemies":"Gremlin Nob","floor":13,"turns":3},{"damage":14,"enemies":"Replay:BlueRogue","floor":14,"turns":6},{"damage":0,"enemies":"Slime Boss","floor":16,"turns":7},{"damage":0,"enemies":"Shell Parasite","floor":18,"turns":5},{"damage":0,"enemies":"2 Thieves","floor":21,"turns":3},{"damage":0,"enemies":"Book of Stabbing","floor":23,"turns":6},{"damage":16,"enemies":"Gremlin Leader","floor":24,"turns":6},{"damage":18,"enemies":"Slavers","floor":25,"turns":4},{"damage":1,"enemies":"Book of Stabbing","floor":27,"turns":6},{"damage":0,"enemies":"Gremlin Leader","floor":29,"turns":7},{"damage":1,"enemies":"Pondfish","floor":33,"turns":9},{"damage":11,"enemies":"3 Darklings","floor":35,"turns":3},{"damage":0,"enemies":"3 Shapes","floor":36,"turns":2},{"damage":0,"enemies":"R_Hoarder","floor":40,"turns":5},{"damage":43,"enemies":"Nemesis","floor":42,"turns":5},{"damage":0,"enemies":"Giant Head","floor":46,"turns":8},{"damage":0,"enemies":"Transient","floor":48,"turns":5},{"damage":13,"enemies":"Time Eater","floor":50,"turns":7}],"seed_played":"-7872046283158581948","potions_obtained":[{"floor":1,"key":"Death Potion"},{"floor":5,"key":"LiquidBronze"},{"floor":7,"key":"DistilledChaos"},{"floor":10,"key":"DuplicationPotion"},{"floor":18,"key":"Elixir"},{"floor":29,"key":"LiquidBronze"},{"floor":33,"key":"SneckoOil"}],"is_trial":true,"path_per_floor":["M","M","$","?","M","R","E","E","T","E","R","E","E","E","R","B",null,"M","$","?","M","?","E","E","E","T","E","?","E","R","?","R","B",null,"M","M","?","?","$","E","R","E","T","R","$","E","$","M","R","B",null],"character_chosen":"DEFECT","items_purchased":["BasicCrystalCard","Conserve Battery","Thread and Needle","MerchantsRug","Lantern","DollysMirror","BasicCrystalCard+1","Art of War"],"campfire_rested":0,"item_purchase_floors":[3,3,19,19,39,45,45,47],"current_hp_per_floor":[70,70,70,70,70,70,70,69,69,67,70,70,58,47,47,47,84,84,84,84,84,84,87,71,56,56,55,39,42,42,42,42,44,96,85,88,88,88,88,88,88,45,45,48,66,66,81,81,81,68],"gold":142,"neow_bonus":"","is_daily":false,"chose_seed":false,"campfire_upgraded":14,"win_rate":0.0,"timestamp":1610226954,"path_taken":["M","M","$","?","?","R","E","E","T","E","R","E","E","E","R","BOSS","M","$","?","?","?","E","E","E","T","E","?","E","R","?","R","BOSS","M","?","?","?","$","E","R","E","T","R","$","E","$","M","R","BOSS"],"items_purchased_type":["Card","Card","Relic","Relic","Relic","Relic","Card","Relic"],"build_version":"2020-12-22","purchased_purges":1,"victory":true,"max_hp_per_floor":[75,75,75,75,75,75,75,75,75,78,81,81,81,84,84,84,84,84,84,84,84,84,87,87,90,90,90,90,93,93,93,93,96,96,96,99,99,99,99,99,99,99,99,102,105,105,105,105,105,105],"card_choices":[{"not_picked":["Sunder","Reprogram","Streamline"],"picked":"SKIP","floor":1},{"not_picked":["Gash","Panic Button","Go for the Eyes"],"picked":"SKIP","floor":2},{"not_picked":["Streamline","Barrage"],"picked":"Ball Lightning","floor":5},{"not_picked":["Steam","Panic Button","Multi-Cast"],"picked":"SKIP","floor":7},{"not_picked":["ReplayGash","ReplaySort","Hologram"],"picked":"SKIP","floor":8},{"not_picked":["Panic Button","Coolheaded"],"picked":"Fission","floor":10},{"not_picked":["Barrage","Hyperbeam","Panic Button"],"picked":"SKIP","floor":12},{"not_picked":["Blizzard","Chaos","Stack"],"picked":"SKIP","floor":13},{"not_picked":["Recycle","Meteor Strike"],"picked":"Defragment","floor":14},{"not_picked":["ReplaySort","Compile Driver","Double Energy+1"],"picked":"SKIP","floor":18},{"not_picked":["Reinforced Body+1","Barrage","Go for the Eyes"],"picked":"SKIP","floor":21},{"not_picked":["Barrage+1","Consume"],"picked":"Mirror Shield","floor":23},{"not_picked":["Panic Button+1","Rebound","Thunder Strike"],"picked":"SKIP","floor":24},{"not_picked":["ReplayGash","Leap"],"picked":"Seek","floor":25},{"not_picked":["ReplayTheSpireMod:GoodbyeWorld","Beam Cell","Cold Snap"],"picked":"SKIP","floor":27},{"not_picked":["Redo","All For One"],"picked":"Electrodynamics","floor":29},{"not_picked":["Rainbow","Multi-Cast"],"picked":"Biased Cognition","floor":33},{"not_picked":["Hologram","Coolheaded","Force Field"],"picked":"SKIP","floor":35},{"not_picked":["Coolheaded","Redo"],"picked":"Seek","floor":36},{"not_picked":["Tempest+1","Skim+1","ReplayTheSpireMod:Fabricate Wheel"],"picked":"SKIP","floor":40},{"not_picked":["Tempest+1","Melter+1","Lockon+1"],"picked":"SKIP","floor":42},{"not_picked":["Self Repair","Go for the Eyes+1","FTL+1"],"picked":"SKIP","floor":46},{"not_picked":["Compile Driver","ReplayTheSpireMod:Repulse+1","Chaos+1"],"picked":"SKIP","floor":48}],"player_experience":140360,"relics_obtained":[{"floor":7,"key":"Replay:Ringing Soul"},{"floor":8,"key":"MawBank"},{"floor":9,"key":"Akabeko"},{"floor":10,"key":"Replay:Wax Seal"},{"floor":12,"key":"Pen Nib"},{"floor":13,"key":"Replay:Arrowhead"},{"floor":14,"key":"Boot"},{"floor":23,"key":"StoneCalendar"},{"floor":24,"key":"CeramicFish"},{"floor":25,"key":"Gambling Chip"},{"floor":26,"key":"Geode"},{"floor":27,"key":"Potion Belt"},{"floor":28,"key":"Enchiridion"},{"floor":29,"key":"Counterbalance"},{"floor":40,"key":"Shuriken"},{"floor":42,"key":"Gremlin Food"},{"floor":43,"key":"MealTicket"},{"floor":46,"key":"ReplayTheSpireMod:Ninjato"}],"event_choices":[{"damage_healed":0,"gold_gain":0,"player_choice":"Ignored","damage_taken":0,"max_hp_gain":0,"max_hp_loss":0,"event_name":"Purifier","floor":4,"gold_loss":0},{"damage_healed":0,"gold_gain":0,"player_choice":"Traded Relic","damage_taken":0,"relics_obtained":["Nloth\u0027s Gift"],"max_hp_gain":0,"max_hp_loss":0,"event_name":"N\u0027loth","floor":20,"relics_lost":["Replay:Wax Seal"],"gold_loss":0},{"damage_healed":0,"gold_gain":0,"player_choice":"Ignored","damage_taken":0,"max_hp_gain":0,"max_hp_loss":0,"event_name":"Vampires","floor":22,"gold_loss":0},{"damage_healed":0,"gold_gain":0,"player_choice":"Obtained Book","damage_taken":16,"max_hp_gain":0,"max_hp_loss":0,"event_name":"Cursed Tome","floor":28,"gold_loss":0},{"damage_healed":0,"gold_gain":0,"player_choice":"0 cards matched","damage_taken":0,"max_hp_gain":0,"max_hp_loss":0,"event_name":"Match and Keep!","floor":31,"gold_loss":0,"cards_obtained":[]},{"cards_removed":["ReplayTheSpireMod:Calculation Training"],"damage_healed":0,"gold_gain":0,"player_choice":"Removed Skill","damage_taken":0,"max_hp_gain":0,"max_hp_loss":0,"event_name":"Falling","floor":37,"gold_loss":0},{"damage_healed":0,"gold_gain":0,"player_choice":"Ignored","damage_taken":0,"max_hp_gain":0,"max_hp_loss":0,"event_name":"SecretPortal","floor":38,"gold_loss":0}],"is_beta":false,"boss_relics":[{"not_picked":["Snecko Heart","Runic Pyramid"],"picked":"Coffee Dripper"},{"not_picked":["ChewingGum","Replay:Bronze Core"],"picked":"Sozu"}],"items_purged_floors":[47],"is_endless":false,"potions_floor_spawned":[1,5,7,10,18,23,29,33,36,40],"ascension_level":1}}