{"host":"3o6vp6vwg41o825i","time":1610187541,"event":{"mods":["AchievementEnabler","Act Like it!","Aspiration","BaseMod","Better Altar","Better Match","Better Note","Better Sensory Stone","Better Skull","Better Third Choice","BetterRewards","CCEM","Clawfect","Colored Map","Conspire","GifTheSpireLib","Halation","Hallownest","Highlight Path","Hubris","Infinite Spire","Jorbs\u0027s Wanderer Trilogy","Mimic Mod","Minty Spire (QoL Compilation)","Replay The Spire","Shop Mod","StSLib","Stuff the Spire","The Bug Knight","The Cursed","The Jungle","Unceasing Turn Reminder","everything is the same but u backflip on backflip"],"gold_per_floor":[114,114,289,144,144,144,156,188,188,219,219,230,230,243,243,346,346,357,357,282,282],"floor_reached":20,"playtime":816,"items_purged":[],"score":170,"play_id":"3984a96c-724c-4403-b6e2-80d075b6c4ae","local_time":"20210109111901","is_ascension_mode":false,"campfire_choices":[{"data":"TheCursedMod:Stigma","floor":6,"key":"SMITH"},{"floor":11,"key":"REST"},{"floor":13,"key":"REST"},{"floor":15,"key":"REST"}],"circlet_count":0,"master_deck":["TheCursedMod:Strike_TheCursed","TheCursedMod:Strike_TheCursed","TheCursedMod:Strike_TheCursed","TheCursedMod:Strike_TheCursed","TheCursedMod:Defend_TheCursed","TheCursedMod:Defend_TheCursed","TheCursedMod:Defend_TheCursed","TheCursedMod:Defend_TheCursed","TheCursedMod:CursedWand","TheCursedMod:CleanUpWorkshop","TheCursedMod:Dregs","TheCursedMod:Stigma+1","Regret","hubris:Gluttony","infinitespire:DeathsTouch+1","Doubt","TheCursedMod:Stigma","TheCursedMod:Hemoplague","TheCursedMod:LuckyCharm","TheCursedMod:DemonSword","TheCursedMod:TroublousMinions"],"relics":["TheCursedMod:BlackMagic101","hubris:OldNail","ClockworkSouvenir","ReplayFunnel","Singing Bowl","Smiling Mask","Black Star"],"acts_visited":["Exordium","TheCity"],"potions_floor_usage":[],"damage_taken":[{"damage":1,"enemies":"Jaw Worm","floor":1,"turns":4},{"damage":4,"enemies":"2 Louse","floor":7,"turns":3},{"damage":23,"enemies":"Lagavulin","floor":8,"turns":4},{"damage":24,"enemies":"Small Slimes","floor":10,"turns":9},{"damage":17,"enemies":"Small Slimes","floor":12,"turns":2},{"damage":7,"enemies":"Looter","floor":14,"turns":2},{"damage":30,"enemies":"Hexaghost","floor":16,"turns":9},{"damage":34,"enemies":"Shell Parasite","floor":18,"turns":5},{"damage":49,"enemies":"2 Thieves","floor":20,"turns":3}],"seed_played":"5140432412711074067","potions_obtained":[{"floor":1,"key":"SteroidPotion"},{"floor":12,"key":"Strength Potion"},{"floor":18,"key":"infinitespire:BlackPotion"}],"is_trial":false,"path_per_floor":["M","?","?","$","?","R","M","E","T","MIM","R","M","R","M","R","B",null,"M","?","M"],"character_chosen":"THE_CURSED","items_purchased":["ClockworkSouvenir"],"campfire_rested":3,"item_purchase_floors":[4],"current_hp_per_floor":[74,74,74,74,74,74,70,47,47,25,48,33,56,49,72,42,79,45,45,0,0],"gold":282,"neow_bonus":"RANDOM_COMMON_RELIC","is_daily":false,"chose_seed":false,"campfire_upgraded":1,"win_rate":0.0,"timestamp":1610187541,"path_taken":["M","?","?","$","?","R","M","E","T","?","R","M","R","M","R","BOSS","M","?","M"],"items_purchased_type":["Relic"],"build_version":"2020-12-22","purchased_purges":0,"victory":false,"max_hp_per_floor":[75,75,75,75,75,75,75,75,75,77,77,79,79,79,79,79,79,79,79,79,79],"card_choices":[{"not_picked":["TheCursedMod:CircleOfCorruption","TheCursedMod:SurpriseAttack"],"picked":"TheCursedMod:Stigma","floor":1},{"not_picked":["infinitespire:Oblivion","infinitespire:UltimateForm"],"picked":"infinitespire:DeathsTouch","floor":2},{"not_picked":["TheCursedMod:RapidMovement","TheCursedMod:CircleOfAmplification"],"picked":"TheCursedMod:Stigma","floor":7},{"not_picked":["TheCursedMod:TroublousMinions","TheCursedMod:WearCloak"],"picked":"TheCursedMod:Hemoplague","floor":8},{"not_picked":["TheCursedMod:CircleOfCorruption","TheCursedMod:SurpriseAttack","TheCursedMod:RavingStaff"],"picked":"Singing Bowl","floor":10},{"not_picked":["TheCursedMod:CircleOfCorruption","TheCursedMod:Stigma","TheCursedMod:ShockAndAwe"],"picked":"Singing Bowl","floor":12},{"not_picked":["TheCursedMod:RapidMovement","TheCursedMod:AshesToAshes"],"picked":"TheCursedMod:LuckyCharm","floor":14},{"not_picked":["TheCursedMod:Neurasthenia","TheCursedMod:DemonicPact"],"picked":"TheCursedMod:DemonSword","floor":16},{"not_picked":["TheCursedMod:VitalStrike","TheCursedMod:RavingStaff"],"picked":"TheCursedMod:TroublousMinions","floor":18}],"player_experience":230053,"relics_obtained":[{"floor":8,"key":"ReplayFunnel"},{"floor":9,"key":"Singing Bowl"},{"floor":10,"key":"Smiling Mask"}],"event_choices":[{"damage_healed":0,"gold_gain":175,"player_choice":"AGREE","damage_taken":114,"max_hp_gain":0,"max_hp_loss":0,"event_name":"betterThird:BetterSerpent","floor":3,"gold_loss":0},{"damage_healed":0,"gold_gain":0,"player_choice":"Grow","damage_taken":0,"max_hp_gain":0,"max_hp_loss":0,"event_name":"Living Wall","floor":5,"gold_loss":0,"cards_upgraded":["infinitespire:DeathsTouch"]},{"cards_removed":["TheCursedMod:Defend_TheCursed"],"damage_healed":0,"gold_gain":0,"player_choice":"Give","damage_taken":0,"max_hp_gain":0,"max_hp_loss":0,"event_name":"betterNote:BetterNote","floor":19,"gold_loss":0,"cards_obtained":["Defend_P"]}],"is_beta":false,"boss_relics":[{"not_picked":["CCEMRelics:GreenEgg","conspire:RoyalGoblet"],"picked":"Black Star"}],"items_purged_floors":[],"is_endless":false,"potions_floor_spawned":[1,12,18],"killed_by":"2 Thieves","ascension_level":0}}