{"host":"ELF","time":1610208557,"event":{"mods":["BaseMod","Minty Spire (QoL Compilation)"],"gold_per_floor":[118,118,129,142,153,153,184,184,207,222,249,262,274,292,292,292,292],"floor_reached":16,"playtime":678,"items_purged":[],"score":232,"play_id":"8408baf7-1f6c-474b-b0ff-a85159790c1b","local_time":"20210109100917","is_ascension_mode":true,"campfire_choices":[{"floor":6,"key":"REST"},{"floor":8,"key":"REST"},{"floor":15,"key":"REST"}],"circlet_count":0,"master_deck":["AscendersBane","Strike_G","Strike_G","Strike_G","Strike_G","Defend_G","Defend_G","Defend_G","Defend_G","Defend_G","Survivor","Neutralize","Reflex","Dash","Caltrops","Underhanded Strike","Slice","Deadly Poison","Dash","Skewer","Bullet Time","Underhanded Strike"],"relics":["Runic Dome","Juzu Bracelet","PreservedInsect","Anchor"],"acts_visited":["Exordium"],"potions_floor_usage":[7,7,12],"damage_taken":[{"damage":4,"enemies":"Small Slimes","floor":1,"turns":4},{"damage":0,"enemies":"2 Louse","floor":3,"turns":3},{"damage":1,"enemies":"Cultist","floor":4,"turns":4},{"damage":11,"enemies":"Red Slaver","floor":5,"turns":4},{"damage":48,"enemies":"3 Sentries","floor":7,"turns":14},{"damage":8,"enemies":"2 Fungi Beasts","floor":10,"turns":3},{"damage":8,"enemies":"Gremlin Nob","floor":11,"turns":3},{"damage":0,"enemies":"Gremlin Gang","floor":12,"turns":2},{"damage":9,"enemies":"Exordium Thugs","floor":13,"turns":5},{"damage":7,"enemies":"Large Slime","floor":14,"turns":6},{"damage":23,"enemies":"Hexaghost","floor":16,"turns":9}],"seed_played":"2521921514877285576","potions_obtained":[{"floor":1,"key":"Block Potion"},{"floor":4,"key":"Block Potion"},{"floor":5,"key":"SkillPotion"},{"floor":11,"key":"Explosive Potion"},{"floor":13,"key":"BlessingOfTheForge"}],"is_trial":false,"path_per_floor":["M","?","M","M","M","R","E","R","T","M","E","M","M","M","R","B"],"character_chosen":"THE_SILENT","items_purchased":[],"campfire_rested":3,"item_purchase_floors":[],"current_hp_per_floor":[55,55,55,54,43,62,14,33,33,25,17,17,8,1,20,0,0],"gold":292,"neow_bonus":"BOSS_RELIC","is_daily":false,"chose_seed":false,"campfire_upgraded":0,"win_rate":0.0,"timestamp":1610208557,"path_taken":["M","?","M","M","M","R","E","R","T","M","E","M","M","M","R","BOSS"],"items_purchased_type":[],"build_version":"2020-12-18","purchased_purges":0,"victory":false,"max_hp_per_floor":[66,66,66,66,66,66,66,66,66,66,66,66,66,66,66,66,66],"card_choices":[{"not_picked":["Calculated Gamble","Backstab"],"picked":"Reflex","floor":1},{"not_picked":["Tactician","Poisoned Stab"],"picked":"Caltrops","floor":3},{"not_picked":["Outmaneuver","Dodge and Roll"],"picked":"Underhanded Strike","floor":4},{"not_picked":["Choke","Bane"],"picked":"Slice","floor":5},{"not_picked":["PiercingWail","Cloak And Dagger"],"picked":"Deadly Poison","floor":7},{"not_picked":["Backflip","Outmaneuver"],"picked":"Dash","floor":10},{"not_picked":["Quick Slash","Catalyst"],"picked":"Skewer","floor":11},{"not_picked":["Bane","Backflip"],"picked":"Bullet Time","floor":12},{"not_picked":["Poisoned Stab","Flying Knee"],"picked":"Underhanded Strike","floor":13},{"not_picked":["Noxious Fumes","Backflip","Dagger Spray"],"picked":"SKIP","floor":14}],"player_experience":3156189,"relics_obtained":[{"floor":7,"key":"Juzu Bracelet"},{"floor":9,"key":"PreservedInsect"},{"floor":11,"key":"Anchor"}],"event_choices":[{"damage_healed":0,"gold_gain":0,"cards_transformed":["Strike_G"],"player_choice":"Change","damage_taken":0,"max_hp_gain":0,"max_hp_loss":0,"event_name":"Living Wall","floor":2,"gold_loss":0,"cards_obtained":["Dash"]}],"is_beta":true,"boss_relics":[],"items_purged_floors":[],"is_endless":false,"potions_floor_spawned":[1,4,5,11,13],"killed_by":"Hexaghost","ascension_level":20}}