{"host":"r2xhbz7xmd090pnn","time":1610159886,"event":{"mods":["2.2 Compatiblity","AchievementEnabler","BaseMod","Better Third Choice","Block Reminder","Card Forge","Dark Map","Downfall","Hermit","Marisa????????","Minty Spire (QoL Compilation)","Rare Cards Sparkle","Replay The Spire","StSLib","SuperFastMode","The Bug Knight","The Necromancer","The Runesmith","The Servant 0.9.4"],"gold_per_floor":[109,109,119,124,165,165,194,194,194,194,208,208,208,220,289,386,386,405,108,108,68,85,112,158,158,158,193,193,220,240,260,260,260,260],"floor_reached":33,"playtime":735,"items_purged":[],"score":351,"play_id":"2bea577f-31f0-4725-8e70-1ad762e68f31","local_time":"20210108183806","is_ascension_mode":false,"campfire_choices":[{"floor":6,"key":"REST"},{"floor":8,"key":"REST"},{"floor":10,"key":"REST"},{"floor":25,"key":"REST"},{"floor":32,"key":"REST"}],"circlet_count":0,"master_deck":["hermit:Strike_Hermit+1","hermit:Strike_Hermit+1","hermit:Defend_Hermit+1","hermit:Defend_Hermit+1","hermit:Snapshot+1","hermit:Covet+1","hermit:NoHoldsBarred+1","hermit:Horror+1","hermit:Misfire+1","hermit:TrackingShot+1","hermit:TrackingShot+1","hermit:WideOpen+1","hermit:Desperado+1","hermit:Magnum+1","hermit:LowProfile+1","hermit:Deadeye+1","hermit:Snipe+1","hermit:Malice+1","hermit:Quickdraw+1"],"relics":["hermit:Momento","Hammer of Thor","Seething Fire","Anvil of the Gods","NeowsBlessing","ReplayTheSpireMod:CursedCoin","Ancient Tea Set","ReplayTheSpireMod:Lightbulb","Peace Pipe","Toy Ornithopter","ReplayTheSpireMod:Ring of Collecting","Busted Crown","TungstenRod","Singing Bowl","Bronze Scales","Anchor","Regal Pillow","Nloth\u0027s Gift","Runesmith:AutoHammer"],"acts_visited":["Exordium","TheCity"],"potions_floor_usage":[27,27,29,30,33],"damage_taken":[{"damage":0,"enemies":"Jaw Worm","floor":1,"turns":1},{"damage":0,"enemies":"Small Slimes","floor":3,"turns":1},{"damage":0,"enemies":"Gremlin Nob","floor":7,"turns":1},{"damage":0,"enemies":"Cultist","floor":11,"turns":1},{"damage":0,"enemies":"Exordium Thugs","floor":14,"turns":2},{"damage":33,"enemies":"The Guardian","floor":16,"turns":6},{"damage":12,"enemies":"2 Thieves","floor":18,"turns":3},{"damage":2,"enemies":"Shell Parasite","floor":22,"turns":2},{"damage":25,"enemies":"Slavers","floor":23,"turns":3},{"damage":0,"enemies":"Gremlin Leader","floor":27,"turns":4},{"damage":2,"enemies":"Book of Stabbing","floor":29,"turns":3},{"damage":9,"enemies":"Centurion and Healer","floor":30,"turns":4},{"damage":9,"enemies":"Sentry and Sphere","floor":31,"turns":3},{"damage":84,"enemies":"Automaton","floor":33,"turns":6}],"seed_played":"-1005691650844753136","potions_obtained":[{"floor":5,"key":"Milkshake"},{"floor":7,"key":"FearPotion"},{"floor":11,"key":"Block Potion"},{"floor":27,"key":"LifebloodPotion"},{"floor":29,"key":"DuplicationPotion"},{"floor":31,"key":"Toxic Potion"}],"is_trial":false,"path_per_floor":["M","?","M","$","?","R","E","R","T","R","M","?","?","M","R","B",null,"M","$","?","$","M","E","T","R","T","E","?","E","M","M","R","B"],"character_chosen":"HERMIT","items_purchased":["ReplayTheSpireMod:CursedCoin","Ancient Tea Set","TungstenRod","hermit:Deadeye"],"campfire_rested":5,"item_purchase_floors":[4,4,19,21],"current_hp_per_floor":[75,75,75,75,75,75,75,75,75,75,75,75,75,75,75,42,75,63,63,75,75,73,48,48,70,70,77,77,75,70,61,79,0,0],"gold":260,"neow_bonus":"THREE_ENEMY_KILL","is_daily":false,"chose_seed":false,"campfire_upgraded":0,"win_rate":0.0,"timestamp":1610159886,"path_taken":["M","?","M","$","?","R","E","R","T","R","?","?","?","?","R","BOSS","M","$","?","$","M","E","?","R","T","E","?","E","M","M","R","BOSS"],"items_purchased_type":["Relic","Relic","Relic","Card"],"build_version":"2020-12-22","purchased_purges":0,"victory":false,"max_hp_per_floor":[75,75,75,75,75,75,75,75,75,75,75,75,75,75,75,75,75,75,75,75,75,75,75,75,75,75,77,77,77,79,79,79,79,79],"card_choices":[{"not_picked":["hermit:Manifest","hermit:Ricochet"],"picked":"hermit:NoHoldsBarred","floor":1},{"not_picked":["hermit:Maintenance","hermit:DeadMansHand","hermit:Dive"],"picked":"SKIP","floor":3},{"not_picked":["hermit:Manifest","hermit:Quickdraw"],"picked":"hermit:Misfire","floor":5},{"not_picked":["hermit:Horror","hermit:Roulette"],"picked":"hermit:TrackingShot","floor":5},{"not_picked":["hermit:DeadOrAlive","hermit:LuckOfTheDraw"],"picked":"hermit:TrackingShot","floor":7},{"not_picked":["hermit:CalledShot","hermit:SprayPray"],"picked":"hermit:WideOpen","floor":11},{"not_picked":["hermit:HighCaliber","hermit:Snipe"],"picked":"hermit:Desperado","floor":14},{"not_picked":["hermit:OverwhelmingPower","hermit:Gambit"],"picked":"hermit:Magnum","floor":16},{"not_picked":[],"picked":"hermit:LowProfile","floor":18},{"not_picked":["hermit:Combo"],"picked":"SKIP","floor":22},{"not_picked":[],"picked":"hermit:Snipe+1","floor":23},{"not_picked":["hermit:Spite+1"],"picked":"Singing Bowl","floor":27},{"not_picked":[],"picked":"hermit:Malice+1","floor":29},{"not_picked":["hermit:TrackingShot"],"picked":"Singing Bowl","floor":30},{"not_picked":[],"picked":"hermit:Quickdraw+1","floor":31}],"player_experience":6131,"relics_obtained":[{"floor":5,"key":"ReplayTheSpireMod:Lightbulb"},{"floor":7,"key":"Peace Pipe"},{"floor":9,"key":"Toy Ornithopter"},{"floor":12,"key":"ReplayTheSpireMod:Ring of Collecting"},{"floor":23,"key":"Singing Bowl"},{"floor":24,"key":"ReplayTheSpireMod:Ring of Exchange"},{"floor":24,"key":"Bronze Scales"},{"floor":26,"key":"Anchor"},{"floor":27,"key":"Regal Pillow"},{"floor":29,"key":"Runesmith:AutoHammer"}],"event_choices":[{"damage_healed":0,"gold_gain":0,"cards_transformed":["hermit:Strike_Hermit"],"player_choice":"Change","damage_taken":0,"max_hp_gain":0,"max_hp_loss":0,"event_name":"Living Wall","floor":2,"gold_loss":0,"cards_obtained":["hermit:Horror"]},{"damage_healed":0,"gold_gain":0,"player_choice":"Cursed","damage_taken":0,"max_hp_gain":0,"max_hp_loss":0,"event_name":"Wheel of Change","floor":13,"gold_loss":0,"cards_obtained":["Decay"]},{"damage_healed":25,"gold_gain":0,"player_choice":"Heal","damage_taken":0,"max_hp_gain":0,"max_hp_loss":0,"event_name":"The Library","floor":20,"gold_loss":0},{"damage_healed":0,"gold_gain":0,"player_choice":"Traded Relic","damage_taken":0,"relics_obtained":["Nloth\u0027s Gift"],"max_hp_gain":0,"max_hp_loss":0,"event_name":"N\u0027loth","floor":28,"relics_lost":["ReplayTheSpireMod:Ring of Exchange"],"gold_loss":0}],"is_beta":false,"boss_relics":[{"not_picked":["Runic Dome","Honey Jar"],"picked":"Busted Crown"}],"items_purged_floors":[],"is_endless":false,"potions_floor_spawned":[7,11,16,18,27,29,31],"killed_by":"Automaton","ascension_level":0}}