{"host":"jexbkylv34f8xu3o","time":1610230767,"event":{"mods":["AchievementEnabler","BaseMod","Colored Map","Colored Powertips","GifTheSpireLib","Highlight Path","Minty Spire (QoL Compilation)","Quick Restart","StSLib"],"gold_per_floor":[113,113,113,78,103,136,149,180,180,180,221,245,259,275,275,275,275],"floor_reached":16,"playtime":255,"items_purged":[],"score":218,"play_id":"d19d9042-f1d0-4c5c-b81e-8e194d9298c9","local_time":"20210109191927","is_ascension_mode":true,"campfire_choices":[{"data":"Hemokinesis","floor":10,"key":"SMITH"},{"floor":15,"key":"REST"}],"circlet_count":0,"master_deck":["AscendersBane","Strike_R","Strike_R","Strike_R","Strike_R","Strike_R","Defend_R","Defend_R","Defend_R","Defend_R","Bash","Thunderclap","Regret","Hemokinesis+1","Shrug It Off","Hemokinesis+1","Combust","True Grit","Combust","Wild Strike+1"],"relics":["Burning Blood","NeowsBlessing","Ornamental Fan","Golden Idol","Potion Belt","Dream Catcher","Molten Egg 2","Mummified Hand","The Courier"],"acts_visited":["Exordium"],"potions_floor_usage":[8,11,13],"damage_taken":[{"damage":0,"enemies":"2 Louse","floor":1,"turns":1},{"damage":0,"enemies":"3 Sentries","floor":6,"turns":1},{"damage":0,"enemies":"Small Slimes","floor":7,"turns":1},{"damage":30,"enemies":"Gremlin Nob","floor":8,"turns":4},{"damage":36,"enemies":"Lagavulin","floor":11,"turns":5},{"damage":5,"enemies":"Jaw Worm","floor":12,"turns":2},{"damage":11,"enemies":"Looter","floor":13,"turns":2},{"damage":21,"enemies":"Exordium Wildlife","floor":14,"turns":4},{"damage":34,"enemies":"The Guardian","floor":16,"turns":2}],"seed_played":"-8719063052766598790","potions_obtained":[{"floor":1,"key":"Explosive Potion"},{"floor":7,"key":"GamblersBrew"},{"floor":12,"key":"AttackPotion"}],"is_trial":false,"path_per_floor":["M","?","?","?","T","E","M","E","T","R","E","M","M","M","R","B"],"character_chosen":"IRONCLAD","items_purchased":[],"campfire_rested":1,"item_purchase_floors":[],"current_hp_per_floor":[78,78,58,78,78,80,80,56,56,56,26,27,22,7,31,0,0],"gold":275,"neow_bonus":"THREE_ENEMY_KILL","is_daily":false,"chose_seed":false,"campfire_upgraded":1,"win_rate":0.0,"timestamp":1610230767,"path_taken":["M","?","?","?","?","E","?","E","T","R","E","M","M","M","R","BOSS"],"items_purchased_type":[],"build_version":"2020-12-22","purchased_purges":0,"victory":false,"max_hp_per_floor":[80,80,80,80,80,80,80,80,80,80,80,80,80,80,80,80,80],"card_choices":[{"not_picked":["Metallicize","Ghostly Armor"],"picked":"Thunderclap","floor":1},{"not_picked":["Bloodletting","Clothesline"],"picked":"Hemokinesis","floor":6},{"not_picked":["Entrench","True Grit"],"picked":"Shrug It Off","floor":7},{"not_picked":["Reckless Charge+1","Burning Pact"],"picked":"Hemokinesis+1","floor":8},{"not_picked":["Power Through","Barricade"],"picked":"Combust","floor":11},{"not_picked":["Warcry","Havoc"],"picked":"True Grit","floor":12},{"not_picked":["Carnage+1","Flex","Dual Wield"],"picked":"SKIP","floor":13},{"not_picked":["Seeing Red","Twin Strike+1"],"picked":"Combust","floor":14},{"not_picked":["Warcry","Entrench"],"picked":"Wild Strike+1","floor":15}],"player_experience":549914,"relics_obtained":[{"floor":5,"key":"Potion Belt"},{"floor":6,"key":"Dream Catcher"},{"floor":8,"key":"Molten Egg 2"},{"floor":9,"key":"Mummified Hand"},{"floor":11,"key":"The Courier"}],"event_choices":[{"damage_healed":0,"gold_gain":0,"player_choice":"Box","damage_taken":0,"relics_obtained":["Ornamental Fan"],"max_hp_gain":0,"max_hp_loss":0,"event_name":"Big Fish","floor":2,"gold_loss":0,"cards_obtained":["Regret"]},{"damage_healed":0,"gold_gain":0,"player_choice":"Take Damage","damage_taken":20,"relics_obtained":["Golden Idol"],"max_hp_gain":0,"max_hp_loss":0,"event_name":"Golden Idol","floor":3,"gold_loss":0},{"damage_healed":20,"gold_gain":0,"player_choice":"Healed","damage_taken":0,"max_hp_gain":0,"max_hp_loss":0,"event_name":"The Cleric","floor":4,"gold_loss":35}],"is_beta":false,"boss_relics":[],"items_purged_floors":[],"is_endless":false,"potions_floor_spawned":[1,7,12],"killed_by":"The Guardian","ascension_level":10}}