{"host":"ypphcgdomtfqpc2w","time":1610201050,"event":{"mods":["BaseMod","Minty Spire (QoL Compilation)","StSLib"],"gold_per_floor":[119,138,158,83,83,83,112,112,112,123,137,137,212,10,10,84,84,94,53,78,78,78,107,107,123,146,146,199,216,243,262,262,340,340,357,375,375,67,289,289,289,320,394,429,447,447,473,508,508,508,508,508,508,36,63,63],"floor_reached":57,"playtime":3130,"items_purged":["Bash","Strike_R+1","Strike_R+1"],"score":2931,"play_id":"70ea1503-c543-424d-93d8-011686a8d85a","local_time":"20210109230410","is_ascension_mode":true,"campfire_choices":[{"data":"Cleave","floor":6,"key":"SMITH"},{"data":"Searing Blow","floor":8,"key":"SMITH"},{"data":"Searing Blow+1","floor":12,"key":"SMITH"},{"floor":15,"key":"REST"},{"data":"Searing Blow+2","floor":24,"key":"SMITH"},{"data":"Searing Blow+3","floor":27,"key":"SMITH"},{"data":"Searing Blow+4","floor":32,"key":"SMITH"},{"data":"Searing Blow+5","floor":40,"key":"SMITH"},{"data":"Searing Blow+6","floor":46,"key":"SMITH"},{"floor":49,"key":"RECALL"},{"data":"Searing Blow+7","floor":53,"key":"SMITH"}],"circlet_count":0,"master_deck":["AscendersBane","Strike_R+1","Strike_R+1","Defend_R+1","Defend_R+1","Defend_R+1","Defend_R+1","Feed","Shrug It Off","Cleave+1","Searing Blow+8","Fire Breathing","Corruption","Power Through","Headbutt","Fire Breathing","Shrug It Off","Armaments+1","Shrug It Off+1","Fiend Fire","Shockwave+1","True Grit+1","Evolve","Impervious","Thunderclap","Shrug It Off","Spot Weakness","Clothesline","Shrug It Off"],"relics":["Burning Blood","Thread and Needle","Mummified Hand","Membership Card","Mark of Pain","Red Mask","Pocketwatch","Bronze Scales","MealTicket","Meat on the Bone","Snecko Eye","Charon\u0027s Ashes","CeramicFish","PreservedInsect","Akabeko","Bird Faced Urn","Lizard Tail","PrismaticShard","Bottled Flame","Anchor"],"acts_visited":["Exordium","TheCity","TheBeyond","TheEnding"],"potions_floor_usage":[7,7,18,20,20,25,42,56],"damage_taken":[{"damage":7,"enemies":"Cultist","floor":1,"turns":4},{"damage":14,"enemies":"Small Slimes","floor":2,"turns":6},{"damage":2,"enemies":"Jaw Worm","floor":3,"turns":4},{"damage":26,"enemies":"3 Sentries","floor":7,"turns":12},{"damage":0,"enemies":"Exordium Wildlife","floor":10,"turns":5},{"damage":19,"enemies":"Large Slime","floor":11,"turns":8},{"damage":13,"enemies":"Slime Boss","floor":16,"turns":10},{"damage":0,"enemies":"3 Byrds","floor":18,"turns":2},{"damage":9,"enemies":"2 Thieves","floor":19,"turns":5},{"damage":18,"enemies":"Masked Bandits","floor":20,"turns":4},{"damage":0,"enemies":"Gremlin Leader","floor":23,"turns":6},{"damage":0,"enemies":"Snecko","floor":25,"turns":6},{"damage":6,"enemies":"Centurion and Healer","floor":29,"turns":5},{"damage":18,"enemies":"Slavers","floor":30,"turns":5},{"damage":5,"enemies":"3 Cultists","floor":31,"turns":5},{"damage":32,"enemies":"Automaton","floor":33,"turns":8},{"damage":0,"enemies":"3 Shapes","floor":35,"turns":3},{"damage":0,"enemies":"Orb Walker","floor":36,"turns":2},{"damage":14,"enemies":"Nemesis","floor":42,"turns":5},{"damage":6,"enemies":"Giant Head","floor":44,"turns":7},{"damage":0,"enemies":"3 Darklings","floor":45,"turns":5},{"damage":20,"enemies":"Spire Growth","floor":47,"turns":5},{"damage":0,"enemies":"Reptomancer","floor":48,"turns":2},{"damage":13,"enemies":"Donu and Deca","floor":50,"turns":6},{"damage":31,"enemies":"Awakened One","floor":51,"turns":8},{"damage":25,"enemies":"Shield and Spear","floor":55,"turns":4},{"damage":81,"enemies":"The Heart","floor":56,"turns":8}],"seed_played":"2199328187338716154","potions_obtained":[{"floor":2,"key":"LiquidMemories"},{"floor":3,"key":"ElixirPotion"},{"floor":10,"key":"Explosive Potion"},{"floor":11,"key":"SkillPotion"},{"floor":19,"key":"PowerPotion"},{"floor":20,"key":"SteroidPotion"},{"floor":23,"key":"Dexterity Potion"},{"floor":31,"key":"Explosive Potion"},{"floor":45,"key":"BlessingOfTheForge"},{"floor":47,"key":"DuplicationPotion"}],"is_trial":false,"path_per_floor":["M","M","M","$","?","R","E","R","T","M","M","R","?","$","R","B",null,"M","M","?","?","?","E","R","M","T","R","T","M","E","M","R","B",null,"M","M","?","$","?","R","?","E","T","E","M","R","M","E","R","B","B",null,"R","$","E","B",null],"character_chosen":"IRONCLAD","items_purchased":["Membership Card","Fire Breathing","Evolve","Impervious","Charon\u0027s Ashes","Lizard Tail","Clothesline","Shrug It Off","PrismaticShard","Bottled Flame"],"campfire_rested":1,"item_purchase_floors":[14,14,38,38,38,54,54,54,54,54],"current_hp_per_floor":[70,65,72,72,47,47,27,27,27,33,23,23,12,12,38,31,73,82,82,73,73,73,82,82,91,91,91,91,94,86,91,91,65,101,107,117,117,117,117,117,117,113,113,117,127,127,113,122,122,126,109,129,129,135,118,63],"gold":63,"neow_bonus":"ONE_RANDOM_RARE_CARD","is_daily":false,"chose_seed":false,"campfire_upgraded":9,"win_rate":0.0,"timestamp":1610201050,"path_taken":["M","M","?","$","?","R","E","R","T","M","M","R","?","$","R","BOSS","M","M","?","?","?","E","R","?","T","R","?","M","E","?","R","BOSS","M","M","?","$","?","R","?","E","T","E","M","R","?","E","R","BOSS","BOSS","R","$","E","BOSS"],"items_purchased_type":["Relic","Card","Card","Card","Relic","Relic","Card","Card","Relic","Relic"],"build_version":"2020-12-22","purchased_purges":3,"victory":true,"max_hp_per_floor":[78,81,84,84,84,84,84,84,84,84,87,87,87,87,87,87,87,90,93,96,96,96,99,99,102,102,102,102,105,109,113,113,113,113,113,117,117,117,117,117,117,121,121,125,129,129,129,132,132,135,135,135,135,135,135,135],"card_choices":[{"not_picked":["Havoc","Infernal Blade"],"picked":"Shrug It Off","floor":1},{"not_picked":["Pummel","Armaments"],"picked":"Perfected Strike","floor":2},{"not_picked":["Bloodletting","Pummel"],"picked":"Cleave","floor":3},{"not_picked":["Rage","Headbutt"],"picked":"Searing Blow","floor":7},{"not_picked":["Warcry","Rage","Havoc"],"picked":"SKIP","floor":10},{"not_picked":["True Grit","Infernal Blade"],"picked":"Thunderclap","floor":11},{"not_picked":["Offering","Brutality"],"picked":"Corruption","floor":16},{"not_picked":["Blood for Blood","Second Wind"],"picked":"Power Through","floor":18},{"not_picked":["Heavy Blade","Warcry"],"picked":"Headbutt","floor":19},{"not_picked":["Sever Soul","Thunderclap+1"],"picked":"Fire Breathing","floor":20},{"not_picked":["Twin Strike","Iron Wave"],"picked":"Shrug It Off","floor":23},{"not_picked":["Flex","Heavy Blade","Twin Strike"],"picked":"SKIP","floor":25},{"not_picked":["Wild Strike","Cleave"],"picked":"Armaments+1","floor":29},{"not_picked":["Pummel","Berserk","Warcry"],"picked":"SKIP","floor":30},{"not_picked":["Flex","Searing Blow"],"picked":"Shrug It Off+1","floor":31},{"not_picked":["Immolate","Bludgeon"],"picked":"Fiend Fire","floor":33},{"not_picked":["Fire Breathing","Shrug It Off"],"picked":"Shockwave+1","floor":35},{"not_picked":["Shrug It Off+1","Second Wind"],"picked":"True Grit+1","floor":36},{"not_picked":["Heavy Blade","Anger","Pommel Strike"],"picked":"SKIP","floor":42},{"not_picked":["Sword Boomerang","Perfected Strike"],"picked":"Thunderclap","floor":44},{"not_picked":["Armaments","Thunderclap","Rupture"],"picked":"SKIP","floor":45},{"not_picked":["Bloodletting","Berserk"],"picked":"Shrug It Off","floor":47},{"not_picked":["Evolve","Anger"],"picked":"Spot Weakness","floor":48},{"not_picked":["True Grit","Twin Strike","Finisher"],"picked":"SKIP","floor":55}],"player_experience":2011446,"relics_obtained":[{"floor":7,"key":"Thread and Needle"},{"floor":9,"key":"Mummified Hand"},{"floor":20,"key":"Red Mask"},{"floor":23,"key":"Pocketwatch"},{"floor":26,"key":"Bronze Scales"},{"floor":28,"key":"MealTicket"},{"floor":30,"key":"Meat on the Bone"},{"floor":42,"key":"PreservedInsect"},{"floor":44,"key":"Akabeko"},{"floor":48,"key":"Bird Faced Urn"},{"floor":55,"key":"Anchor"}],"event_choices":[{"damage_healed":0,"gold_gain":0,"player_choice":"Entered Light","damage_taken":25,"max_hp_gain":0,"max_hp_loss":0,"event_name":"Shining Light","floor":5,"gold_loss":0,"cards_upgraded":["Defend_R","Perfected Strike"]},{"damage_healed":0,"gold_gain":75,"player_choice":"Gather Gold","damage_taken":11,"max_hp_gain":0,"max_hp_loss":0,"event_name":"World of Goop","floor":13,"gold_loss":0},{"damage_healed":0,"gold_gain":0,"player_choice":"Fought Bandits","damage_taken":0,"max_hp_gain":0,"max_hp_loss":0,"event_name":"Masked Bandits","floor":20,"gold_loss":0},{"damage_healed":0,"gold_gain":0,"player_choice":"Simplicity","damage_taken":0,"max_hp_gain":0,"max_hp_loss":0,"event_name":"Back to Basics","floor":21,"gold_loss":0,"cards_upgraded":["Strike_R","Strike_R","Strike_R","Strike_R","Strike_R","Defend_R","Defend_R","Defend_R"]},{"cards_removed":["Perfected Strike"],"damage_healed":0,"gold_gain":0,"player_choice":"Purged","damage_taken":0,"max_hp_gain":0,"max_hp_loss":0,"event_name":"Purifier","floor":22,"gold_loss":0},{"cards_removed":["Strike_R"],"damage_healed":0,"gold_gain":0,"player_choice":"Removed Attack","damage_taken":0,"max_hp_gain":0,"max_hp_loss":0,"event_name":"Falling","floor":37,"gold_loss":0},{"damage_healed":0,"gold_gain":222,"player_choice":"Wore Mask","damage_taken":0,"max_hp_gain":0,"max_hp_loss":0,"event_name":"Tomb of Lord Red Mask","floor":39,"gold_loss":0},{"cards_removed":["Thunderclap"],"damage_healed":0,"gold_gain":0,"player_choice":"Gave Card","damage_taken":0,"relics_obtained":["CeramicFish"],"max_hp_gain":0,"max_hp_loss":0,"event_name":"WeMeetAgain","floor":41,"gold_loss":0}],"is_beta":false,"boss_relics":[{"not_picked":["Sozu","Fusion Hammer"],"picked":"Mark of Pain"},{"not_picked":["Runic Dome","Black Blood"],"picked":"Snecko Eye"}],"items_purged_floors":[4,38,54],"is_endless":false,"potions_floor_spawned":[2,3,10,11,19,20,23,31,36,45,47],"ascension_level":20}}