{"host":"j0tja808rg8hkg8v","time":1610156411,"event":{"mods":["Aspiration","BaseMod","Colored Powertips","Downfall","Energized Spire","Hermit","Infinite Spire","Ironclad Rager","Magitek Elite","Minty Spire (QoL Compilation)","Relic Stats","Replay The Spire","StSLib","The Bladedancer","The Cursed","The Disciple","The Runesmith"],"gold_per_floor":[163,178,226,243,255,255,255,255,255,265,276,276,289,315,9,19,39,137,137,137,147,147,160,180,180,180,196,206,206,206,219,219,244,263,263,280,384,384,159,172,183,197,212,231,231,231,241,241,253,267,27,27,27,27],"floor_reached":52,"playtime":4688,"items_purged":["Slimebound:Strike_Slimebound"],"score":563,"play_id":"2a8db2d4-ec4a-47de-aa01-74fa7a32fefa","local_time":"20210109014011","is_ascension_mode":false,"campfire_choices":[{"data":"Slimebound:GoopSpray","floor":6,"key":"SMITH"},{"data":"Slimebound:RainOfGoop","floor":12,"key":"SMITH"},{"floor":20,"key":"RECALL"}],"circlet_count":0,"master_deck":["Slimebound:Strike_Slimebound","Slimebound:Strike_Slimebound+1","Slimebound:Tackle","Slimebound:Defend_Slimebound","Slimebound:Defend_Slimebound","Slimebound:Defend_Slimebound","Slimebound:Defend_Slimebound","Slimebound:Split","Slimebound:CorrosiveSpit","Slimebound:GoopSpray+1","Slimebound:LeechingTouch","Slimebound:LevelUp","Slimebound:RainOfGoop+1","Slimebound:LeadByExample","Slimebound:HauntingLick","Slimebound:GrowthPunch","Slimebound:RejuvenatingLick","Slimebound:LeechingTouch","Slimebound:SlimeSlap+1","Slimebound:RainOfGoop+1","Slimebound:SplitBruiser+1","Slimebound:GoopSpray","Slimebound:FirmFortitude","Slimebound:ViciousTackle","Slimebound:LeechLife","infinitespire:Starlight","Slimebound:GrowthPunch","Slimebound:LeechLife","Slimebound:LeechEnergy+1","Slimebound:Gluttony","Parasite","Slimebound:OozeBath","Slimebound:RallyTheTroops+1","Slimebound:Equalize+1","Slimebound:MegaLick"],"relics":["Slimebound:AbsorbEndCombat","Divine Protection","Eternal Feather","Strawberry","infinitespire:PuzzleCube","Golden_Hairpin","Regal Pillow","aspiration:RitualDagger","downfall:HeartBlessingBlue","downfall:HeartBlessingGreen","downfall:HeartBlessingRed","downfall:TeleportStone","Chameleon Ring","ReplayTheSpireMod:Shallot","Whetstone"],"acts_visited":["Exordium","TheCity","TheBeyond"],"potions_floor_usage":[18,31,42,44,47,51,52],"damage_taken":[{"damage":13,"enemies":"Jaw Worm","floor":2,"turns":3},{"damage":0,"enemies":"2 Louse","floor":4,"turns":3},{"damage":0,"enemies":"Cultist","floor":5,"turns":3},{"damage":10,"enemies":"Large Slime","floor":10,"turns":4},{"damage":12,"enemies":"Lots of Slimes","floor":11,"turns":3},{"damage":6,"enemies":"2 Fungi Beasts","floor":13,"turns":3},{"damage":30,"enemies":"3 Sentries","floor":14,"turns":5},{"damage":13,"enemies":"downfall:FleeingMerchant","floor":15,"turns":4},{"damage":8,"enemies":"Red Slaver","floor":16,"turns":2},{"damage":11,"enemies":"Large Slime","floor":17,"turns":3},{"damage":57,"enemies":"downfall:Defect","floor":18,"turns":8},{"damage":13,"enemies":"Chosen","floor":21,"turns":4},{"damage":0,"enemies":"Spheric Guardian","floor":23,"turns":3},{"damage":16,"enemies":"Snake Plant","floor":24,"turns":3},{"damage":16,"enemies":"Cultist and Chosen","floor":27,"turns":5},{"damage":14,"enemies":"Shelled Parasite and Fungi","floor":28,"turns":4},{"damage":20,"enemies":"Chosen and Byrds","floor":31,"turns":6},{"damage":50,"enemies":"Nightmare","floor":33,"turns":7},{"damage":16,"enemies":"Cultist and Chosen","floor":34,"turns":5},{"damage":20,"enemies":"Snecko","floor":36,"turns":4},{"damage":46,"enemies":"downfall:Watcher","floor":37,"turns":6},{"damage":19,"enemies":"3 Shapes","floor":40,"turns":4},{"damage":61,"enemies":"3 Darklings","floor":41,"turns":5},{"damage":44,"enemies":"Sphere and 2 Shapes","floor":42,"turns":6},{"damage":75,"enemies":"Writhing Mass","floor":43,"turns":5},{"damage":56,"enemies":"Spire Growth","floor":44,"turns":5},{"damage":14,"enemies":"Maw","floor":47,"turns":6},{"damage":63,"enemies":"3 Darklings","floor":49,"turns":5},{"damage":48,"enemies":"4 Shapes","floor":50,"turns":4},{"damage":6,"enemies":"downfall:FleeingMerchant","floor":51,"turns":4},{"damage":193,"enemies":"Nightmare","floor":52,"turns":10}],"seed_played":"4334629175656886991","potions_obtained":[{"floor":2,"key":"Dexterity Potion"},{"floor":3,"key":"Guardian:BlockOnCardUsePotion"},{"floor":10,"key":"Slimebound:SlimedPotion"},{"floor":14,"key":"BlessingOfTheForge"},{"floor":21,"key":"Energy Potion"},{"floor":24,"key":"Slimebound:ThreeZeroPotion"},{"floor":31,"key":"LiquidBronze"},{"floor":33,"key":"LiquidMemories"},{"floor":43,"key":"Slimebound:SlimedPotion"},{"floor":44,"key":"Adrenaline Potion"},{"floor":50,"key":"Adrenaline Potion"}],"is_trial":false,"path_per_floor":["R","M","?","M","M","R","PTL","PTL","T","M","M","R","M","E","$","M","M","B",null,"R","M","?","M","M","?","T","M","M","PTL","PTL","M","?","NM","M","AVR","M","B",null,"R","M","M","M","M","M","T","T","M","?","M","M","$","NM"],"character_chosen":"SLIMEBOUND","items_purchased":["Strawberry","infinitespire:PuzzleCube","Whetstone"],"campfire_rested":0,"item_purchase_floors":[15,15,51],"current_hp_per_floor":[66,63,37,53,65,65,65,65,65,56,64,64,66,44,58,58,69,36,73,73,73,73,73,64,69,69,63,71,71,71,57,57,41,53,53,73,45,73,83,74,53,75,26,83,83,83,83,83,60,73,83,0,0,0],"gold":27,"neow_bonus":"TEN_PERCENT_HP_BONUS","is_daily":false,"chose_seed":false,"campfire_upgraded":2,"win_rate":0.0,"timestamp":1610156411,"path_taken":["R","M","?","M","M","R","PTL","PTL","T","M","M","R","M","E","$","M","M","BOSS","R","M","?","?","M","?","T","?","M","PTL","PTL","M","?","NM","M","AVR","M","BOSS","R","M","M","M","M","M","T","?","M","?","M","M","$","NM"],"items_purchased_type":["Relic","Relic","Relic"],"build_version":"2020-12-22","purchased_purges":1,"victory":false,"max_hp_per_floor":[66,66,66,66,66,66,66,66,66,66,66,66,66,66,73,73,73,73,73,73,73,73,73,73,73,73,73,73,73,73,73,73,73,73,73,73,73,73,83,83,83,83,83,83,83,83,83,83,83,83,83,83,83,83],"relic_stats":{"Regal Pillow":0,"counters":[31,140],"Eternal Feather":0,"Whetstone":["Slimebound:Strike_Slimebound","Slimebound:RallyTheTroops"],"obtain_stats":[{"Divine Protection":3,"Regal Pillow":33,"downfall:HeartBlessingRed":39,"Eternal Feather":14,"downfall:HeartBlessingGreen":39,"downfall:TeleportStone":39,"Whetstone":51,"Replay:Mystery Machine":9,"Golden_Hairpin":19,"Chameleon Ring":45,"ReplayTheSpireMod:Shallot":46,"downfall:HeartBlessingBlue":39,"Strawberry":15,"Slimebound:AbsorbEndCombat":0,"aspiration:RitualDagger":38,"infinitespire:PuzzleCube":15},{"Divine Protection":1,"Regal Pillow":18,"downfall:HeartBlessingRed":21,"Eternal Feather":7,"downfall:HeartBlessingGreen":21,"downfall:TeleportStone":21,"Whetstone":30,"Replay:Mystery Machine":3,"Golden_Hairpin":11,"Chameleon Ring":26,"ReplayTheSpireMod:Shallot":26,"downfall:HeartBlessingBlue":21,"Strawberry":8,"Slimebound:AbsorbEndCombat":0,"aspiration:RitualDagger":21,"infinitespire:PuzzleCube":8},{"Divine Protection":3,"Regal Pillow":71,"downfall:HeartBlessingRed":86,"Eternal Feather":22,"downfall:HeartBlessingGreen":86,"downfall:TeleportStone":86,"Whetstone":130,"Replay:Mystery Machine":9,"Golden_Hairpin":39,"Chameleon Ring":111,"ReplayTheSpireMod:Shallot":111,"downfall:HeartBlessingBlue":86,"Strawberry":26,"Slimebound:AbsorbEndCombat":0,"aspiration:RitualDagger":86,"infinitespire:PuzzleCube":26}]},"card_choices":[{"not_picked":["Slimebound:GrowthPunch","Slimebound:FormOfPuddle"],"picked":"Slimebound:GoopSpray","floor":2},{"not_picked":["Slimebound:SamplingLick","Slimebound:RollThrough"],"picked":"Slimebound:LeechingTouch","floor":3},{"not_picked":["Slimebound:Prepare","Slimebound:DisruptingSlam"],"picked":"Slimebound:LevelUp","floor":4},{"not_picked":["Slimebound:DisruptingSlam","Slimebound:WasteNot"],"picked":"Slimebound:SplitBruiser","floor":5},{"not_picked":["Slimebound:PressTheAttack","Slimebound:Schlurp"],"picked":"Slimebound:RainOfGoop","floor":10},{"not_picked":["Slimebound:LeechEnergy","Slimebound:Prepare"],"picked":"Slimebound:LeadByExample","floor":11},{"not_picked":["Slimebound:SplitLeeching","Slimebound:RallyTheTroops"],"picked":"Slimebound:HauntingLick","floor":13},{"not_picked":["Slimebound:SplitLeeching","Slimebound:Repurpose"],"picked":"Slimebound:GrowthPunch","floor":14},{"not_picked":["Slimebound:Equalize","Slimebound:GoopTackle"],"picked":"Slimebound:RejuvenatingLick","floor":15},{"not_picked":["Slimebound:RollThrough","Slimebound:LevelUp"],"picked":"Slimebound:LeechingTouch","floor":16},{"not_picked":["Slimebound:Nibble","Slimebound:SplitLeeching","Slimebound:RollThrough"],"picked":"SKIP","floor":17},{"not_picked":["Slimebound:MinionMaster","Slimebound:RallyTheTroops"],"picked":"Slimebound:SlimeSlap","floor":18},{"not_picked":["Slimebound:SplitBruiser","Slimebound:FlameTackle+1","Slimebound:Prepare"],"picked":"SKIP","floor":21},{"not_picked":["Slimebound:SlimeSpikes+1","Slimebound:SplitLeeching"],"picked":"Slimebound:SplitBruiser+1","floor":23},{"not_picked":["Slimebound:LeadByExample","Slimebound:LeechingTouch+1"],"picked":"Slimebound:GoopSpray","floor":24},{"not_picked":["Slimebound:SplitBruiser","Slimebound:DisruptingSlam+1","Slimebound:SplitLeeching+1"],"picked":"SKIP","floor":27},{"not_picked":["Slimebound:SlimeBarrage","Slimebound:Dissolve"],"picked":"Slimebound:FirmFortitude","floor":28},{"not_picked":["Slimebound:RollThrough","Slimebound:SlimeTap+1"],"picked":"Slimebound:ViciousTackle","floor":31},{"not_picked":["Slimebound:FinishingTackle","Slimebound:Chomp"],"picked":"Slimebound:LeechLife","floor":33},{"not_picked":["Slimebound:FinishingTackle","Slimebound:SplitLeeching","Slimebound:Repurpose"],"picked":"SKIP","floor":34},{"not_picked":["Slimebound:PressTheAttack","Slimebound:BestDefense"],"picked":"Slimebound:GrowthPunch","floor":36},{"not_picked":["Slimebound:DuplicatedForm","Slimebound:Overexert"],"picked":"Slimebound:LeechLife","floor":37},{"not_picked":["Slimebound:SlimeSpikes","Slimebound:GoopSpray"],"picked":"Slimebound:LeechEnergy+1","floor":40},{"not_picked":["Slimebound:FinishingTackle","Slimebound:LivingWall+1"],"picked":"Slimebound:Gluttony","floor":41},{"not_picked":["Slimebound:FirmFortitude","Slimebound:GrowthPunch","Slimebound:GoopSpray+1"],"picked":"SKIP","floor":42},{"not_picked":["Slimebound:LivingWall","Slimebound:TongueLash+1","Slimebound:GoopSpray"],"picked":"SKIP","floor":43},{"not_picked":["Slimebound:SplitLeeching","Slimebound:ComboTackle","Slimebound:SlimeSpikes"],"picked":"SKIP","floor":44},{"not_picked":["Slimebound:ForwardTackle+1","Slimebound:HauntingLick"],"picked":"Slimebound:OozeBath","floor":47},{"not_picked":["Slimebound:Grow+1","Slimebound:LeechEnergy+1"],"picked":"Slimebound:Equalize+1","floor":49},{"not_picked":["Slimebound:GoopSpray","Slimebound:SplitAcid"],"picked":"Slimebound:MegaLick","floor":50},{"not_picked":["Slimebound:DisruptingSlam+1","Slimebound:FirmFortitude+1","Slimebound:LeechingTouch"],"picked":"SKIP","floor":51}],"player_experience":38447,"relics_obtained":[{"floor":3,"key":"Divine Protection"},{"floor":9,"key":"Replay:Mystery Machine"},{"floor":14,"key":"Eternal Feather"},{"floor":33,"key":"Regal Pillow"},{"floor":45,"key":"Chameleon Ring"},{"floor":46,"key":"ReplayTheSpireMod:Shallot"}],"event_choices":[{"damage_healed":0,"gold_gain":0,"player_choice":"Copied","damage_taken":0,"max_hp_gain":0,"max_hp_loss":0,"event_name":"Duplicator","floor":22,"gold_loss":0,"cards_obtained":["Slimebound:RainOfGoop"]},{"cards_removed":["Slimebound:SplitBruiser"],"damage_healed":5,"gold_gain":0,"player_choice":"Offered Common","damage_taken":0,"max_hp_gain":0,"max_hp_loss":0,"event_name":"Bonfire Elementals","floor":25,"gold_loss":0},{"cards_removed":["Slimebound:SplitBruiser"],"damage_healed":5,"gold_gain":0,"player_choice":"Offered Special","damage_taken":0,"max_hp_gain":0,"max_hp_loss":0,"event_name":"Bonfire Elementals","floor":25,"gold_loss":0},{"damage_healed":0,"gold_gain":0,"player_choice":"Forge","damage_taken":0,"max_hp_gain":0,"max_hp_loss":0,"event_name":"Accursed Blacksmith","floor":32,"gold_loss":0,"cards_upgraded":["Slimebound:SlimeSlap"]}],"is_beta":false,"boss_relics":[{"not_picked":["Tiny House","aspiration:RunicSpoon"],"picked":"Golden_Hairpin"},{"not_picked":["Snecko Eye","Runic Pyramid"],"picked":"aspiration:RitualDagger"}],"items_purged_floors":[51],"is_endless":true,"potions_floor_spawned":[2,10,11,14,16,17,21,24,28,31,33,37,41,43,44,50],"killed_by":"Nightmare","ascension_level":0}}