{"host":"nx6ib2o6hmd449ys","time":1610175097,"event":{"mods":["100% Spire Juice","2.2 Compatiblity","Act Like it!","Arknights The Spire","Aspiration","BaseMod","Better Silent Start","BetterRewards","CCEM","CapriCore","Chen","Colorless Booster Pack","Conjunction","Conspire","Dota2Spire","Downfall","Eldritch Tears","Elementarium","Energized Spire","Fiend Mod","Fireblade Mod","Fox Events","Friendly Minions","Gensokyo","GifTheSpireLib","GungeonMod","Halation","Hallownest","HexUI Lib","HornydragonMod","Hubris","Infinite Spire","Ironclad Rager","Jedi Mod","KinomotoSakuraMod(????)","Magineer Mod","Marisa????????","Menagerie","Mimic Mod","Minty Spire (QoL Compilation)","MostiFishMod","Quick Restart","RRrroohrrRGHHhhh!!","Rare Cards Sparkle","RatMod","Replay The Spire","RumiaBox-????????","SIMod","Shop Mod","Small Relic Pack","Somnambulant","Spicy Shops","Spikes Relics","StSLib","Stuff the Spire","TestMod","The Animator","The Bladedancer","The Blue Laboratory","The Caster","The Clintock","The Dragon Tamer","The Exalted","The Factory","The Florist","The Gatherer","The Immortal","The Jungle","The Marked","The Runesmith","TheWitcher","Thrall Mod","Wandering Minibosses","Yakumo Yukari mod","Yuyuko","[IsaacMod]????","noobMod","sanctuary","vexMod","??????REMEMod"],"gold_per_floor":[114,136,136,136,150,177,188,224,254,280,280,292,292,292,398,398,415,415,415,441,452,483,511,511,511,529,531,531],"floor_reached":29,"playtime":2063,"items_purged":[],"score":489,"play_id":"07e95f67-15f1-4b96-b712-feb6620b461d","local_time":"20210109075137","is_ascension_mode":true,"campfire_choices":[{"data":"ReplayTheSpireMod:Black Plague","floor":15.0,"key":"SMITH"},{"data":"DoctorFetus","floor":27.0,"key":"SMITH"}],"circlet_count":0,"master_deck":["Bromod:Strike_Bro","Bromod:Strike_Bro","Bromod:Defend_Bro","Bromod:Defend_Bro","Bromod:Defend_Bro","Bromod:Defend_Bro","Bromod:SlashDash","Bromod:SlashDash","Bromod:SlashDash","DoctorFetus+1","MostiFishMod:Wind","MostiFishMod:KingOfFree+1","expansioncontent:YouAreMine","expansioncontent:ChargeUp","Bromod:HeatedCharge","Hallucinations","StuffTheSpire:GnomedCurse","ReplayTheSpireMod:Black Plague+1","Bromod:VoltaicStrike","Bromod:OrganShatter","Bromod:FocusEnergy","Bromod:NoReturn","Bromod:ContagiousSpread","Bromod:NorthWind","Bromod:OrganShatter","Decay","Bromod:DriftingContact+1"],"relics":["Bromod:Ordis","Bromod:AscarisDevice","HushsDoor","DaveBox","testmod-TestBox","ice","REME_ComplimentaryCards","Leech","RhineFirstAidKit","testmod-CasingShield","hubris:Teleporter","ReplayTheSpireMod:ShopPack","hubris:SphereOfDissonance","SynthV:TestCard","SharpPlug","MaYiHuaBei","hubris:FruitBowl","ats:Originium","Peace Pipe","GodSword6","Replay:Rubber Ducky","Singing Bowl","Happy Flower","aspiration:PoetsPen","ZombieArmy","halation:IllGainedPizza","Anchor","DemoMod:GlassGuonStoneRelic"],"acts_visited":["Gensokyo:Gensokyo","TheCity","TheCity"],"potions_floor_usage":[],"damage_taken":[{"damage":0.0,"enemies":"Gensokyo:2_Kodama","floor":1.0,"turns":2.0},{"damage":69.0,"enemies":"Hiden Room Battle","floor":2.0,"turns":5.0},{"damage":2.0,"enemies":"Gensokyo:Gryphon","floor":5.0,"turns":2.0},{"damage":3.0,"enemies":"Gensokyo:Aya","floor":6.0,"turns":3.0},{"damage":0.0,"enemies":"Gensokyo:3_Fairies","floor":7.0,"turns":3.0},{"damage":0.0,"enemies":"Gensokyo:Mamizou","floor":8.0,"turns":4.0},{"damage":0.0,"enemies":"Gensokyo:Python_and_Kodama","floor":9.0,"turns":3.0},{"damage":0.0,"enemies":"Gensokyo:Aya","floor":10.0,"turns":4.0},{"damage":0.0,"enemies":"Gensokyo:Python_and_Kodama","floor":13.0,"turns":3.0},{"damage":17.0,"enemies":"Gensokyo:Kokoro","floor":16.0,"turns":5.0},{"damage":0.0,"enemies":"conspire:FuzzyDice","floor":18.0,"turns":4.0},{"damage":17.0,"enemies":"Chosen","floor":22.0,"turns":3.0},{"damage":0.0,"enemies":"Replay:Snechameleon","floor":23.0,"turns":3.0},{"damage":2.0,"enemies":"REME_1_Revenger","floor":25.0,"turns":2.0},{"damage":0.0,"enemies":"DemoMod:2_Veteran_bullet_kins_and_red_shotgun_kin","floor":28.0,"turns":1.0},{"damage":4.0,"enemies":"DemoMod:Veteran_shot_gun_kin_and_bullet_kin","floor":29.0,"turns":2.0}],"seed_played":"3294598740805119722","potions_obtained":[{"floor":5.0,"key":"Swift Potion"},{"floor":7.0,"key":"Bromod:EnergyRestore"},{"floor":13.0,"key":"FearPotion"},{"floor":23.0,"key":"DemoMod:BlankPotion"},{"floor":25.0,"key":"Bromod:ShieldRestore"}],"is_trial":false,"path_per_floor":["M","?","$","?","M","E","M","E","MIM","E","?","M","?","R","B",null,"M","?","?","T","M","E","E","T","R","M","M"],"character_chosen":"THE_EXALTED","items_purchased":["DemoMod:GnawedKey","ReplayTheSpireMod:ShopPack","hubris:SphereOfDissonance","hubris:FruitBowl"],"campfire_rested":0,"item_purchase_floors":[0,0,0,3],"current_hp_per_floor":[43,48,29,29,30,81,81,81,82,85,85,87,87,87,76,93,96,96,96,96,84,91,94,113,113,116,113,113],"gold":531,"neow_bonus":"","is_daily":false,"chose_seed":false,"campfire_upgraded":2,"win_rate":0.0,"timestamp":1610175097,"path_taken":["M","?","?","?","M","E","M","E","MIM","E","?","?","?","R","BOSS","M","?","?","?","?","E","E","T","R","M","M"],"items_purchased_type":["Relic","Relic","Relic","Relic"],"build_version":"2020-12-13","purchased_purges":0,"victory":false,"max_hp_per_floor":[75,78,78,78,79,81,81,81,83,86,86,88,88,88,93,93,96,96,96,96,101,110,113,113,113,117,118,118],"card_choices":[{"not_picked":[],"picked":"DoctorFetus","floor":0.0},{"not_picked":["StuffTheSpire:Recharge","Midas Touch"],"picked":"MostiFishMod:KingOfFree","floor":0.0},{"not_picked":["REME_BattleFury","Flash of Steel"],"picked":"expansioncontent:YouAreMine","floor":0.0},{"not_picked":["testmod-PerfectCombo","Enlightenment"],"picked":"expansioncontent:ChargeUp","floor":0.0},{"not_picked":["Bromod:Reflection","Bromod:Redirection"],"picked":"Bromod:ShatteringImpact","floor":1.0},{"not_picked":["Bromod:Redirection","Bromod:BulletJump","Bromod:SlashDash","Bromod:PressurePoint"],"picked":"Bromod:HeatedCharge","floor":2.0},{"not_picked":["hubris:InfiniteBlow","infinitespire:Collect"],"picked":"ReplayTheSpireMod:Black Plague","floor":4.0},{"not_picked":["Bromod:FastHands","Bromod:Rejuvenation","Bromod:HornetStrike","Bromod:SpeedTrigger"],"picked":"Bromod:VoltaicStrike","floor":5.0},{"not_picked":["Bromod:Vitality","Bromod:BulletJump","Bromod:Foundry","Bromod:ShatteringImpact"],"picked":"Bromod:OrganShatter","floor":6.0},{"not_picked":["Bromod:PointStrike","Bromod:FinishingTouch","Bromod:Foundry","Bromod:BulletJump"],"picked":"Bromod:FocusEnergy","floor":7.0},{"not_picked":["Bromod:TacticalPump","Bromod:OrganShatter","Bromod:Vitality","Bromod:Foundry"],"picked":"Bromod:NoReturn","floor":8.0},{"not_picked":["Bromod:Vitality","Bromod:BulletJump","Bromod:SlipMagazine","Bromod:ReflexCoil"],"picked":"Bromod:ContagiousSpread","floor":9.0},{"not_picked":["Bromod:KillingBlow","Bromod:Reflection","Bromod:BodyCount","Bromod:ArchwingLauncher"],"picked":"Bromod:NorthWind","floor":10.0},{"not_picked":["Bromod:ShatteringImpact","Bromod:NorthWind","Bromod:Reflection","Bromod:FinishingTouch"],"picked":"Bromod:OrganShatter","floor":13.0},{"not_picked":["Bromod:ThermiteRounds","Bromod:Berserker","Bromod:Continuity","Bromod:SplitChamber"],"picked":"Bromod:DriftingContact","floor":16.0},{"not_picked":["Bromod:TargetCracker","Bromod:PressurePoint+1","Bromod:BloodRush","Bromod:NoReturn+1","Bromod:Provoked"],"picked":"Singing Bowl","floor":18.0},{"not_picked":["Bromod:BulletJump","Bromod:FashionFrame","Bromod:SlashDash+1","Bromod:PointStrike","Bromod:QuickDraw"],"picked":"Singing Bowl","floor":22.0},{"not_picked":["Bromod:SteelCharge","Bromod:SteelFiber","Bromod:SpeedTrigger","Bromod:Vitality","Bromod:NorthWind+1"],"picked":"Singing Bowl","floor":23.0},{"not_picked":["Bromod:TargetCracker","Bromod:HeatedCharge","Bromod:Reflection","Bromod:PointStrike+1","Bromod:FastHands"],"picked":"Singing Bowl","floor":25.0},{"not_picked":["Bromod:SeismicWave+1","Bromod:PointStrike","Bromod:Redirection","Bromod:Rage","Bromod:QuickDraw"],"picked":"Singing Bowl","floor":28.0}],"player_experience":500122,"relics_obtained":[{"floor":1.0,"key":"SynthV:TestCard"},{"floor":2.0,"key":"SharpPlug"},{"floor":2.0,"key":"MaYiHuaBei"},{"floor":6.0,"key":"ats:Originium"},{"floor":6.0,"key":"Peace Pipe"},{"floor":8.0,"key":"ats:Originium"},{"floor":8.0,"key":"GodSword6"},{"floor":9.0,"key":"Replay:Rubber Ducky"},{"floor":10.0,"key":"ats:Originium"},{"floor":10.0,"key":"Singing Bowl"},{"floor":21.0,"key":"ZombieArmy"},{"floor":23.0,"key":"halation:IllGainedPizza"},{"floor":25.0,"key":"Anchor"}],"event_choices":[{"damage_healed":0.0,"max_hp_gain":0.0,"max_hp_loss":0.0,"gold_gain":0.0,"event_name":"HidenRoomEvent","player_choice":"Fight","floor":2.0,"gold_loss":0.0,"damage_taken":0.0},{"damage_healed":0.0,"max_hp_gain":0.0,"max_hp_loss":0.0,"gold_gain":0.0,"event_name":"rorgmod:Wheel of Change","player_choice":"Cursed","floor":14.0,"gold_loss":0.0,"damage_taken":0.0,"cards_obtained":["Decay"]},{"damage_healed":0.0,"max_hp_gain":0.0,"max_hp_loss":0.0,"gold_gain":0.0,"event_name":"Upgrade Shrine","player_choice":"Upgraded","floor":20.0,"gold_loss":0.0,"damage_taken":0.0,"cards_upgraded":["MostiFishMod:KingOfFree"]}],"is_beta":false,"boss_relics":[{"not_picked":["Replay:Wanted Poster","CosmicIsotope"],"picked":"aspiration:PoetsPen"},{"not_picked":[]}],"items_purged_floors":[],"is_endless":false,"potions_floor_spawned":[5,7,13,23,25,29],"killed_by":"DemoMod:Veteran_shot_gun_kin_and_bullet_kin","ascension_level":2}}