{"host":"tjq6rykv202u6iqx","time":1610219527,"event":{"mods":["AchievementEnabler","BaseMod","Minty Spire (QoL Compilation)","Rare Cards Sparkle","Relic Stats"],"gold_per_floor":[365,383,70,70,109,153,153,189,189,203,203,203,203],"floor_reached":12,"playtime":552,"items_purged":[],"score":163,"play_id":"b6d6d340-2143-4211-9dfa-98df24ace8ae","local_time":"20210109131207","is_ascension_mode":true,"campfire_choices":[{"data":"HandOfGreed","floor":7,"key":"SMITH"},{"data":"Blood for Blood","floor":11,"key":"SMITH"}],"circlet_count":0,"master_deck":["AscendersBane","Strike_R","Strike_R","Strike_R","Strike_R","Strike_R","Defend_R","Defend_R","Defend_R","Defend_R","Bash","Anger","Iron Wave","HandOfGreed+1","Disarm","Thunderclap","Headbutt","Combust","Blood for Blood+1"],"relics":["Burning Blood","Golden Idol","White Beast Statue","Tiny Chest","StrikeDummy"],"acts_visited":["Exordium"],"potions_floor_usage":[8,12,12],"damage_taken":[{"damage":1,"enemies":"Cultist","floor":1,"turns":3},{"damage":0,"enemies":"2 Louse","floor":2,"turns":2},{"damage":2,"enemies":"Small Slimes","floor":5,"turns":3},{"damage":26,"enemies":"Lagavulin","floor":6,"turns":7},{"damage":15,"enemies":"Gremlin Nob","floor":8,"turns":4},{"damage":9,"enemies":"Red Slaver","floor":10,"turns":3},{"damage":30,"enemies":"Lagavulin","floor":12,"turns":4}],"seed_played":"6779511756568121285","potions_obtained":[{"floor":6,"key":"Strength Potion"},{"floor":8,"key":"SneckoOil"},{"floor":10,"key":"Swift Potion"}],"is_trial":false,"path_per_floor":["M","M","$","?","M","E","R","E","T","M","R","E"],"character_chosen":"IRONCLAD","items_purchased":["HandOfGreed","Disarm","Thunderclap"],"campfire_rested":0,"item_purchase_floors":[3,3,3],"current_hp_per_floor":[68,68,68,45,49,29,29,20,20,17,17,0,0],"gold":203,"neow_bonus":"TWO_FIFTY_GOLD","is_daily":false,"chose_seed":false,"campfire_upgraded":2,"win_rate":0.0,"timestamp":1610219527,"path_taken":["M","M","$","?","M","E","R","E","T","M","R","E"],"items_purchased_type":["Card","Card","Card"],"build_version":"2020-12-22","purchased_purges":0,"victory":false,"max_hp_per_floor":[68,68,68,68,68,68,68,68,68,68,68,68,68],"relic_stats":{"counters":[7,26],"Golden Idol":23,"Tiny Chest":0,"obtain_stats":[{"Golden Idol":4,"Tiny Chest":8,"StrikeDummy":9,"Burning Blood":0,"White Beast Statue":6},{"Golden Idol":2,"Tiny Chest":5,"StrikeDummy":5,"Burning Blood":0,"White Beast Statue":4},{"Golden Idol":5,"Tiny Chest":19,"StrikeDummy":19,"Burning Blood":0,"White Beast Statue":15}],"Burning Blood":25},"card_choices":[{"not_picked":["Perfected Strike","Rupture"],"picked":"Anger","floor":1},{"not_picked":["Rage","Second Wind"],"picked":"Iron Wave","floor":2},{"not_picked":["Havoc","Rage","Dark Embrace"],"picked":"SKIP","floor":5},{"not_picked":["Iron Wave","Sword Boomerang"],"picked":"Headbutt","floor":6},{"not_picked":["Havoc","Twin Strike"],"picked":"Combust","floor":8},{"not_picked":["Shrug It Off","Clothesline"],"picked":"Blood for Blood","floor":10}],"player_experience":811391,"relics_obtained":[{"floor":6,"key":"White Beast Statue"},{"floor":8,"key":"Tiny Chest"},{"floor":9,"key":"StrikeDummy"}],"event_choices":[{"damage_healed":0,"gold_gain":0,"player_choice":"Take Damage","damage_taken":23,"relics_obtained":["Golden Idol"],"max_hp_gain":0,"max_hp_loss":0,"event_name":"Golden Idol","floor":4,"gold_loss":0}],"is_beta":false,"boss_relics":[],"items_purged_floors":[],"is_endless":false,"potions_floor_spawned":[6,8,10],"killed_by":"Lagavulin","ascension_level":17}}