{"host":"gl7gfqdgzaxu5sie","time":1610167751,"event":{"mods":["AchievementEnabler","BaseMod","Colored Map","DeckTracker","Minty Spire (QoL Compilation)"],"gold_per_floor":[119,133,153,165,165,192,209,209,209],"floor_reached":8,"playtime":498,"items_purged":[],"score":90,"play_id":"1454470c-4243-433e-a091-cf23486b27b2","local_time":"20210109134911","is_ascension_mode":true,"campfire_choices":[],"circlet_count":0,"master_deck":["AscendersBane","Strike_R","Strike_R","Strike_R","Strike_R","Strike_R","Defend_R","Defend_R","Defend_R","Defend_R","Bash","Blind","Blood for Blood","Shrug It Off","Sword Boomerang","Shrug It Off","Regret","Impervious"],"relics":["Burning Blood","Shovel","Tiny Chest"],"acts_visited":["Exordium"],"potions_floor_usage":[7],"damage_taken":[{"damage":13,"enemies":"Jaw Worm","floor":1,"turns":5},{"damage":0,"enemies":"Small Slimes","floor":2,"turns":3},{"damage":0,"enemies":"Cultist","floor":3,"turns":6},{"damage":3,"enemies":"Looter","floor":4,"turns":4},{"damage":45,"enemies":"Lagavulin","floor":6,"turns":8},{"damage":20,"enemies":"Large Slime","floor":7,"turns":6},{"damage":40,"enemies":"Gremlin Nob","floor":8,"turns":4}],"seed_played":"3997141907671650964","potions_obtained":[{"floor":1,"key":"LiquidBronze"},{"floor":6,"key":"Explosive Potion"},{"floor":7,"key":"EssenceOfSteel"}],"is_trial":false,"path_per_floor":["M","M","M","M","?","E","M","E"],"character_chosen":"IRONCLAD","items_purchased":[],"campfire_rested":0,"item_purchase_floors":[],"current_hp_per_floor":[65,71,77,80,80,41,27,0,0],"gold":209,"neow_bonus":"RANDOM_COLORLESS","is_daily":false,"chose_seed":false,"campfire_upgraded":0,"win_rate":0.0,"timestamp":1610167751,"path_taken":["M","M","M","M","?","E","M","E"],"items_purchased_type":[],"build_version":"2020-12-22","purchased_purges":0,"victory":false,"max_hp_per_floor":[80,80,80,80,80,80,80,80,80],"card_choices":[{"not_picked":["Impatience","Dark Shackles"],"picked":"Blind","floor":0},{"not_picked":["Flex","Cleave"],"picked":"Blood for Blood","floor":1},{"not_picked":["Twin Strike","Ghostly Armor"],"picked":"Shrug It Off","floor":2},{"not_picked":["Cleave","Havoc"],"picked":"Sword Boomerang","floor":3},{"not_picked":["Uppercut","Pommel Strike"],"picked":"Shrug It Off","floor":4},{"not_picked":["Reckless Charge","Shrug It Off","Searing Blow"],"picked":"SKIP","floor":6},{"not_picked":["Anger","Iron Wave"],"picked":"Impervious","floor":7}],"player_experience":585763,"relics_obtained":[{"floor":6,"key":"Tiny Chest"}],"event_choices":[{"damage_healed":0,"gold_gain":0,"player_choice":"Box","damage_taken":0,"relics_obtained":["Shovel"],"max_hp_gain":0,"max_hp_loss":0,"event_name":"Big Fish","floor":5,"gold_loss":0,"cards_obtained":["Regret"]}],"is_beta":false,"boss_relics":[],"items_purged_floors":[],"is_endless":false,"potions_floor_spawned":[1,6,7],"killed_by":"Gremlin Nob","ascension_level":10}}