{"host":"ockkdcgl3b18tfz9","time":1610209774,"event":{"mods":["2.2 Compatiblity","BaseMod","Better Skull","Better Third Choice","BetterRewards","Hermit","Minty Spire (QoL Compilation)","Quick Restart","Replay The Spire","Spicy Shops","StSLib","SuperFastMode","The Jungle"],"gold_per_floor":[114,114,131,131,81,107,107,119,119,148,160,172,217,249,261,350,362,314,336,98,98,115,115,115],"floor_reached":23,"playtime":658,"items_purged":[],"score":535,"play_id":"7a5c3fb9-2b8c-4445-a6bb-abc74112bce9","local_time":"20210109232934","is_ascension_mode":true,"campfire_choices":[{"floor":12.0,"key":"REST"},{"floor":15.0,"key":"REST"}],"circlet_count":0,"master_deck":["AscendersBane","Strike_B","Strike_B","Defend_B","Defend_B","Defend_B","Defend_B","Zap+1","Dualcast","Capacitor","Capacitor+1","BootSequence","Turbo","Heatsinks","Coolheaded","White Noise","Double Energy","Redo","Pain","Turbo","BasicCrystalCard+1","Steam","Cold Snap","Rainbow","Hologram","Mirror Shield","Rebound+1"],"relics":["Cracked Core","Lee\u0027s Waffle","OrangePellets","Gremlin Food","Dream Catcher","Potion Belt","FossilizedHelix","Iron Hammer","MawBank","WarpedTongs","Matryoshka","Black Star","Medical Kit"],"acts_visited":["Exordium","TheCity"],"potions_floor_usage":[16,16,16,19],"damage_taken":[{"damage":7.0,"enemies":"Jaw Worm","floor":1.0,"turns":5.0},{"damage":0.0,"enemies":"2 Louse","floor":3.0,"turns":2.0},{"damage":14.0,"enemies":"Lagavulin","floor":6.0,"turns":9.0},{"damage":0.0,"enemies":"Small Slimes","floor":8.0,"turns":4.0},{"damage":0.0,"enemies":"Red Slaver","floor":10.0,"turns":4.0},{"damage":39.0,"enemies":"Gremlin Nob","floor":13.0,"turns":4.0},{"damage":0.0,"enemies":"Looter","floor":14.0,"turns":4.0},{"damage":17,"enemies":"Fading Forest","floor":16,"turns":11},{"damage":4,"enemies":"2 Thieves","floor":18,"turns":4},{"damage":27,"enemies":"Spheric Guardian","floor":19,"turns":6},{"damage":29,"enemies":"Snake Plant","floor":22,"turns":5},{"damage":0,"enemies":"Replay:Snechameleon","floor":23,"turns":3}],"seed_played":"-6852485471188009976","potions_obtained":[{"floor":6.0,"key":"Death Potion"},{"floor":7.0,"key":"Doom Potion"},{"floor":7.0,"key":"BlessingOfTheForge"},{"floor":7.0,"key":"SmokeBomb"},{"floor":8.0,"key":"Ancient Potion"},{"floor":13.0,"key":"ColorlessPotion"},{"floor":22,"key":"BlessingOfTheForge"}],"is_trial":false,"path_per_floor":["M","?","M","?","?","E","?","M","T","M","?","R","E","M","R","B",null,"M","M","$","?","M","E"],"character_chosen":"DEFECT","items_purchased":["Lee\u0027s Waffle","Capacitor","OrangePellets","Gremlin Food","Dream Catcher","Potion Belt","BootSequence","Turbo","Medical Kit","Mirror Shield"],"campfire_rested":2,"item_purchase_floors":[0,0,0,0,0,0,0,0,20,20],"current_hp_per_floor":[67,67,67,67,67,53,53,53,53,53,53,77,38,38,62,53,75,71,44,44,44,15,15,15],"gold":115,"neow_bonus":"","is_daily":false,"chose_seed":false,"campfire_upgraded":0,"win_rate":0.0,"timestamp":1610209774,"path_taken":["M","?","M","?","?","E","?","M","T","?","?","R","E","M","R","BOSS","M","?","$","?","?","E"],"items_purchased_type":["Relic","Card","Relic","Relic","Relic","Relic","Card","Card","Relic","Card"],"build_version":"2020-12-22","purchased_purges":0,"victory":false,"max_hp_per_floor":[82,82,82,82,82,82,82,82,82,82,82,82,82,82,82,82,82,82,82,82,82,82,82,82],"card_choices":[{"not_picked":["Cold Snap","Barrage"],"picked":"Heatsinks","floor":1.0},{"not_picked":["BootSequence","Hologram"],"picked":"Coolheaded","floor":3.0},{"not_picked":["ReplaySolidLightProjector","Self Repair"],"picked":"White Noise","floor":6.0},{"not_picked":["Streamline","Rebound"],"picked":"Double Energy","floor":8.0},{"not_picked":["Stack","Rip and Tear"],"picked":"Redo","floor":10.0},{"not_picked":["Rip and Tear","Gash"],"picked":"Turbo","floor":12.0},{"not_picked":["FTL","Meteor Strike"],"picked":"BasicCrystalCard","floor":13.0},{"not_picked":["Streamline","Cold Snap"],"picked":"Steam","floor":14.0},{"not_picked":["Steam","Coolheaded"],"picked":"Cold Snap","floor":15.0},{"not_picked":["Meteor Strike","Seek"],"picked":"Rainbow","floor":16},{"not_picked":["BasicCrystalCard","ReplaySolidLightProjector","Hologram"],"picked":"SKIP","floor":18},{"not_picked":["Cold Snap","Aggregate"],"picked":"Hologram","floor":19},{"not_picked":["Fusion","Panic Button"],"picked":"Rebound+1","floor":22}],"player_experience":257730,"relics_obtained":[{"floor":6.0,"key":"Iron Hammer"},{"floor":9.0,"key":"MawBank"},{"floor":13.0,"key":"Matryoshka"}],"event_choices":[{"damage_healed":0.0,"max_hp_gain":0.0,"max_hp_loss":0.0,"gold_gain":0.0,"event_name":"Living Wall","player_choice":"Grow","floor":2.0,"gold_loss":0.0,"damage_taken":0.0,"cards_upgraded":["Zap"]},{"damage_healed":0.0,"max_hp_gain":0.0,"max_hp_loss":0.0,"gold_gain":0.0,"event_name":"Golden Wing","player_choice":"Ignored","floor":4.0,"gold_loss":0.0,"damage_taken":0.0},{"cards_removed":["Strike_B"],"damage_healed":0.0,"max_hp_gain":0.0,"max_hp_loss":0.0,"gold_gain":0.0,"event_name":"The Cleric","player_choice":"Card Removal","floor":5.0,"gold_loss":50.0,"damage_taken":0.0},{"damage_healed":0.0,"max_hp_gain":0.0,"max_hp_loss":0.0,"gold_gain":0.0,"event_name":"Lab","player_choice":"Got Potions","floor":7.0,"gold_loss":0.0,"damage_taken":0.0},{"damage_healed":0.0,"max_hp_gain":0.0,"max_hp_loss":0.0,"gold_gain":0.0,"event_name":"Accursed Blacksmith","player_choice":"Rummage","floor":11.0,"gold_loss":0.0,"damage_taken":0.0,"relics_obtained":["WarpedTongs"],"cards_obtained":["Pain"]},{"cards_removed":["Strike_B"],"damage_healed":0,"gold_gain":0,"player_choice":"Purged","damage_taken":0,"max_hp_gain":0,"max_hp_loss":0,"event_name":"Purifier","floor":21,"gold_loss":0}],"is_beta":false,"boss_relics":[{"not_picked":["Honey Jar","Replay:Drink Me"],"picked":"Black Star"}],"items_purged_floors":[],"is_endless":false,"potions_floor_spawned":[6,8,13,22],"killed_by":"Replay:Snechameleon","ascension_level":13}}