{"host":"minbhrtlkaoly5f0","time":1610193602,"event":{"mods":["Act Like it!","BaseMod","Colored Map","Colored Powertips","Lobotomy","LobotomyExtend","Luminous","Minty Spire (QoL Compilation)","Quick Restart","StSLib"],"gold_per_floor":[120,120,131,148,162,162,179,179,227,152,164,164,164,177,177,274,274,287,307,307,307],"floor_reached":20,"playtime":610,"items_purged":["SpecialBullet"],"score":168,"play_id":"5314a437-647c-4ad8-b08d-ac2310f759c5","local_time":"20210109200002","is_ascension_mode":false,"campfire_choices":[],"circlet_count":0,"master_deck":["SpecialBullet","SpecialBullet","SpecialBullet","SpecialBullet","SpecialBullet","SpecialBullet","InformationCode","ControlCode","SecurityCode","UniverseFragment","Heaven+1","Lantern","Scarecrow","Hornet","SpiderBud","TrainingCode","Horn","TT2Protocol","FeatherOfHonor","WelfareCode","Pinks","RedShoes","BlueScar"],"relics":["CogitoBucket","NeowsBlessing","LetterFromLob","Boot","AspirationHeart","Coffee Dripper"],"acts_visited":["Exordium","TheCity"],"potions_floor_usage":[14,16,16,16],"damage_taken":[{"damage":0,"enemies":"Small Slimes","floor":1,"turns":1},{"damage":0,"enemies":"Cultist","floor":3,"turns":1},{"damage":0,"enemies":"Jaw Worm","floor":4,"turns":1},{"damage":20,"enemies":"Looter","floor":5,"turns":2},{"damage":6,"enemies":"2 Fungi Beasts","floor":7,"turns":2},{"damage":24,"enemies":"Red Slaver","floor":11,"turns":3},{"damage":0,"enemies":"Large Slime","floor":14,"turns":3},{"damage":24,"enemies":"Slime Boss","floor":16,"turns":9},{"damage":40,"enemies":"2 Thieves","floor":18,"turns":3},{"damage":43,"enemies":"Shell Parasite","floor":19,"turns":5},{"damage":27,"enemies":"Chosen and Byrds","floor":20,"turns":1}],"seed_played":"-2706720200619793236","potions_obtained":[{"floor":4,"key":"PowerPotion"},{"floor":7,"key":"ColorlessPotion"},{"floor":11,"key":"LiquidMemories"},{"floor":14,"key":"Regen Potion"},{"floor":19,"key":"Strength Potion"}],"is_trial":false,"path_per_floor":["M","?","M","M","M","R","M","R","T","$","M","?","R","M","R","B",null,"M","M","M"],"character_chosen":"Angela","items_purchased":[],"campfire_rested":0,"item_purchase_floors":[],"current_hp_per_floor":[70,70,70,70,61,61,66,66,66,66,63,56,56,68,68,73,80,51,23,0,0],"gold":307,"neow_bonus":"THREE_ENEMY_KILL","is_daily":false,"chose_seed":false,"campfire_upgraded":0,"win_rate":0.0,"timestamp":1610193602,"path_taken":["M","?","M","M","M","R","M","R","T","$","M","?","R","M","R","BOSS","M","M","M"],"items_purchased_type":[],"build_version":"2020-12-22","purchased_purges":1,"victory":false,"max_hp_per_floor":[70,70,70,70,70,70,70,70,70,70,80,80,80,80,80,80,80,80,80,80,80],"card_choices":[{"not_picked":["BeautyBeast","FairyFestival"],"picked":"UniverseFragment","floor":1},{"not_picked":["RedEyes"],"picked":"Heaven","floor":1},{"not_picked":["Laetitia_ego"],"picked":"Lantern","floor":3},{"not_picked":["LittleHelper","HeroicMonk"],"picked":"Scarecrow","floor":4},{"not_picked":["Harvest","Penitence"],"picked":"SKIP","floor":4},{"not_picked":["CUTE"],"picked":"Hornet","floor":5},{"not_picked":["WallGazer","BeautyBeast"],"picked":"SpiderBud","floor":7},{"not_picked":["RedEyes","Tough"],"picked":"SKIP","floor":7},{"not_picked":["CherryBlossom"],"picked":"Horn","floor":11},{"not_picked":["CherryBlossom"],"picked":"FeatherOfHonor","floor":14},{"not_picked":["TheSmile"],"picked":"Pinks","floor":16},{"not_picked":["SomewhereSpear","Lantern"],"picked":"SKIP","floor":18},{"not_picked":["CrumblingArmor","SnowQueen"],"picked":"RedShoes","floor":19},{"not_picked":["SwordSharpenedByTears"],"picked":"BlueScar","floor":19}],"player_experience":27882,"relics_obtained":[{"floor":1,"key":"LetterFromLob"},{"floor":9,"key":"Boot"}],"event_choices":[{"damage_healed":0,"gold_gain":0,"player_choice":"Upgraded","damage_taken":0,"max_hp_gain":0,"max_hp_loss":0,"event_name":"Upgrade Shrine","floor":2,"gold_loss":0,"cards_upgraded":["Heaven"]},{"cards_removed":["SpecialBullet"],"damage_healed":0,"gold_gain":0,"player_choice":"Card Removal","damage_taken":7,"max_hp_gain":0,"max_hp_loss":0,"event_name":"Golden Wing","floor":12,"gold_loss":0}],"is_beta":false,"boss_relics":[{"not_picked":["SlaversCollar","Sozu"],"picked":"Coffee Dripper"}],"items_purged_floors":[10],"is_endless":false,"potions_floor_spawned":[4,7,11,14,19],"killed_by":"Chosen and Byrds","ascension_level":0}}