{"host":"ve5hox67eka4rdnb","time":1610206892,"event":{"mods":["ATMod(∞¢Ë™Mod)","Act Like it!","BaseMod","Downfall","Gensokyo","Hermit","Lobotomy","Marisa£®ÏF”Í°°ƒß¿Ì…≥£©","Minty Spire (QoL Compilation)","Remilia£®¿Ÿ√◊¿Ú—«£©","Replay The Spire","StSLib","The Cursed","The Servant 0.9.4"],"gold_per_floor":[116,135,135,155,167,167,167,167],"floor_reached":7,"playtime":379,"items_purged":[],"score":43,"play_id":"f003b73a-742b-44a8-91df-1f9e6af4dad3","local_time":"20210109234132","is_ascension_mode":false,"campfire_choices":[{"data":"AT_FamilyPortrait","floor":6,"key":"SMITH"}],"circlet_count":0,"master_deck":["Strike_P","Strike_P","Strike_P","Strike_P","Defend_P","Defend_P","Defend_P","Defend_P","Eruption+1","Vigilance","AT_FamilyPortrait+1","Yin","FlurryOfBlows","Conclude","CENSORED","CarveReality","FlurryOfBlows"],"relics":["PureWater","AT_ATBox","CogitoBucket"],"acts_visited":["Exordium"],"potions_floor_usage":[],"damage_taken":[{"damage":3,"enemies":"Jaw Worm","floor":1,"turns":4},{"damage":0,"enemies":"Cultist","floor":2,"turns":3},{"damage":0,"enemies":"2 Louse","floor":4,"turns":2},{"damage":65,"enemies":"Exordium Thugs","floor":5,"turns":6},{"damage":10,"enemies":"Lagavulin","floor":7,"turns":2}],"seed_played":"3597390572964198775","potions_obtained":[{"floor":5,"key":"champ:CounterPotion"}],"is_trial":false,"path_per_floor":["M","M","?","M","M","R","E"],"character_chosen":"WATCHER","items_purchased":[],"campfire_rested":0,"item_purchase_floors":[],"current_hp_per_floor":[69,69,69,69,50,50,56,56],"gold":167,"neow_bonus":"","is_daily":false,"chose_seed":false,"campfire_upgraded":1,"win_rate":0.0,"timestamp":1610206892,"path_taken":["M","M","?","M","?","R","E"],"items_purchased_type":[],"build_version":"2020-12-22","purchased_purges":0,"victory":false,"max_hp_per_floor":[72,72,72,72,72,72,72,72],"card_choices":[{"not_picked":["Bloodbath","Funeral"],"picked":"Yin","floor":1},{"not_picked":["Replay:DivineShield","Consecrate"],"picked":"FlurryOfBlows","floor":1},{"not_picked":["Consecrate","Meditate"],"picked":"Conclude","floor":2},{"not_picked":["CrumblingArmor","FairyFestival"],"picked":"CENSORED","floor":4},{"not_picked":["Replay:Anticipation","TalkToTheHand"],"picked":"CarveReality","floor":4},{"not_picked":["TalkToTheHand","ClearTheMind"],"picked":"FlurryOfBlows","floor":5}],"player_experience":151349,"relics_obtained":[],"event_choices":[{"damage_healed":0,"gold_gain":0,"player_choice":"Upgraded","damage_taken":0,"max_hp_gain":0,"max_hp_loss":0,"event_name":"Upgrade Shrine","floor":3,"gold_loss":0,"cards_upgraded":["Eruption"]}],"is_beta":false,"boss_relics":[],"items_purged_floors":[],"is_endless":false,"potions_floor_spawned":[5],"killed_by":"Lagavulin","ascension_level":0}}