{"host":"xpk7f5wncxr280f7","time":1610222094,"event":{"mods":["AchievementEnabler","BaseMod","Colored Map","Colored Powertips","Highlight Path","Hubris","Ironclad Rager","Minty Spire (QoL Compilation)","Permanent Neow","Quick Restart","Rare Cards Sparkle","Reimu??????","Relic Stats","Remove Card Discount Mod","Reorder Act Four","StSLib"],"gold_per_floor":[111,130,147,147,166,191,191,191,191,191,206,225,255,265,265,370,370,370,370],"floor_reached":18,"playtime":1057,"items_purged":[],"score":174,"play_id":"99c32f25-bbb4-4092-ad8c-0583f8b69ebd","local_time":"20210109115454","is_ascension_mode":false,"campfire_choices":[{"data":"NB:ReiMu","floor":7,"key":"SMITH"},{"data":"TightArray:ReiMu","floor":10,"key":"SMITH"},{"floor":15,"key":"REST"}],"circlet_count":0,"master_deck":["Strike_Lin:ReiMu","Strike_Lin:ReiMu","Strike_Lin:ReiMu","Strike_Lin:ReiMu","Defend_Lin:ReiMu","Defend_Lin:ReiMu","Defend_Lin:ReiMu","Defend_Lin:ReiMu","NB:ReiMu+1","Stagnation:ReiMu","SpreadBorder2:ReiMu","TightArray:ReiMu+1","TightArray:ReiMu","SpreadBorder2:ReiMu","RainPray2:ReiMu","RainPray2:ReiMu","ManaGlint:ReiMu","Revelation:ReiMu","SafetyPray:ReiMu","DependentForm:ReiMu"],"relics":["SacredBark","Prayer Wheel","Snecko Eye"],"acts_visited":["Exordium","TheCity"],"potions_floor_usage":[5,6,13,16],"damage_taken":[{"damage":5,"enemies":"Small Slimes","floor":1,"turns":4},{"damage":9,"enemies":"Cultist","floor":2,"turns":6},{"damage":6,"enemies":"Jaw Worm","floor":3,"turns":5},{"damage":15,"enemies":"3 Louse","floor":5,"turns":5},{"damage":30,"enemies":"3 Sentries","floor":6,"turns":13},{"damage":0,"enemies":"Looter","floor":11,"turns":4},{"damage":3,"enemies":"Red Slaver","floor":12,"turns":4},{"damage":12,"enemies":"Gremlin Nob","floor":13,"turns":5},{"damage":12,"enemies":"Large Slime","floor":14,"turns":9},{"damage":19,"enemies":"Slime Boss","floor":16,"turns":18},{"damage":7,"enemies":"Shell Parasite","floor":18,"turns":2}],"seed_played":"1714179056608306930","potions_obtained":[{"floor":3,"key":"FearPotion"},{"floor":4,"key":"Regen Potion"},{"floor":4,"key":"LiquidFlight:ReiMu"},{"floor":5,"key":"LiquidBronze"},{"floor":11,"key":"Block Potion"},{"floor":12,"key":"Fruit Juice"},{"floor":13,"key":"Block Potion"}],"is_trial":false,"path_per_floor":["M","M","M","?","M","E","R","?","T","R","M","M","E","M","R","B",null,"M"],"character_chosen":"REIMU","items_purchased":[],"campfire_rested":1,"item_purchase_floors":[],"current_hp_per_floor":[60,51,45,45,64,34,34,55,55,55,55,52,40,28,47,28,65,58,58],"gold":370,"neow_bonus":"BOSS_RELIC","is_daily":false,"chose_seed":false,"campfire_upgraded":2,"win_rate":0.0,"timestamp":1610222094,"path_taken":["M","M","M","?","?","E","R","?","T","R","M","M","E","M","R","BOSS","M"],"items_purchased_type":[],"build_version":"2020-12-22","purchased_purges":0,"victory":false,"max_hp_per_floor":[65,65,65,65,65,65,65,65,65,65,65,65,65,65,65,65,65,65,65],"relic_stats":{"counters":[11,72],"Snecko Eye":[1,3,6,4],"Prayer Wheel":1,"obtain_stats":[{"SacredBark":0,"Snecko Eye":17,"Prayer Wheel":13,"FlyPower:ReiMu":0},{"SacredBark":0,"Snecko Eye":10,"Prayer Wheel":8,"FlyPower:ReiMu":0},{"SacredBark":0,"Snecko Eye":70,"Prayer Wheel":44,"FlyPower:ReiMu":0}]},"card_choices":[{"not_picked":["AirManeuver:ReiMu","CollectionFlower2:ReiMu"],"picked":"SpreadBorder2:ReiMu","floor":1},{"not_picked":["SubAcupoint:ReiMu","WonderfulDomain:ReiMu"],"picked":"TightArray:ReiMu","floor":2},{"not_picked":["InherentArray:ReiMu","FineLineFantasy:ReiMu"],"picked":"TightArray:ReiMu","floor":3},{"not_picked":["Crusade:ReiMu","UniversalSpiritual:ReiMu","SubAcupoint:ReiMu"],"picked":"SKIP","floor":5},{"not_picked":["Dreaming2:ReiMu","Intuition:ReiMu"],"picked":"SpreadBorder2:ReiMu","floor":6},{"not_picked":["Amulet:ReiMu","EmergencyTakeOff:ReiMu"],"picked":"RainPray2:ReiMu","floor":11},{"not_picked":["EmergencyTakeOff:ReiMu","AlertArray:ReiMu"],"picked":"RainPray2:ReiMu","floor":12},{"not_picked":["Amulet:ReiMu","TakeOff:ReiMu"],"picked":"ManaGlint:ReiMu","floor":13},{"not_picked":["EmergencyTakeOff:ReiMu","RainPray2:ReiMu"],"picked":"Revelation:ReiMu","floor":14},{"not_picked":["SafetyPray:ReiMu","FantasyMoon:ReiMu","InherentArray:ReiMu"],"picked":"SKIP","floor":14},{"not_picked":["FantasyMoon:ReiMu","InherentArray:ReiMu"],"picked":"SafetyPray:ReiMu","floor":14},{"not_picked":["CeremonyResonance:ReiMu","BlastKick2:ReiMu"],"picked":"DependentForm:ReiMu","floor":16}],"player_experience":115598,"relics_obtained":[{"floor":13,"key":"Prayer Wheel"}],"event_choices":[{"damage_healed":0,"gold_gain":0,"player_choice":"Got Potions","damage_taken":0,"max_hp_gain":0,"max_hp_loss":0,"event_name":"Lab","floor":4,"gold_loss":0},{"damage_healed":21,"gold_gain":0,"player_choice":"Banana","damage_taken":0,"max_hp_gain":0,"max_hp_loss":0,"event_name":"Big Fish","floor":8,"gold_loss":0}],"is_beta":false,"boss_relics":[{"not_picked":["hubris:TerracottaHorce","hubris:HollowSoul"],"picked":"Snecko Eye"}],"items_purged_floors":[],"is_endless":false,"potions_floor_spawned":[3,5,11,12,13],"killed_by":"Shell Parasite","ascension_level":0}}