{"host":"c97twqu0op5dg8i4","time":1610219253,"event":{"mods":["BaseMod","Minty Spire (QoL Compilation)"],"gold_per_floor":[118,43,43,58,58,85,85,96,96,130,130,165,184,201,201,299,299,299,224,224,72,12,12,12,12,12,12,12,12,12,12,12,12,12,12,12,12,12,12,12,12,12,12,12,12,12,12,12,12,12],"floor_reached":51,"playtime":1379,"items_purged":[],"score":994,"play_id":"66e6271d-f669-4ee9-8ec8-081cd8f3a5d6","local_time":"20210109140733","is_ascension_mode":true,"campfire_choices":[{"data":"Cold Snap","floor":7,"key":"SMITH"},{"data":"Buffer","floor":11,"key":"SMITH"},{"floor":15,"key":"REST"},{"floor":27,"key":"REST"},{"floor":32,"key":"REST"},{"floor":41,"key":"REST"},{"floor":44,"key":"REST"},{"floor":49,"key":"RECALL"}],"circlet_count":0,"master_deck":["Strike_B+1","Strike_B+1","Strike_B+1","Defend_B+1","Defend_B+1","Defend_B+1","Defend_B+1","Zap+1","Dualcast+1","Go for the Eyes+1","Leap+1","Cold Snap+1","Sweeping Beam+1","Buffer+1","Ball Lightning+1","Thunder Strike+1","Tempest+1","Core Surge+1","Ball Lightning+1","Cold Snap+1","Ball Lightning+1","Electrodynamics+1","Ball Lightning+1","Cold Snap+1","Biased Cognition+1","Lockon+1"],"relics":["Cracked Core","NeowsBlessing","Gremlin Horn","Potion Belt","Singing Bowl","Unceasing Top","Thread and Needle","Ectoplasm","Vajra","Smiling Mask","Question Card","Frozen Egg 2","Philosopher\u0027s Stone","Old Coin","Emotion Chip","Dream Catcher","Mark of the Bloom"],"acts_visited":["Exordium","TheCity","TheBeyond"],"potions_floor_usage":[16,16,31,33,33,39,42,50,50,50],"damage_taken":[{"damage":0,"enemies":"Small Slimes","floor":1,"turns":1},{"damage":0,"enemies":"2 Louse","floor":4,"turns":1},{"damage":0,"enemies":"3 Sentries","floor":6,"turns":1},{"damage":0,"enemies":"Jaw Worm","floor":8,"turns":3},{"damage":14,"enemies":"Gremlin Nob","floor":10,"turns":4},{"damage":23,"enemies":"3 Sentries","floor":12,"turns":4},{"damage":0,"enemies":"Exordium Wildlife","floor":13,"turns":3},{"damage":0,"enemies":"Red Slaver","floor":14,"turns":3},{"damage":19,"enemies":"Hexaghost","floor":16,"turns":8},{"damage":18,"enemies":"3 Byrds","floor":18,"turns":5},{"damage":8,"enemies":"2 Thieves","floor":22,"turns":3},{"damage":37,"enemies":"Book of Stabbing","floor":23,"turns":5},{"damage":0,"enemies":"Chosen and Byrds","floor":28,"turns":4},{"damage":0,"enemies":"Snecko","floor":29,"turns":4},{"damage":0,"enemies":"Cultist and Chosen","floor":31,"turns":6},{"damage":32,"enemies":"Automaton","floor":33,"turns":8},{"damage":0,"enemies":"Orb Walker","floor":35,"turns":3},{"damage":0,"enemies":"3 Shapes","floor":38,"turns":2},{"damage":57,"enemies":"Writhing Mass","floor":39,"turns":6},{"damage":0,"enemies":"Reptomancer","floor":40,"turns":5},{"damage":38,"enemies":"Nemesis","floor":42,"turns":9},{"damage":0,"enemies":"Jaw Worm Horde","floor":45,"turns":2},{"damage":0,"enemies":"Sphere and 2 Shapes","floor":46,"turns":3},{"damage":34,"enemies":"Donu and Deca","floor":50,"turns":6}],"seed_played":"-5740463725206172722","potions_obtained":[{"floor":4,"key":"LiquidBronze"},{"floor":6,"key":"Energy Potion"},{"floor":13,"key":"Strength Potion"},{"floor":14,"key":"Ancient Potion"},{"floor":23,"key":"PotionOfCapacity"},{"floor":28,"key":"PotionOfCapacity"},{"floor":29,"key":"Regen Potion"},{"floor":33,"key":"ColorlessPotion"},{"floor":38,"key":"EssenceOfSteel"},{"floor":42,"key":"Fruit Juice"}],"is_trial":false,"path_per_floor":["M","$","?","M","?","E","R","M","T","E","R","E","M","M","R","B",null,"M","?","?","$","M","E","$","?","T","R","M","M","T","M","R","B",null,"M","?","?","M","M","E","R","E","T","R","M","M","?","$","R","B",null],"character_chosen":"DEFECT","items_purchased":["Leap","Cold Snap","Vajra"],"campfire_rested":5,"item_purchase_floors":[2,2,21],"current_hp_per_floor":[75,75,75,75,63,63,63,63,63,51,51,28,30,30,53,34,79,61,61,46,46,40,3,3,3,3,28,30,32,32,41,68,36,90,92,87,87,87,32,34,61,28,28,56,56,58,58,58,58,24],"gold":12,"neow_bonus":"THREE_ENEMY_KILL","is_daily":false,"chose_seed":false,"campfire_upgraded":2,"win_rate":0.0,"timestamp":1610219253,"path_taken":["M","$","?","M","?","E","R","M","T","E","R","E","M","M","R","BOSS","M","?","?","$","?","E","$","?","T","R","?","M","?","M","R","BOSS","M","?","?","?","M","E","R","E","T","R","M","M","?","?","R","BOSS"],"items_purchased_type":["Card","Card","Relic"],"build_version":"2020-12-22","purchased_purges":0,"victory":true,"max_hp_per_floor":[75,75,75,75,75,75,75,75,75,77,77,77,79,79,79,79,79,79,79,84,84,86,86,86,86,86,86,88,90,90,90,90,90,90,92,87,87,87,89,91,91,96,96,96,96,98,98,98,98,98],"card_choices":[{"not_picked":["Stack","Rebound"],"picked":"Go for the Eyes","floor":1},{"not_picked":["Coolheaded","Genetic Algorithm"],"picked":"Sweeping Beam","floor":4},{"not_picked":["Sweeping Beam","Beam Cell"],"picked":"Buffer","floor":6},{"not_picked":["Melter","Doom and Gloom"],"picked":"Ball Lightning","floor":8},{"not_picked":["Undo","Redo","Turbo"],"picked":"Singing Bowl","floor":10},{"not_picked":["Genetic Algorithm","Beam Cell"],"picked":"Thunder Strike","floor":12},{"not_picked":["Stack","Auto Shields","Coolheaded"],"picked":"Singing Bowl","floor":13},{"not_picked":["Scrape","Conserve Battery"],"picked":"Tempest","floor":14},{"not_picked":["Fission","Meteor Strike"],"picked":"Core Surge","floor":16},{"not_picked":["Darkness+1","Coolheaded"],"picked":"Ball Lightning+1","floor":18},{"not_picked":["Skim","Storm","Beam Cell"],"picked":"Singing Bowl","floor":22},{"not_picked":["Rip and Tear+1","Ball Lightning+1"],"picked":"Cold Snap","floor":23},{"not_picked":["Genetic Algorithm+1","Undo+1","White Noise","Reprogram+1"],"picked":"Singing Bowl","floor":28},{"not_picked":["Coolheaded","Aggregate+1","Amplify","Cold Snap"],"picked":"Singing Bowl","floor":29},{"not_picked":["Undo+1","Compile Driver","Hologram"],"picked":"Ball Lightning","floor":31},{"not_picked":["Meteor Strike","Fission","Amplify"],"picked":"Electrodynamics+1","floor":33},{"not_picked":["BootSequence+1","Steam+1","Chill+1","Go for the Eyes"],"picked":"Singing Bowl","floor":35},{"not_picked":["Chill","Sweeping Beam+1","Undo+1"],"picked":"Ball Lightning","floor":38},{"not_picked":["Beam Cell","Streamline+1","Machine Learning+1","Turbo"],"picked":"Singing Bowl","floor":39},{"not_picked":["Compile Driver+1","Redo","Sunder+1","Darkness+1"],"picked":"Singing Bowl","floor":40},{"not_picked":["Skim","Force Field","Leap"],"picked":"Cold Snap","floor":42},{"not_picked":["Compile Driver","Ball Lightning","Darkness+1"],"picked":"Biased Cognition+1","floor":44},{"not_picked":["Chaos+1","Streamline+1","Rebound"],"picked":"Lockon","floor":45},{"not_picked":["Coolheaded+1","Scrape+1","Barrage","Stack+1"],"picked":"Singing Bowl","floor":46}],"player_experience":268324,"relics_obtained":[{"floor":6,"key":"Potion Belt"},{"floor":9,"key":"Singing Bowl"},{"floor":10,"key":"Unceasing Top"},{"floor":12,"key":"Thread and Needle"},{"floor":23,"key":"Smiling Mask"},{"floor":26,"key":"Question Card"},{"floor":30,"key":"Frozen Egg 2"},{"floor":40,"key":"Old Coin"},{"floor":42,"key":"Emotion Chip"},{"floor":43,"key":"Dream Catcher"}],"event_choices":[{"damage_healed":0,"gold_gain":0,"player_choice":"Leave","damage_taken":0,"max_hp_gain":0,"max_hp_loss":0,"event_name":"The Cleric","floor":3,"gold_loss":0},{"damage_healed":0,"gold_gain":0,"player_choice":"Success","damage_taken":12,"relics_obtained":["Gremlin Horn"],"max_hp_gain":0,"max_hp_loss":0,"event_name":"Scrap Ooze","floor":5,"gold_loss":0},{"cards_removed":["Strike_B"],"damage_healed":0,"gold_gain":0,"player_choice":"Gave Gold","damage_taken":0,"max_hp_gain":0,"max_hp_loss":0,"event_name":"Beggar","floor":19,"gold_loss":75},{"damage_healed":0,"gold_gain":0,"player_choice":"Shed Blood","damage_taken":20,"max_hp_gain":5,"max_hp_loss":0,"event_name":"Forgotten Altar","floor":20,"gold_loss":0},{"damage_healed":0,"gold_gain":0,"player_choice":"Upgraded","damage_taken":0,"max_hp_gain":0,"max_hp_loss":0,"event_name":"Upgrade Shrine","floor":25,"gold_loss":0,"cards_upgraded":["Zap"]},{"damage_healed":0,"gold_gain":0,"player_choice":"Max HP","damage_taken":0,"max_hp_gain":0,"max_hp_loss":5,"event_name":"Winding Halls","floor":36,"gold_loss":0},{"damage_healed":0,"gold_gain":100,"player_choice":"Pray","damage_taken":0,"max_hp_gain":0,"max_hp_loss":0,"event_name":"Golden Shrine","floor":37,"gold_loss":0},{"damage_healed":0,"gold_gain":0,"player_choice":"Upgrade","damage_taken":0,"relics_obtained":["Mark of the Bloom"],"max_hp_gain":0,"max_hp_loss":0,"event_name":"MindBloom","floor":47,"gold_loss":0,"cards_upgraded":["Strike_B","Strike_B","Strike_B","Defend_B","Defend_B","Defend_B","Defend_B","Dualcast","Go for the Eyes","Leap","Sweeping Beam","Ball Lightning","Thunder Strike","Tempest","Core Surge","Cold Snap","Ball Lightning","Ball Lightning","Cold Snap","Lockon"]}],"is_beta":false,"boss_relics":[{"not_picked":["Runic Pyramid","Runic Dome"],"picked":"Ectoplasm"},{"not_picked":["FrozenCore","SlaversCollar"],"picked":"Philosopher\u0027s Stone"}],"items_purged_floors":[],"is_endless":false,"potions_floor_spawned":[4,6,13,14,23,28,29,33,38,42],"ascension_level":4}}