{"host":"05f2hnymw1jwv8z0","time":1610166629,"event":{"mods":["BaseMod","Downfall","Minty Spire (QoL Compilation)","StSLib"],"gold_per_floor":[99,99,99,99,99,99,152,152,170,196,225,325,200,217,230,328,328,278,295,305,318,318,318,318,318,268,282,232,261,27,61,74,178,178,53,63,80,147,158,158,181,197,222,234,109,140,188,188,206,206,206,234,8,8,8,8,8],"floor_reached":55,"playtime":2490,"items_purged":["Writhe","Slimebound:Split"],"score":738,"play_id":"86b345c8-978c-45f0-b9b8-42f479a034aa","local_time":"20210109123029","is_ascension_mode":false,"campfire_choices":[{"floor":1.0,"key":"RECALL"},{"data":"Slimebound:ComboTackle","floor":13.0,"key":"SMITH"},{"data":"Slimebound:OozeBath","floor":18.0,"key":"SMITH"},{"data":"Slimebound:SlimeSlap","floor":26.0,"key":"SMITH"},{"data":"Slimebound:FirmFortitude","floor":28.0,"key":"SMITH"},{"data":"Slimebound:OozeBath","floor":35.0,"key":"SMITH"},{"data":"Slimebound:GoopTackle","floor":45.0,"key":"SMITH"},{"data":"Slimebound:TongueLash","floor":54,"key":"SMITH"}],"circlet_count":0,"master_deck":["Slimebound:Strike_Slimebound+1","Slimebound:Strike_Slimebound+1","Slimebound:Tackle","Slimebound:Defend_Slimebound","Slimebound:Defend_Slimebound","Slimebound:Defend_Slimebound","Slimebound:CorrosiveSpit","Slimebound:LeechingTouch","Slimebound:ComboTackle+1","Slimebound:GoopSpray","Slimebound:FormOfPuddle+1","Slimebound:TongueLash+1","Slimebound:SamplingLick+1","Slimebound:FirmFortitude+1","Slimebound:OozeBath+1","Slimebound:SlimeSlap+1","Slimebound:FinishingTackle","Slimebound:SlimeSpikes+1","Slimebound:FormOfPuddle","Slimebound:FinishingTackle","Slimebound:MegaLick+1","Slimebound:OozeBath+1","Slimebound:Grow+1","Slimebound:DouseInSlime+1","Slimebound:GoopTackle+1","Slimebound:SamplingLick+1","Slimebound:LivingWall","Slimebound:SamplingLick+1","Slimebound:RallyTheTroops"],"relics":["Slimebound:AbsorbEndCombat","downfall:HeartsMalice","Slimebound:GreedOozeRelic","Whetstone","PreservedInsect","Bronze Scales","downfall:HeartBlessingRed","Busted Crown","downfall:RedIOU","Slimebound:AggressiveSlimeRelic","Boot","Dream Catcher","Vajra","Kunai","Philosopher\u0027s Stone","downfall:HeartBlessingGreen","Darkstone Periapt","downfall:HeartBlessingBlue","War Paint","CaptainsWheel","Slimebound:MaxSlimesRelic","Bag of Preparation"],"acts_visited":["Exordium","TheCity","TheBeyond","TheEnding"],"potions_floor_usage":[48,55,55],"damage_taken":[{"damage":0.0,"enemies":"2 Louse","floor":2.0,"turns":1.0},{"damage":0.0,"enemies":"Small Slimes","floor":5.0,"turns":1.0},{"damage":0.0,"enemies":"Jaw Worm","floor":8.0,"turns":1.0},{"damage":21.0,"enemies":"Large Slime","floor":9.0,"turns":4.0},{"damage":20.0,"enemies":"3 Sentries","floor":11.0,"turns":4.0},{"damage":19.0,"enemies":"downfall:Heads","floor":12.0,"turns":3.0},{"damage":1.0,"enemies":"3 Louse","floor":14.0,"turns":2.0},{"damage":5.0,"enemies":"Blue Slaver","floor":15.0,"turns":2.0},{"damage":20.0,"enemies":"downfall:Watcher","floor":16.0,"turns":6.0},{"damage":25.0,"enemies":"Shell Parasite","floor":19.0,"turns":3.0},{"damage":9.0,"enemies":"Chosen","floor":20.0,"turns":3.0},{"damage":19.0,"enemies":"Snecko","floor":21.0,"turns":4.0},{"damage":17.0,"enemies":"Shelled Parasite and Fungi","floor":27.0,"turns":3.0},{"damage":26.0,"enemies":"Slavers","floor":29.0,"turns":4.0},{"damage":9.0,"enemies":"downfall:FleeingMerchant","floor":30.0,"turns":4.0},{"damage":20.0,"enemies":"Book of Stabbing","floor":31.0,"turns":3.0},{"damage":7.0,"enemies":"Centurion and Healer","floor":32.0,"turns":3.0},{"damage":15.0,"enemies":"downfall:Defect","floor":33.0,"turns":7.0},{"damage":21.0,"enemies":"3 Darklings","floor":36.0,"turns":4.0},{"damage":4.0,"enemies":"Orb Walker","floor":37.0,"turns":2.0},{"damage":24.0,"enemies":"downfall:FleeingMerchant","floor":38.0,"turns":4.0},{"damage":27.0,"enemies":"Maw","floor":39.0,"turns":6.0},{"damage":17.0,"enemies":"Spire Growth","floor":42.0,"turns":4.0},{"damage":26.0,"enemies":"Reptomancer","floor":43.0,"turns":4.0},{"damage":12.0,"enemies":"Sphere and 2 Shapes","floor":44.0,"turns":4.0},{"damage":21.0,"enemies":"Nemesis","floor":46.0,"turns":4.0},{"damage":7.0,"enemies":"2 Orb Walkers","floor":47.0,"turns":4.0},{"damage":7,"enemies":"2 Orb Walkers","floor":48,"turns":3},{"damage":4,"enemies":"Transient","floor":49,"turns":5},{"damage":20,"enemies":"downfall:Silent","floor":50,"turns":5},{"damage":40,"enemies":"downfall:CharBossMerchant","floor":52,"turns":7},{"damage":32,"enemies":"downfall:NeowBoss","floor":55,"turns":10}],"seed_played":"385981920906373545","potions_obtained":[{"floor":9.0,"key":"Fire Potion"},{"floor":11.0,"key":"SkillPotion"},{"floor":14.0,"key":"hexamod:EctoCoolerPotion"},{"floor":15.0,"key":"DistilledChaos"},{"floor":29.0,"key":"DistilledChaos"},{"floor":32.0,"key":"Ancient Potion"},{"floor":36.0,"key":"Strength Potion"},{"floor":39.0,"key":"EssenceOfSteel"},{"floor":44.0,"key":"Explosive Potion"},{"floor":46.0,"key":"SpeedPotion"},{"floor":48,"key":"hexamod:EctoCoolerPotion"}],"is_trial":false,"path_per_floor":["R","M","?","?","M","?","T","M","M","T","E","?","R","M","M","B",null,"R","M","M","M","?","?","T","?","R","M","R","E","$","E","M","B",null,"R","M","M","$","M","?","T","M","E","M","R","E","?","?","M","B",null,"E","$","R","B"],"character_chosen":"SLIMEBOUND","items_purchased":["Vajra","Slimebound:DouseInSlime","Bag of Preparation","Slimebound:RallyTheTroops"],"campfire_rested":0,"item_purchase_floors":[30,38,53,53],"current_hp_per_floor":[60,60,60,60,60,60,60,60,49,49,35,26,26,29,32,22,60,60,43,42,35,35,35,35,35,35,32,32,22,27,15,22,29,60,60,53,57,43,32,32,32,27,13,13,23,18,23,28,40,32,70,48,48,48,38,38,38],"gold":8,"neow_bonus":"THREE_ENEMY_KILL","is_daily":false,"chose_seed":false,"campfire_upgraded":7,"win_rate":0.0,"timestamp":1610166629,"path_taken":["R","M","?","?","M","?","T","M","M","?","E","?","R","?","M","BOSS","R","M","M","M","?","?","T","?","R","M","R","E","?","E","M","BOSS","R","M","M","$","M","?","T","?","E","M","R","E","?","?","M","BOSS","E","$","R","BOSS"],"items_purchased_type":["Relic","Card","Relic","Card"],"build_version":"2020-12-22","purchased_purges":2,"victory":false,"max_hp_per_floor":[60,60,60,60,60,60,60,60,60,60,60,60,60,60,60,60,60,60,60,60,60,60,60,60,60,60,60,60,60,60,60,60,60,60,60,60,60,60,60,60,60,60,60,60,70,70,70,70,70,70,70,70,70,70,70,70,70],"card_choices":[{"not_picked":["Slimebound:SamplingLick","Slimebound:SlimeTap"],"picked":"Slimebound:LeechingTouch","floor":2.0},{"not_picked":["Slimebound:SlimeTap","Slimebound:TongueLash"],"picked":"Slimebound:ComboTackle","floor":5.0},{"not_picked":["Slimebound:ComboTackle","Slimebound:Teamwork"],"picked":"Slimebound:GoopSpray","floor":8.0},{"not_picked":["Slimebound:SplitAcid","Slimebound:LeechEnergy"],"picked":"Slimebound:FormOfPuddle","floor":9.0},{"not_picked":["Slimebound:Nibble","Slimebound:SplitAcid","Slimebound:Schlurp"],"picked":"SKIP","floor":11.0},{"not_picked":["Slimebound:FlameTackle","Slimebound:Repurpose"],"picked":"Slimebound:SamplingLick","floor":12.0},{"not_picked":["Slimebound:SplitLeeching","Slimebound:LeechEnergy"],"picked":"Slimebound:FirmFortitude","floor":14.0},{"not_picked":["Slimebound:FinishingTackle","Slimebound:Schlurp"],"picked":"Slimebound:OozeBath","floor":15.0},{"not_picked":["Slimebound:PrepareCrush","Slimebound:DuplicatedForm"],"picked":"Slimebound:SlimeSlap","floor":16.0},{"not_picked":["Slimebound:SplitBruiser"],"picked":"SKIP","floor":19.0},{"not_picked":[],"picked":"Slimebound:FinishingTackle","floor":20.0},{"not_picked":[],"picked":"Slimebound:SlimeSpikes","floor":21.0},{"not_picked":[],"picked":"Slimebound:FormOfPuddle","floor":27.0},{"not_picked":[],"picked":"Slimebound:FinishingTackle","floor":29.0},{"not_picked":["Slimebound:FirmFortitude"],"picked":"SKIP","floor":30.0},{"not_picked":[],"picked":"Slimebound:MegaLick+1","floor":31.0},{"not_picked":["Slimebound:LeechingTouch"],"picked":"SKIP","floor":32.0},{"not_picked":[],"picked":"Slimebound:OozeBath","floor":33.0},{"not_picked":[],"picked":"Slimebound:Grow+1","floor":36.0},{"not_picked":["Slimebound:LeechEnergy"],"picked":"SKIP","floor":37.0},{"not_picked":["Slimebound:SplitAcid+1"],"picked":"SKIP","floor":38.0},{"not_picked":["Slimebound:SlimeSpikes"],"picked":"SKIP","floor":39.0},{"not_picked":["Slimebound:SamplingLick"],"picked":"SKIP","floor":42.0},{"not_picked":[],"picked":"Slimebound:GoopTackle","floor":43.0},{"not_picked":["Slimebound:SlimeSpikes+1"],"picked":"SKIP","floor":44.0},{"not_picked":[],"picked":"Slimebound:SamplingLick+1","floor":46.0},{"not_picked":[],"picked":"Slimebound:LivingWall","floor":47.0},{"not_picked":[],"picked":"Slimebound:SamplingLick+1","floor":48},{"not_picked":["Slimebound:PressTheAttack"],"picked":"SKIP","floor":49},{"not_picked":["Slimebound:FinishingTackle+1"],"picked":"SKIP","floor":52}],"player_experience":103149,"relics_obtained":[{"floor":7.0,"key":"Whetstone"},{"floor":10.0,"key":"PreservedInsect"},{"floor":11.0,"key":"Bronze Scales"},{"floor":24.0,"key":"Slimebound:AggressiveSlimeRelic"},{"floor":29.0,"key":"Dream Catcher"},{"floor":31.0,"key":"Kunai"},{"floor":43.0,"key":"Darkstone Periapt"},{"floor":46.0,"key":"War Paint"},{"floor":47.0,"key":"CaptainsWheel"},{"floor":52,"key":"Slimebound:MaxSlimesRelic"}],"event_choices":[{"damage_healed":0.0,"max_hp_gain":0.0,"max_hp_loss":0.0,"gold_gain":0.0,"event_name":"Big Fish","player_choice":"Box","floor":4.0,"gold_loss":0.0,"damage_taken":0.0,"relics_obtained":["Akabeko"],"cards_obtained":["Regret"]},{"damage_healed":0.0,"max_hp_gain":0.0,"max_hp_loss":0.0,"gold_gain":0.0,"event_name":"Ghosts","player_choice":"Ignored","floor":22.0,"gold_loss":0.0,"damage_taken":0.0},{"damage_healed":0.0,"max_hp_gain":0.0,"max_hp_loss":0.0,"gold_gain":0.0,"event_name":"Upgrade Shrine","player_choice":"Upgraded","floor":40.0,"gold_loss":0.0,"damage_taken":0.0,"cards_upgraded":["Slimebound:DouseInSlime"]},{"damage_healed":0.0,"max_hp_gain":0.0,"max_hp_loss":0.0,"gold_gain":0.0,"event_name":"Mysterious Sphere","player_choice":"Fight","floor":47.0,"gold_loss":0.0,"damage_taken":0.0}],"is_beta":false,"boss_relics":[{"not_picked":["Fusion Hammer","Velvet Choker"],"picked":"Busted Crown"},{"not_picked":["Runic Dome","Snecko Eye"],"picked":"Philosopher\u0027s Stone"}],"items_purged_floors":[30,38],"is_endless":false,"potions_floor_spawned":[9,11,14,15,19,29,32,36,39,44,46,48,49],"killed_by":"downfall:NeowBoss","ascension_level":0}}