{"host":"qhn6g0owdgjb77rz","time":1610201266,"event":{"mods":["BaseMod","BetterRewards","Colored Map","Minty Spire (QoL Compilation)","Relic Sorter","Replay The Spire","StSLib"],"gold_per_floor":[118,135,151,165,185,220,242,242,242,242,281,303,303,324,324,412,412,435,100,100,23,73,73,122,122,122,159,165,165],"floor_reached":28,"playtime":1687,"items_purged":["Defend_P"],"score":757,"play_id":"3bd5acf0-dde2-44a5-a146-41edcccea517","local_time":"20210109230746","is_ascension_mode":true,"campfire_choices":[{"data":"ClearTheMind","floor":8,"key":"SMITH"},{"data":"Fasting2","floor":13,"key":"SMITH"},{"data":"Eruption","floor":15,"key":"SMITH"},{"data":"EmptyFist","floor":23,"key":"SMITH"}],"circlet_count":0,"master_deck":["AscendersBane","Strike_P","Strike_P","Strike_P","Strike_P","Defend_P","Defend_P+1","Eruption+1","Vigilance+1","BowlingBash+1","EmptyBody+1","LikeWater+1","Fasting2+1","ThirdEye+1","Fasting2+1","Evaluate+1","Fasting2+1","ClearTheMind+1","EmptyFist","EmptyFist+1","Consecrate","DeusExMachina+1","FlyingSleeves+1","LessonLearned+1","JustLucky+1","JustLucky+1","Adaptation+1","CarveReality+1"],"relics":["PureWater","Golden Egg","Replay:Bandana","GoldenEye","OrangePellets","Torii","Mango","War Paint","Replay:Bottled Snecko","Question Card","Shuriken","Coffee Dripper","Blue Candle","Replay:Ringing Soul","Bottled Lightning"],"acts_visited":["Exordium","TheCity"],"potions_floor_usage":[6,27],"damage_taken":[{"damage":0.0,"enemies":"Cultist","floor":1.0,"turns":3.0},{"damage":0.0,"enemies":"2 Louse","floor":2.0,"turns":2.0},{"damage":0.0,"enemies":"Small Slimes","floor":3.0,"turns":5.0},{"damage":0,"enemies":"Exordium Thugs","floor":4,"turns":6},{"damage":1,"enemies":"3 Louse","floor":5,"turns":5},{"damage":0,"enemies":"3 Sentries","floor":6,"turns":5},{"damage":0,"enemies":"2 Fungi Beasts","floor":7,"turns":4},{"damage":0,"enemies":"Gremlin Nob","floor":11,"turns":5},{"damage":0,"enemies":"Gremlin Gang","floor":12,"turns":6},{"damage":17,"enemies":"Exordium Thugs","floor":14,"turns":4},{"damage":1,"enemies":"The Guardian","floor":16,"turns":7},{"damage":2,"enemies":"Spheric Guardian","floor":18,"turns":6},{"damage":20,"enemies":"Book of Stabbing","floor":24,"turns":4},{"damage":29,"enemies":"Slavers","floor":27,"turns":5},{"damage":6,"enemies":"Chosen","floor":28,"turns":1}],"seed_played":"-7640252812294591752","potions_obtained":[{"floor":1.0,"key":"Weak Potion"},{"floor":3.0,"key":"PowerPotion"},{"floor":4,"key":"Energy Potion"},{"floor":6,"key":"Dexterity Potion"},{"floor":24,"key":"LiquidMemories"}],"is_trial":false,"path_per_floor":["M","M","M","M","M","E","M","R","T","?","E","M","R","M","R","B",null,"M","$","?","$","?","R","E","?","T","E","M"],"character_chosen":"WATCHER","items_purchased":["Golden Egg","Replay:Bandana","BowlingBash","EmptyBody","LikeWater","Fasting2","OrangePellets","ThirdEye","Torii","Mango","Fasting2","Evaluate","War Paint","LessonLearned","JustLucky","Adaptation","CarveReality"],"campfire_rested":0,"item_purchase_floors":[0,0,0,0,0,0,0,0,0,0,0,0,0,19,19,19,21],"current_hp_per_floor":[75,75,75,75,74,74,74,74,74,74,74,74,74,57,57,56,76,74,74,74,74,74,74,54,30,30,1,0,0],"gold":165,"neow_bonus":"","is_daily":false,"chose_seed":false,"campfire_upgraded":4,"win_rate":0.0,"timestamp":1610201266,"path_taken":["M","M","M","?","M","E","M","R","T","?","E","M","R","M","R","BOSS","M","$","?","?","?","R","E","?","T","E","M"],"items_purchased_type":["Relic","Relic","Card","Card","Card","Card","Relic","Card","Relic","Relic","Card","Card","Relic","Card","Card","Card","Card"],"build_version":"2020-12-22","purchased_purges":1,"victory":false,"max_hp_per_floor":[82,82,82,82,82,82,82,82,82,82,82,82,82,82,82,82,82,82,82,82,82,82,82,82,87,87,87,87,87],"card_choices":[{"not_picked":["ClearTheMind","Protect","FlyingSleeves"],"picked":"SKIP","floor":1.0},{"not_picked":["Replay:Hum","Collect"],"picked":"Fasting2","floor":2.0},{"not_picked":["Evaluate","SandsOfTime","Prostrate"],"picked":"SKIP","floor":3.0},{"not_picked":["Vengeance","Meditate"],"picked":"ClearTheMind","floor":4},{"not_picked":["FollowUp","WreathOfFlame"],"picked":"EmptyFist","floor":5},{"not_picked":["Replay:BluntJabs","Crescendo","ThirdEye"],"picked":"SKIP","floor":6},{"not_picked":["Crescendo","Halt","Wish"],"picked":"SKIP","floor":7},{"not_picked":["Crescendo","Halt","Wish"],"picked":"SKIP","floor":7},{"not_picked":["PathToVictory","CutThroughFate","Consecrate","TalkToTheHand"],"picked":"SKIP","floor":11},{"not_picked":["Perseverance","Replay:ManipulateFuture","Vengeance"],"picked":"EmptyFist","floor":12},{"not_picked":["BowlingBash","Adaptation","Wireheading"],"picked":"Consecrate","floor":14},{"not_picked":["Vault","ConjureBlade","Scrawl"],"picked":"DeusExMachina","floor":16},{"not_picked":["Replay:AtTheReady+1","Consecrate","Replay:Anticipation"],"picked":"FlyingSleeves","floor":18},{"not_picked":["Vengeance","ReachHeaven","FollowUp","EmptyMind"],"picked":"SKIP","floor":24},{"not_picked":["MasterReality","Replay:Battleflow","EmptyFist+1","ThirdEye"],"picked":"SKIP","floor":27}],"player_experience":451047,"relics_obtained":[{"floor":6,"key":"Replay:Bottled Snecko"},{"floor":9,"key":"Question Card"},{"floor":11,"key":"Shuriken"},{"floor":24,"key":"Blue Candle"},{"floor":26,"key":"Replay:Ringing Soul"},{"floor":27,"key":"Bottled Lightning"}],"event_choices":[{"damage_healed":0,"gold_gain":0,"player_choice":"Forge","damage_taken":0,"max_hp_gain":0,"max_hp_loss":0,"event_name":"Accursed Blacksmith","floor":20,"gold_loss":0,"cards_upgraded":["FlyingSleeves"]},{"damage_healed":0,"gold_gain":50,"player_choice":"Stole From Cult","damage_taken":0,"max_hp_gain":0,"max_hp_loss":0,"event_name":"Nest","floor":22,"gold_loss":0},{"damage_healed":0,"gold_gain":0,"player_choice":"Shed Blood","damage_taken":29,"max_hp_gain":5,"max_hp_loss":0,"event_name":"Forgotten Altar","floor":25,"gold_loss":0}],"is_beta":false,"boss_relics":[{"not_picked":["Replay:Bronze Core","Busted Crown"],"picked":"Coffee Dripper"}],"items_purged_floors":[19],"is_endless":false,"potions_floor_spawned":[1,3,4,6,12,16,24],"killed_by":"Chosen","ascension_level":15}}