{"host":"bc298c4gavna5tx2","time":1610178282,"event":{"mods":["ATMod(°¢èªMod)","Act Like it!","BaseMod","Challenge The Spire","Minty Spire (QoL Compilation)","Quarter Circle Forward PUNCH!","Quick Restart","Spicy Shops","StSLib","¡¾¹¦ÄÜMod¡¿»ìãçÖ®»·ÐÞ¸´²¹¶¡"],"gold_per_floor":[116,134,149,74,74,74,104,104,175,175,210,210,230,243,243,338,338,351,351,351,351],"floor_reached":20,"playtime":733,"items_purged":["Strike_R"],"score":228,"play_id":"26914216-782d-4fce-b1c3-2b3d9d0c0d47","local_time":"20210109154442","is_ascension_mode":true,"campfire_choices":[{"data":"Cleave","floor":6,"key":"SMITH"},{"data":"Bash","floor":8,"key":"SMITH"},{"data":"Demon Form","floor":10,"key":"SMITH"},{"data":"Barricade","floor":12,"key":"SMITH"},{"data":"Heavy Blade","floor":15,"key":"SMITH"}],"circlet_count":0,"master_deck":["Strike_R","Strike_R","Strike_R","Strike_R","Defend_R","Defend_R","Defend_R","Defend_R","Bash+1","AT_FamilyPortrait+1","Metallicize","Cleave+1","Demon Form+1","Barricade+1","Heavy Blade+1","Rampage","CurseOfTheBell","Clash+1"],"relics":["Burning Blood","Nunchaku","AT_ArchangelStaff","Calling Bell","Happy Flower","qcfpunch:Lotus_Statue","Molten Egg 2","Nloth\u0027s Gift"],"acts_visited":["Exordium","TheCity"],"potions_floor_usage":[14,14,18],"damage_taken":[{"damage":2,"enemies":"Jaw Worm","floor":1,"turns":2},{"damage":7,"enemies":"Cultist","floor":2,"turns":4},{"damage":4,"enemies":"Small Slimes","floor":3,"turns":4},{"damage":37,"enemies":"Gremlin Nob","floor":7,"turns":4},{"damage":17,"enemies":"Lagavulin","floor":11,"turns":5},{"damage":7,"enemies":"Looter","floor":13,"turns":3},{"damage":2,"enemies":"Exordium Thugs","floor":14,"turns":4},{"damage":40,"enemies":"The Guardian","floor":16,"turns":10},{"damage":24,"enemies":"Shell Parasite","floor":18,"turns":6},{"damage":7,"enemies":"Chosen","floor":20,"turns":4}],"seed_played":"-1771433865323134197","potions_obtained":[{"floor":7,"key":"HeartOfIron"},{"floor":13,"key":"Energy Potion"},{"floor":16,"key":"Weak Potion"}],"is_trial":false,"path_per_floor":["M","M","M","$","?","R","E","R","T","R","E","R","M","M","R","B",null,"M","?","M"],"character_chosen":"IRONCLAD","items_purchased":[],"campfire_rested":0,"item_purchase_floors":[],"current_hp_per_floor":[88,87,88,88,88,88,57,57,57,57,40,40,39,43,43,9,68,50,50,43,43],"gold":351,"neow_bonus":"TEN_PERCENT_HP_BONUS","is_daily":false,"chose_seed":false,"campfire_upgraded":5,"win_rate":0.0,"timestamp":1610178282,"path_taken":["M","M","M","$","?","R","E","R","T","R","E","R","M","M","R","BOSS","M","?","?"],"items_purchased_type":[],"build_version":"2020-12-22","purchased_purges":1,"victory":false,"max_hp_per_floor":[88,88,88,88,88,88,88,88,88,88,88,88,88,88,88,88,88,88,88,88,88],"card_choices":[{"not_picked":["Shrug It Off","Dropkick"],"picked":"Metallicize","floor":1},{"not_picked":["Power Through","True Grit","Perfected Strike"],"picked":"SKIP","floor":2},{"not_picked":["Wild Strike","Rupture"],"picked":"Cleave","floor":3},{"not_picked":["AT_IchimonjiDouble","AT_CaressingTears"],"picked":"Demon Form","floor":7},{"not_picked":["Warcry","Flex"],"picked":"Barricade","floor":11},{"not_picked":["Anger","Shrug It Off"],"picked":"Heavy Blade","floor":13},{"not_picked":["Wild Strike","Inflame"],"picked":"Rampage","floor":14},{"not_picked":["Sever Soul+1","Spot Weakness"],"picked":"Clash+1","floor":18}],"player_experience":82797,"relics_obtained":[{"floor":7,"key":"Nunchaku"},{"floor":11,"key":"AT_ArchangelStaff"},{"floor":17,"key":"Happy Flower"},{"floor":17,"key":"qcfpunch:Lotus_Statue"},{"floor":17,"key":"Molten Egg 2"}],"event_choices":[{"damage_healed":0,"gold_gain":0,"player_choice":"Grow","damage_taken":0,"max_hp_gain":0,"max_hp_loss":0,"event_name":"Living Wall","floor":5,"gold_loss":0,"cards_upgraded":["AT_FamilyPortrait"]},{"damage_healed":0,"gold_gain":0,"player_choice":"Traded Relic","damage_taken":0,"relics_obtained":["Nloth\u0027s Gift"],"max_hp_gain":0,"max_hp_loss":0,"event_name":"N\u0027loth","floor":19,"relics_lost":["AT_ATBox"],"gold_loss":0}],"is_beta":false,"boss_relics":[{"not_picked":["Busted Crown","AT_TrinityForce"],"picked":"Calling Bell"}],"items_purged_floors":[4],"is_endless":false,"potions_floor_spawned":[7,13,16],"killed_by":"Chosen","ascension_level":5}}