{"host":"ci7ivtocgfxh0ueo","time":1610199889,"event":{"mods":["BaseMod","GifTheSpireLib","Minty Spire (QoL Compilation)","StSLib"],"gold_per_floor":[117,131,131,146,146,146,178,191,241,252,269,419,437,385,385,385,385],"floor_reached":16,"playtime":1980,"items_purged":[],"score":192,"play_id":"fe917692-8b55-46dc-aea9-cbc42c16993a","local_time":"20210109214449","is_ascension_mode":true,"campfire_choices":[{"data":"Metallicize","floor":6,"key":"SMITH"},{"floor":15,"key":"REST"}],"circlet_count":0,"master_deck":["AscendersBane","Strike_R","Strike_R","Strike_R","Strike_R","Strike_R","Defend_R","Defend_R","Defend_R","Bash","Clothesline+1","Ghostly Armor","Metallicize+1","Whirlwind","Twin Strike","Juggernaut","Warcry","Doubt"],"relics":["Burning Blood","Shuriken","Juzu Bracelet","Smiling Mask"],"acts_visited":["Exordium"],"potions_floor_usage":[2,7,13],"damage_taken":[{"damage":3,"enemies":"2 Louse","floor":1,"turns":3},{"damage":12,"enemies":"Small Slimes","floor":2,"turns":4},{"damage":1,"enemies":"Cultist","floor":4,"turns":4},{"damage":7,"enemies":"Lagavulin","floor":7,"turns":7},{"damage":38,"enemies":"Exordium Thugs","floor":8,"turns":6},{"damage":7,"enemies":"Large Slime","floor":10,"turns":7},{"damage":14,"enemies":"Looter","floor":11,"turns":3},{"damage":23,"enemies":"Exordium Thugs","floor":13,"turns":5},{"damage":42,"enemies":"The Guardian","floor":16,"turns":4}],"seed_played":"-497709076988055419","potions_obtained":[{"floor":1,"key":"Regen Potion"},{"floor":2,"key":"AttackPotion"},{"floor":10,"key":"BlessingOfTheForge"}],"is_trial":false,"path_per_floor":["M","M","?","M","?","R","E","M","T","M","M","?","M","?","R","B"],"character_chosen":"IRONCLAD","items_purchased":[],"campfire_rested":1,"item_purchase_floors":[],"current_hp_per_floor":[71,74,74,75,75,75,74,42,42,41,33,33,16,16,38,0,0],"gold":385,"neow_bonus":"TRANSFORM_CARD","is_daily":false,"chose_seed":false,"campfire_upgraded":1,"win_rate":0.0,"timestamp":1610199889,"path_taken":["M","M","?","M","?","R","E","M","T","M","M","?","M","?","R","BOSS"],"items_purchased_type":[],"build_version":"2020-12-22","purchased_purges":0,"victory":false,"max_hp_per_floor":[75,75,75,75,75,75,75,75,75,75,75,75,75,75,75,75,75],"card_choices":[{"not_picked":["Heavy Blade","Anger"],"picked":"Ghostly Armor","floor":1},{"not_picked":["Anger","Entrench"],"picked":"Metallicize","floor":2},{"not_picked":["Pommel Strike","Dark Embrace","Shrug It Off"],"picked":"SKIP","floor":4},{"not_picked":["Rupture","Sever Soul"],"picked":"Whirlwind","floor":7},{"not_picked":["Perfected Strike","Dark Embrace"],"picked":"Twin Strike","floor":8},{"not_picked":["Twin Strike","Second Wind"],"picked":"Juggernaut","floor":10},{"not_picked":["Twin Strike","Heavy Blade"],"picked":"Warcry","floor":11},{"not_picked":["Berserk","Anger","Clothesline"],"picked":"SKIP","floor":13}],"player_experience":1329532,"relics_obtained":[{"floor":7,"key":"Shuriken"},{"floor":9,"key":"Juzu Bracelet"}],"event_choices":[{"damage_healed":0,"gold_gain":0,"player_choice":"Grow","damage_taken":0,"max_hp_gain":0,"max_hp_loss":0,"event_name":"Living Wall","floor":3,"gold_loss":0,"cards_upgraded":["Clothesline"]},{"damage_healed":0,"gold_gain":0,"player_choice":"Leave","damage_taken":0,"max_hp_gain":0,"max_hp_loss":0,"event_name":"The Cleric","floor":5,"gold_loss":0},{"damage_healed":0,"gold_gain":150,"player_choice":"AGREE","damage_taken":0,"max_hp_gain":0,"max_hp_loss":0,"event_name":"Liars Game","floor":12,"gold_loss":0,"cards_obtained":["Doubt"]},{"damage_healed":0,"gold_gain":0,"player_choice":"Paid Gold","damage_taken":0,"relics_obtained":["Smiling Mask"],"max_hp_gain":0,"max_hp_loss":0,"event_name":"WeMeetAgain","floor":14,"gold_loss":52}],"is_beta":false,"boss_relics":[],"items_purged_floors":[],"is_endless":false,"potions_floor_spawned":[1,2,10],"killed_by":"The Guardian","ascension_level":17}}