{"host":"9kesdg97wkrx2bva","time":1610156081,"event":{"mods":["AchievementEnabler","BaseMod","Colored Map","Downfall","GifTheSpireLib","Infinite Spire","Minty Spire (QoL Compilation)","Replay The Spire","StSLib"],"gold_per_floor":[118,128,128,2,14,14,14,14,60,89,104,4,50,62,74,157,169,197,209,221,108,108,133,133,133,133],"floor_reached":25,"playtime":733,"items_purged":["Strike_B","Strike_B","Strike_B"],"score":391,"play_id":"b70fe62a-3dd8-4e2e-b533-89d20782d93a","local_time":"20210108203441","is_ascension_mode":true,"campfire_choices":[{"data":"Zap","floor":6,"key":"SMITH"},{"data":"Gash","floor":8,"key":"SMITH"},{"floor":15,"key":"REST"},{"data":"Gash","floor":24,"key":"SMITH"}],"circlet_count":0,"master_deck":["AscendersBane","Defend_B","Defend_B","Defend_B","Defend_B","Zap+1","Dualcast","Ball Lightning","Gash+1","ReplayGash","Auto Shields","Gash+1","Machine Learning","Beam Cell","Shame","Ball Lightning"],"relics":["Cracked Core","TungstenRod","Centennial Puzzle","Vajra","MawBank","Coffee Dripper","MutagenicStrength","Torii","ReplayTheSpireMod:Shallot"],"acts_visited":["Exordium","TheCity"],"potions_floor_usage":[14,25],"damage_taken":[{"damage":5,"enemies":"2 Louse","floor":1,"turns":2},{"damage":0,"enemies":"Cultist","floor":2,"turns":3},{"damage":0,"enemies":"Small Slimes","floor":5,"turns":3},{"damage":18,"enemies":"Lagavulin","floor":10,"turns":6},{"damage":19,"enemies":"Exordium Thugs","floor":11,"turns":3},{"damage":0,"enemies":"Exordium Wildlife","floor":14,"turns":1},{"damage":14,"enemies":"The Guardian","floor":16,"turns":8},{"damage":18,"enemies":"3 Byrds","floor":18,"turns":4},{"damage":36,"enemies":"Book of Stabbing","floor":23,"turns":5},{"damage":13,"enemies":"Shell Parasite","floor":25,"turns":3}],"seed_played":"-6250642753888906433","potions_obtained":[{"floor":2,"key":"FearPotion"},{"floor":10,"key":"SmokeBomb"},{"floor":11,"key":"Elixir"},{"floor":16,"key":"Venom Potion"}],"is_trial":false,"path_per_floor":["M","M","?","$","M","R","?","R","T","E","M","$","T","M","R","B",null,"M","?","?","$","?","E","R","M"],"character_chosen":"DEFECT","items_purchased":["Gash"],"campfire_rested":1,"item_purchase_floors":[4],"current_hp_per_floor":[59,59,59,59,59,59,59,59,59,41,22,22,22,22,43,29,61,43,43,43,43,43,7,7,0,0],"gold":133,"neow_bonus":"REMOVE_CARD","is_daily":false,"chose_seed":false,"campfire_upgraded":3,"win_rate":0.0,"timestamp":1610156081,"path_taken":["M","M","?","$","?","R","?","R","T","E","M","?","?","?","R","BOSS","M","?","?","$","?","E","R","?"],"items_purchased_type":["Card"],"build_version":"2020-12-22","purchased_purges":3,"victory":false,"max_hp_per_floor":[71,71,71,71,71,71,71,71,71,71,71,71,71,71,71,71,71,71,71,71,71,71,71,71,71,71],"card_choices":[{"not_picked":["Hologram","Redo"],"picked":"Ball Lightning","floor":1},{"not_picked":["Rip and Tear","Recycle","Hologram"],"picked":"SKIP","floor":2},{"not_picked":["Go for the Eyes","Static Discharge"],"picked":"ReplayGash","floor":5},{"not_picked":["Recycle","Hologram"],"picked":"Auto Shields","floor":10},{"not_picked":["Redo","Conserve Battery"],"picked":"Gash","floor":11},{"not_picked":["Fission","Seek"],"picked":"Machine Learning","floor":16},{"not_picked":["Conserve Battery","Turbo"],"picked":"Beam Cell","floor":18},{"not_picked":["Tempest","Biased Cognition"],"picked":"Ball Lightning","floor":23}],"player_experience":911038,"relics_obtained":[{"floor":9,"key":"Centennial Puzzle"},{"floor":10,"key":"Vajra"},{"floor":13,"key":"MawBank"},{"floor":23,"key":"ReplayTheSpireMod:Shallot"}],"event_choices":[{"damage_healed":0,"gold_gain":0,"player_choice":"Gave Potion","damage_taken":0,"relics_obtained":["TungstenRod"],"max_hp_gain":0,"max_hp_loss":0,"event_name":"WeMeetAgain","floor":3,"gold_loss":0},{"damage_healed":0,"gold_gain":0,"player_choice":"Inject Mutagens","damage_taken":0,"relics_obtained":["MutagenicStrength"],"max_hp_gain":0,"max_hp_loss":0,"event_name":"Drug Dealer","floor":19,"gold_loss":0}],"is_beta":false,"boss_relics":[{"not_picked":["Pandora\u0027s Box","Snecko Eye"],"picked":"Coffee Dripper"}],"items_purged_floors":[4,12,21],"is_endless":false,"potions_floor_spawned":[2,10,11,16],"killed_by":"Shell Parasite","ascension_level":16}}