{"host":"ixbvfs3so5a39bhe","time":1610182061,"event":{"mods":["BaseMod","Downfall","Minty Spire (QoL Compilation)","Quick Restart","StSLib"],"gold_per_floor":[113,113,127,52,52,93,93,131,156,187,187,202,221,261,261,381,381,405,405,305,220,220,220],"floor_reached":22,"playtime":964,"items_purged":["Injury","Strike_R"],"score":259,"play_id":"a0729ca0-bac3-4cf0-933b-45baa38576e0","local_time":"20210109164741","is_ascension_mode":true,"campfire_choices":[{"data":"Barricade","floor":15.0,"key":"SMITH"}],"circlet_count":0,"master_deck":["Strike_R","Strike_R","Strike_R","Strike_R","Defend_R","Defend_R+1","Defend_R","Defend_R","Cleave+1","Iron Wave","Dual Wield","Battle Trance","Barricade+1"],"relics":["Burning Blood","NeowsBlessing","Golden Idol","Happy Flower","Peace Pipe","Lizard Tail","Art of War","SlaversCollar","Bronze Scales"],"acts_visited":["Exordium","TheCity"],"potions_floor_usage":[],"damage_taken":[{"damage":0.0,"enemies":"Small Slimes","floor":1.0,"turns":1.0},{"damage":0.0,"enemies":"Jaw Worm","floor":3.0,"turns":1.0},{"damage":0.0,"enemies":"Lagavulin","floor":6.0,"turns":1.0},{"damage":15.0,"enemies":"Gremlin Nob","floor":8.0,"turns":4.0},{"damage":18.0,"enemies":"3 Sentries","floor":10.0,"turns":4.0},{"damage":1.0,"enemies":"2 Louse","floor":12.0,"turns":2.0},{"damage":11.0,"enemies":"Looter","floor":13.0,"turns":3.0},{"damage":10.0,"enemies":"Gremlin Nob","floor":14.0,"turns":3.0},{"damage":51.0,"enemies":"The Guardian","floor":16.0,"turns":19.0},{"damage":61.0,"enemies":"Shell Parasite","floor":18.0,"turns":9.0},{"damage":30,"enemies":"Spheric Guardian","floor":22,"turns":5}],"seed_played":"7482052868138999052","potions_obtained":[{"floor":3.0,"key":"BlessingOfTheForge"},{"floor":8.0,"key":"Energy Potion"},{"floor":10.0,"key":"Swift Potion"},{"floor":14.0,"key":"SkillPotion"},{"floor":18.0,"key":"Energy Potion"}],"is_trial":false,"path_per_floor":["M","?","M","$","?","E","$","E","T","E","?","M","M","E","R","B",null,"M","?","$","?","M"],"character_chosen":"IRONCLAD","items_purchased":[],"campfire_rested":0,"item_purchase_floors":[],"current_hp_per_floor":[80,80,80,80,64,70,70,61,61,49,49,54,49,45,45,40,80,25,25,25,25,0,0],"gold":220,"neow_bonus":"THREE_ENEMY_KILL","is_daily":false,"chose_seed":false,"campfire_upgraded":1,"win_rate":0.0,"timestamp":1610182061,"path_taken":["M","?","M","$","?","E","?","E","T","E","?","M","M","E","R","BOSS","M","?","$","?","M"],"items_purchased_type":[],"build_version":"2020-12-22","purchased_purges":2,"victory":false,"max_hp_per_floor":[80,80,80,80,80,80,80,80,80,80,80,80,80,80,80,80,80,80,80,80,80,80,80],"card_choices":[{"not_picked":["Shrug It Off","Dropkick"],"picked":"Cleave","floor":1.0},{"not_picked":["Infernal Blade","Perfected Strike"],"picked":"Iron Wave","floor":3.0},{"not_picked":["Whirlwind","Heavy Blade"],"picked":"Dual Wield","floor":6.0},{"not_picked":["Cleave","Iron Wave","Warcry"],"picked":"SKIP","floor":8.0},{"not_picked":["Sword Boomerang","Perfected Strike","Flex"],"picked":"SKIP","floor":10.0},{"not_picked":["Pommel Strike","Dropkick"],"picked":"Barricade","floor":12.0},{"not_picked":["Dark Embrace","Evolve","Second Wind"],"picked":"SKIP","floor":13.0},{"not_picked":["Twin Strike","Anger","Clothesline"],"picked":"SKIP","floor":14.0},{"not_picked":["Warcry","Clash","Power Through+1"],"picked":"SKIP","floor":18.0}],"player_experience":154367,"relics_obtained":[{"floor":6.0,"key":"Happy Flower"},{"floor":8.0,"key":"Peace Pipe"},{"floor":10.0,"key":"Lizard Tail"},{"floor":14.0,"key":"Art of War"}],"event_choices":[{"damage_healed":0.0,"max_hp_gain":0.0,"max_hp_loss":0.0,"gold_gain":0.0,"event_name":"Golden Idol","player_choice":"Take Wound","floor":2.0,"gold_loss":0.0,"damage_taken":0.0,"relics_obtained":["Golden Idol"],"cards_obtained":["Injury"]},{"damage_healed":0.0,"max_hp_gain":0.0,"max_hp_loss":0.0,"gold_gain":0.0,"event_name":"Shining Light","player_choice":"Entered Light","floor":5.0,"gold_loss":0.0,"damage_taken":16.0,"cards_upgraded":["Defend_R","Cleave"]},{"damage_healed":0.0,"max_hp_gain":0.0,"max_hp_loss":0.0,"gold_gain":0.0,"cards_transformed":["Bash"],"event_name":"Living Wall","player_choice":"Change","floor":11.0,"gold_loss":0.0,"damage_taken":0.0,"cards_obtained":["Battle Trance"]},{"damage_healed":0,"gold_gain":0,"player_choice":"Ignored","damage_taken":0,"max_hp_gain":0,"max_hp_loss":0,"event_name":"Cursed Tome","floor":19,"gold_loss":0},{"damage_healed":0,"gold_gain":0,"player_choice":"Obtained Relic","damage_taken":0,"relics_obtained":["Bronze Scales"],"max_hp_gain":0,"max_hp_loss":0,"event_name":"Addict","floor":21,"gold_loss":85}],"is_beta":false,"boss_relics":[{"not_picked":["Ectoplasm","Tiny House"],"picked":"SlaversCollar"}],"items_purged_floors":[4,20],"is_endless":false,"potions_floor_spawned":[3,8,10,13,14,18],"killed_by":"Spheric Guardian","ascension_level":2}}