{"host":"4qkvkh7pd9qr2mca","time":1610210398,"event":{"mods":["AchievementEnabler","BaseMod","Colored Map","Colored Powertips","Highlight Path","Minty Spire (QoL Compilation)","Permanent Neow","Quick Restart","StSLib","SuperFastMode"],"gold_per_floor":[16,30,42,56,73,108,108,108,133,165,184,218,234,253,253,331,331,348,348],"floor_reached":18,"playtime":793,"items_purged":[],"score":426,"play_id":"f0a88647-e0af-4d41-9d94-b9921f3ecb56","local_time":"20210109173958","is_ascension_mode":true,"campfire_choices":[{"floor":8.0,"key":"REST"},{"data":"Buffer","floor":15.0,"key":"SMITH"}],"circlet_count":0,"master_deck":["AscendersBane","Strike_B","Strike_B","Strike_B","Strike_B","Defend_B","Defend_B","Defend_B","Defend_B","Zap","Dualcast","Hyperbeam","Hologram","Turbo","Sunder","Chill","FTL","Genetic Algorithm","Buffer+1","Go for the Eyes","Hologram","Coolheaded","Amplify","Fission"],"relics":["Cracked Core","Symbiotic Virus","Orichalcum","Omamori","Potion Belt","Busted Crown"],"acts_visited":["Exordium","TheCity"],"potions_floor_usage":[],"damage_taken":[{"damage":0.0,"enemies":"Small Slimes","floor":1.0,"turns":2.0},{"damage":0.0,"enemies":"Cultist","floor":2.0,"turns":2.0},{"damage":0.0,"enemies":"Jaw Worm","floor":3.0,"turns":3.0},{"damage":9.0,"enemies":"Exordium Wildlife","floor":4.0,"turns":3.0},{"damage":0.0,"enemies":"Large Slime","floor":5.0,"turns":3.0},{"damage":39.0,"enemies":"Lagavulin","floor":6.0,"turns":5.0},{"damage":0.0,"enemies":"3 Sentries","floor":10.0,"turns":3.0},{"damage":0.0,"enemies":"2 Fungi Beasts","floor":11.0,"turns":3.0},{"damage":15.0,"enemies":"Lagavulin","floor":12.0,"turns":7.0},{"damage":0.0,"enemies":"3 Louse","floor":13.0,"turns":3.0},{"damage":1.0,"enemies":"Blue Slaver","floor":14.0,"turns":3.0},{"damage":4.0,"enemies":"The Guardian","floor":16.0,"turns":9.0},{"damage":30,"enemies":"2 Thieves","floor":18,"turns":4}],"seed_played":"-6248211201880497318","potions_obtained":[{"floor":4.0,"key":"Dexterity Potion"},{"floor":6.0,"key":"GamblersBrew"},{"floor":7.0,"key":"FocusPotion"},{"floor":13.0,"key":"SneckoOil"},{"floor":14.0,"key":"GamblersBrew"}],"is_trial":false,"path_per_floor":["M","M","M","M","M","E","?","R","T","E","M","E","M","M","R","B",null,"M"],"character_chosen":"DEFECT","items_purchased":[],"campfire_rested":1,"item_purchase_floors":[],"current_hp_per_floor":[64,64,64,55,55,16,16,37,37,37,37,22,22,21,21,17,58,28,28],"gold":348,"neow_bonus":"THREE_RARE_CARDS","is_daily":false,"chose_seed":false,"campfire_upgraded":1,"win_rate":0.0,"timestamp":1610210398,"path_taken":["M","M","M","M","M","E","?","R","T","E","?","E","M","M","R","BOSS","M"],"items_purchased_type":[],"build_version":"2020-12-22","purchased_purges":0,"victory":false,"max_hp_per_floor":[71,71,71,71,71,71,71,71,71,71,71,71,71,71,71,71,71,71,71],"card_choices":[{"not_picked":["Amplify","Reboot"],"picked":"Hyperbeam","floor":0.0},{"not_picked":["Redo","Go for the Eyes"],"picked":"Hologram","floor":1.0},{"not_picked":["Stack","Double Energy"],"picked":"Turbo","floor":2.0},{"not_picked":["Force Field","Leap"],"picked":"Sunder","floor":3.0},{"not_picked":["Go for the Eyes","Stack"],"picked":"Chill","floor":4.0},{"not_picked":["Barrage","Scrape"],"picked":"FTL","floor":5.0},{"not_picked":["Conserve Battery","Barrage"],"picked":"Genetic Algorithm","floor":6.0},{"not_picked":["Skim","Capacitor"],"picked":"Buffer","floor":10.0},{"not_picked":["Steam Power","Redo"],"picked":"Go for the Eyes","floor":11.0},{"not_picked":["Genetic Algorithm","Beam Cell"],"picked":"Hologram","floor":12.0},{"not_picked":["Sweeping Beam","Compile Driver"],"picked":"Coolheaded","floor":13.0},{"not_picked":["Beam Cell","Conserve Battery"],"picked":"Amplify","floor":14.0},{"not_picked":["Machine Learning","Thunder Strike"],"picked":"Fission","floor":16.0}],"player_experience":519647,"relics_obtained":[{"floor":6.0,"key":"Symbiotic Virus"},{"floor":9.0,"key":"Orichalcum"},{"floor":10.0,"key":"Omamori"},{"floor":12.0,"key":"Potion Belt"}],"event_choices":[{"damage_healed":0.0,"max_hp_gain":0.0,"max_hp_loss":0.0,"gold_gain":0.0,"event_name":"Lab","player_choice":"Got Potions","floor":7.0,"gold_loss":0.0,"damage_taken":0.0}],"is_beta":false,"boss_relics":[{"not_picked":["Runic Pyramid","Black Star"],"picked":"Busted Crown"}],"items_purged_floors":[],"is_endless":false,"potions_floor_spawned":[4,6,11,13,14],"killed_by":"2 Thieves","ascension_level":20}}