{"host":"sxnl403xm2xmiyj1","time":1610201283,"event":{"mods":["BaseMod","Colored Map","Keyboard Shortcuts","Lobotomy","Minty Spire (QoL Compilation)","Quick Restart","StSLib","SuperFastMode"],"gold_per_floor":[370,370,41,59,24,24,24,24,24,24,50,50,84,103,103,201,201,219,234,245,2,15,44,44,70,118,147,147,157,157,190,190,289,289,308,308,319,330,342,377,0,28,53,53,69,103,112,175,175,175],"floor_reached":51,"playtime":2158,"items_purged":[],"score":1349,"play_id":"50a02b57-d53e-4e63-8856-9894880d03b7","local_time":"20210109230803","is_ascension_mode":true,"campfire_choices":[],"circlet_count":0,"master_deck":["SpecialBullet","SpecialBullet","SpecialBullet","SpecialBullet","SpecialBullet","SpecialBullet","SpecialBullet","InformationCode","WelfareCode","ControlCode","SpiderBud","FourthMatchFlame+1","BlackSwan_ego+1","DisciplinaryCode","SecurityCode","Soda","OldLady","Wingbeat","GoldRush","Soda","BlackSwan","Soda","Bloodbath","Regret_ego","Regret_ego","BearPaw","Regret_ego","Tough","ScreamingWedge","TrainingCode","Tough+1","FieryBird","Twilight","WallGazer","Tough","RecordCode","Variant","RapturousDream+1","Soda+1","SomewhereSpear+1","BlackSwan_ego+1","GreedKing","CentralCode","LaLuna","GreenStem"],"relics":["CogitoBucket","Unceasing Top","Meat on the Bone","Juzu Bracelet","Pantograph","Black Star","LuminousBracelet","Lee\u0027s Waffle","Anchor","Lizard Tail","HornCleat","Potion Belt","Orichalcum","Bottled Tornado","Bronze Scales","Theresia","Toxic Egg 2","Regal Pillow","Cursed Key","AspirationHeart","Letter Opener","Dream Catcher","Red Mask","Centennial Puzzle","Mercury Hourglass","Bag of Marbles","Happy Flower","CeramicFish","Turnip"],"acts_visited":["Exordium","TheCity","TheBeyond"],"potions_floor_usage":[38,38,50,51],"damage_taken":[{"damage":8.0,"enemies":"2 Louse","floor":1.0,"turns":2.0},{"damage":12.0,"enemies":"Jaw Worm","floor":4.0,"turns":2.0},{"damage":0.0,"enemies":"Lagavulin","floor":11.0,"turns":4.0},{"damage":20.0,"enemies":"Gremlin Nob","floor":13.0,"turns":4.0},{"damage":0.0,"enemies":"Cultist","floor":14.0,"turns":2.0},{"damage":70.0,"enemies":"The Guardian","floor":16.0,"turns":8.0},{"damage":50.0,"enemies":"3 Byrds","floor":18.0,"turns":5.0},{"damage":19.0,"enemies":"Shell Parasite","floor":19.0,"turns":3.0},{"damage":18.0,"enemies":"Snecko","floor":20.0,"turns":3.0},{"damage":13.0,"enemies":"Centurion and Healer","floor":22.0,"turns":6.0},{"damage":88.0,"enemies":"Slavers","floor":23.0,"turns":7.0},{"damage":47.0,"enemies":"Book of Stabbing","floor":25.0,"turns":5.0},{"damage":52.0,"enemies":"Slavers","floor":27.0,"turns":6.0},{"damage":35.0,"enemies":"Snake Plant","floor":29.0,"turns":8.0},{"damage":22.0,"enemies":"Book of Stabbing","floor":31.0,"turns":4.0},{"damage":108,"enemies":"Champ","floor":33,"turns":12},{"damage":0,"enemies":"Orb Walker","floor":35,"turns":2},{"damage":8,"enemies":"3 Shapes","floor":37,"turns":4},{"damage":138,"enemies":"Maw","floor":38,"turns":8},{"damage":12,"enemies":"Sphere and 2 Shapes","floor":39,"turns":4},{"damage":32,"enemies":"Nemesis","floor":40,"turns":8},{"damage":4,"enemies":"Giant Head","floor":42,"turns":6},{"damage":93,"enemies":"Transient","floor":45,"turns":5},{"damage":38,"enemies":"Nemesis","floor":46,"turns":5},{"damage":0,"enemies":"2 Orb Walkers","floor":48,"turns":2},{"damage":44,"enemies":"FixerMidnight","floor":50,"turns":17},{"damage":28,"enemies":"Malkuth","floor":51,"turns":9},{"damage":56,"enemies":"Hod","floor":51,"turns":11},{"damage":5,"enemies":"Geburah","floor":51,"turns":16},{"damage":170,"enemies":"Hokma","floor":51,"turns":12},{"damage":239,"enemies":"Angela","floor":51,"turns":15}],"seed_played":"-482777790777755252","potions_obtained":[{"floor":1.0,"key":"AttackPotion"},{"floor":4.0,"key":"Dexterity Potion"},{"floor":16.0,"key":"SkillPotion"},{"floor":18.0,"key":"Block Potion"},{"floor":22.0,"key":"Ancient Potion"},{"floor":23.0,"key":"Energy Potion"},{"floor":29.0,"key":"DuplicationPotion"},{"floor":31.0,"key":"Block Potion"},{"floor":37,"key":"FairyPotion"},{"floor":38,"key":"AttackPotion"},{"floor":42,"key":"Block Potion"}],"is_trial":false,"path_per_floor":["M","?","$","M","?","R","?","R","T","R","E","$","E","M","R","B",null,"M","M","M","$","M","E","R","E","T","E","R","M","?","E","R","B",null,"M","?","M","M","M","E","?","E","T","R","M","E","R","?","R","B",null],"character_chosen":"Angela","items_purchased":["Unceasing Top","BlackSwan_ego","Regret_ego","Lee\u0027s Waffle","BearPaw"],"campfire_rested":0,"item_purchase_floors":[3,3,21,21,21],"current_hp_per_floor":[37,42,42,30,48,48,33,33,33,33,53,53,55,68,68,37,69,60,67,69,109,109,80,80,81,81,91,97,109,109,113,113,81,107,117,117,117,105,131,131,131,131,131,131,101,113,119,139,139,119],"gold":175,"neow_bonus":"TWO_FIFTY_GOLD","is_daily":false,"chose_seed":false,"campfire_upgraded":0,"win_rate":0.0,"timestamp":1610201283,"path_taken":["M","?","$","M","?","R","?","R","T","R","E","$","E","M","R","BOSS","M","M","M","$","M","E","R","E","T","E","R","M","?","E","R","BOSS","M","?","M","M","M","E","?","E","T","R","M","E","R","?","R","BOSS"],"items_purchased_type":["Relic","Card","Card","Relic","Card"],"build_version":"2020-12-22","purchased_purges":0,"victory":true,"max_hp_per_floor":[70,75,75,75,75,75,75,75,75,75,75,75,75,79,79,79,79,94,98,102,109,109,109,109,109,109,109,109,109,109,113,113,113,113,117,117,117,131,131,131,131,131,131,131,131,135,135,139,139,119],"card_choices":[{"not_picked":["LaLuna","MeatLantern"],"picked":"SpiderBud","floor":1.0},{"not_picked":["CherryBlossom"],"picked":"FourthMatchFlame","floor":1.0},{"not_picked":["Noise","Lantern"],"picked":"SKIP","floor":4.0},{"not_picked":["Beak"],"picked":"Soda","floor":11.0},{"not_picked":["SomewhereSpear","Lantern"],"picked":"SKIP","floor":13.0},{"not_picked":["CherryBlossoms","MeatLantern"],"picked":"OldLady","floor":14.0},{"not_picked":["FrostShard"],"picked":"Wingbeat","floor":14.0},{"not_picked":["Justitia"],"picked":"GoldRush","floor":16.0},{"not_picked":["Horn"],"picked":"Soda","floor":18.0},{"not_picked":["Murderer","Freischutz"],"picked":"BlackSwan","floor":19.0},{"not_picked":["SomewhereSpear+1"],"picked":"Soda","floor":19.0},{"not_picked":["DreamingCurrent","LittlePrince"],"picked":"Bloodbath","floor":20.0},{"not_picked":["Horn"],"picked":"Regret_ego","floor":20.0},{"not_picked":["CUTE"],"picked":"Regret_ego","floor":22.0},{"not_picked":["Hornet","Harvest"],"picked":"SKIP","floor":23.0},{"not_picked":["CUTE"],"picked":"Tough","floor":25.0},{"not_picked":["Tough"],"picked":"ScreamingWedge","floor":27.0},{"not_picked":["Loneliness"],"picked":"Tough+1","floor":29.0},{"not_picked":["Alriune","CrumblingArmor"],"picked":"FieryBird","floor":31.0},{"not_picked":["Galaxy+1","Hypocrisy+1"],"picked":"SKIP","floor":31.0},{"not_picked":["SoundOfStar+1"],"picked":"Twilight","floor":33},{"not_picked":["HappyTeddy","OSAHOGD"],"picked":"WallGazer","floor":35},{"not_picked":["Pleasure+1"],"picked":"Tough","floor":35},{"not_picked":["Harvest+1","CUTE+1"],"picked":"SKIP","floor":37},{"not_picked":["MHz","Yin"],"picked":"Variant","floor":38},{"not_picked":["SomewhereSpear+1"],"picked":"RapturousDream+1","floor":38},{"not_picked":["BearPaw+1"],"picked":"Soda+1","floor":39},{"not_picked":["Loneliness+1"],"picked":"SomewhereSpear+1","floor":40},{"not_picked":["TodaysExpression+1","FrostShard+1"],"picked":"SKIP","floor":42},{"not_picked":["RedEyes+1"],"picked":"BlackSwan_ego+1","floor":45},{"not_picked":["DespairKnight","BeautyBeast"],"picked":"GreedKing","floor":46},{"not_picked":["Christmas","FeatherOfHonor"],"picked":"SKIP","floor":46},{"not_picked":["Christmas","FeatherOfHonor"],"picked":"SKIP","floor":46},{"not_picked":["Laetitia","PunishingBird"],"picked":"LaLuna","floor":48},{"not_picked":["LifeForTheDareDevil"],"picked":"GreenStem","floor":48}],"player_experience":215368,"relics_obtained":[{"floor":9.0,"key":"Meat on the Bone"},{"floor":11.0,"key":"Juzu Bracelet"},{"floor":13.0,"key":"Pantograph"},{"floor":23.0,"key":"Anchor"},{"floor":23.0,"key":"Lizard Tail"},{"floor":25.0,"key":"HornCleat"},{"floor":25.0,"key":"Potion Belt"},{"floor":26.0,"key":"Orichalcum"},{"floor":27.0,"key":"Bottled Tornado"},{"floor":27.0,"key":"Bronze Scales"},{"floor":31.0,"key":"Toxic Egg 2"},{"floor":31.0,"key":"Regal Pillow"},{"floor":40,"key":"Letter Opener"},{"floor":40,"key":"Dream Catcher"},{"floor":42,"key":"Centennial Puzzle"},{"floor":42,"key":"Mercury Hourglass"},{"floor":43,"key":"Bag of Marbles"},{"floor":46,"key":"Happy Flower"},{"floor":46,"key":"CeramicFish"},{"floor":48,"key":"Turnip"}],"event_choices":[{"damage_healed":0.0,"max_hp_gain":5.0,"max_hp_loss":0.0,"gold_gain":0.0,"event_name":"Big Fish","player_choice":"Donut","floor":2.0,"gold_loss":0.0,"damage_taken":0.0},{"damage_healed":18.0,"max_hp_gain":0.0,"max_hp_loss":0.0,"gold_gain":0.0,"event_name":"The Cleric","player_choice":"Healed","floor":5.0,"gold_loss":35.0,"damage_taken":0.0},{"damage_healed":0.0,"max_hp_gain":0.0,"max_hp_loss":0.0,"gold_gain":0.0,"event_name":"Shining Light","player_choice":"Entered Light","floor":7.0,"gold_loss":0.0,"damage_taken":15.0,"cards_upgraded":["BlackSwan_ego","FourthMatchFlame"]},{"damage_healed":0.0,"max_hp_gain":0.0,"max_hp_loss":0.0,"gold_gain":0.0,"event_name":"Ghosts","player_choice":"Ignored","floor":30.0,"gold_loss":0.0,"damage_taken":0.0},{"cards_removed":["SpecialBullet"],"damage_healed":0,"gold_gain":0,"player_choice":"Purged","damage_taken":0,"max_hp_gain":0,"max_hp_loss":0,"event_name":"Purifier","floor":36,"gold_loss":0},{"damage_healed":0,"gold_gain":0,"player_choice":"Paid","damage_taken":0,"relics_obtained":["Red Mask"],"max_hp_gain":0,"max_hp_loss":0,"event_name":"Tomb of Lord Red Mask","floor":41,"gold_loss":377},{"damage_healed":0,"gold_gain":0,"player_choice":"Fight","damage_taken":0,"max_hp_gain":0,"max_hp_loss":0,"event_name":"Mysterious Sphere","floor":48,"gold_loss":0}],"is_beta":false,"boss_relics":[{"not_picked":["Astrolabe","Calling Bell"],"picked":"Black Star"},{"not_picked":["Empty Cage","SacredBark"],"picked":"Cursed Key"}],"items_purged_floors":[],"is_endless":false,"potions_floor_spawned":[1,4,16,18,22,23,29,31,37,38,42],"ascension_level":8}}