{"host":"ixqzyafodex1tsi5","time":1610174052,"event":{"mods":["ATMod(°¢èªMod)","AchievementEnabler","Act Like it!","BaseMod","Gensokyo","GifTheSpireLib","Lobotomy","LobotomyExtend","Luminous","Minty Spire (QoL Compilation)","Relic Stats","Replay The Spire","RumiaBox-Â¶Ã×æ«µÄÉñÃØºÐ×Ó","Shop Mod","Spicy Shops","StSLib","The Cursed","[IsaacMod]ÒÔÈö¼âËþ","¡¾¹¦ÄÜMod¡¿»ìãçÖ®»·ÐÞ¸´²¹¶¡","¡¾ÒÅÎï¿¨ÅÆ¡¿REMEMod"],"gold_per_floor":[109,109,109,124,137,165,165,179,179,212,287,304,377,406,406,511,511,528,528,547,582,598,598,648,747,773,808,908,57,69,69,69,165,165,183,199,219,65,85,85,113,128,128,128,128,35,60,71,71,71,71],"floor_reached":52,"playtime":1484,"items_purged":["Strike_R","Defend_R"],"score":1580,"play_id":"d5d66298-d0f5-4f66-8bfd-df753b276af0","local_time":"20210109143412","is_ascension_mode":true,"campfire_choices":[{"data":"Hyperbeam","floor":7,"key":"SMITH"},{"data":"Thunderclap","floor":15,"key":"SMITH"},{"data":"Sword Boomerang","floor":23,"key":"SMITH"},{"data":"Pommel Strike","floor":32,"key":"SMITH"},{"floor":40,"key":"RECALL"},{"data":"Searing Blow+1","floor":45,"key":"SMITH"},{"data":"Searing Blow+2","floor":49,"key":"SMITH"}],"circlet_count":0,"master_deck":["Strike_R","Strike_R+1","Defend_R","Bash+1","DoctorFetus","Hyperbeam+1","ReplayTheSpireMod:Limb From Limb+1","Fiend Fire+1","BlueStar","Offering+1","Mercenary","Thunderclap+1","REME_ACTH+1","Sword Boomerang+1","Warcry+1","Pommel Strike+1","Feed+1","Searing Blow+3","Blood for Blood+1","Bludgeon+1","RedShoes","Pain"],"relics":["Burning Blood","REME_ComplimentaryCards","HushsDoor","AT_ATBox","BookOfRevelations","CogitoBucket","RabbitCall","LetterFromLob","Golden Egg","BranchBurnRelic","AT_LudenTempest","Quantum Egg","SkinProphecy","BelialBook","Blood Vial","ChewingGum","InspiredRelic","HonorFeather","Moonlight_r","Red Mask","AdjustmentMirror","AT_ChloranthyRing","StrikeDummy","ReplayTheSpireMod:Spearhead","Nunchaku","Bag of Marbles","Chaos","Vajra","AT_RedTearstoneRing","Happy Flower","Astrolabe","AtMidnight","LuminousBracelet","Boot","GnawedLeaf","Turnip","ReplayTheSpireMod:TigerMarble","ReplayTheSpireMod:CursedCoin","MagicDraw2","Black Star"],"acts_visited":["Exordium","TheCity","TheBeyond"],"potions_floor_usage":[16,22,37,37],"damage_taken":[{"damage":0,"enemies":"Small Slimes","floor":1,"turns":3},{"damage":12,"enemies":"Jaw Worm","floor":4,"turns":2},{"damage":0,"enemies":"2 Louse","floor":5,"turns":2},{"damage":0,"enemies":"Gremlin Nob","floor":6,"turns":2},{"damage":0,"enemies":"2 Fungi Beasts","floor":8,"turns":1},{"damage":0,"enemies":"Lagavulin","floor":10,"turns":2},{"damage":0,"enemies":"3 Louse","floor":12,"turns":1},{"damage":0,"enemies":"3 Sentries","floor":14,"turns":2},{"damage":36,"enemies":"Hexaghost","floor":16,"turns":5},{"damage":0,"enemies":"Spheric Guardian","floor":18,"turns":2},{"damage":0,"enemies":"Spheric Guardian","floor":19,"turns":1},{"damage":12,"enemies":"Chosen","floor":20,"turns":3},{"damage":0,"enemies":"Masked Bandits","floor":21,"turns":1},{"damage":0,"enemies":"Sentry and Sphere","floor":22,"turns":2},{"damage":6,"enemies":"Hiden Room Battle","floor":24,"turns":2},{"damage":6,"enemies":"Slavers","floor":27,"turns":1},{"damage":6,"enemies":"Snake Plant","floor":30,"turns":1},{"damage":0,"enemies":"Collector","floor":33,"turns":1},{"damage":6,"enemies":"Orb Walker","floor":35,"turns":1},{"damage":16,"enemies":"3 Shapes","floor":36,"turns":1},{"damage":6,"enemies":"Writhing Mass","floor":37,"turns":1},{"damage":18,"enemies":"4 Shapes","floor":39,"turns":1},{"damage":23,"enemies":"R_Hoarder","floor":41,"turns":2},{"damage":34,"enemies":"Transient","floor":42,"turns":4},{"damage":12,"enemies":"Reptomancer","floor":47,"turns":1},{"damage":12,"enemies":"Maw","floor":48,"turns":1},{"damage":45,"enemies":"Time Eater","floor":50,"turns":2}],"seed_played":"4131337367643790975","potions_obtained":[{"floor":4,"key":"Fire Potion"},{"floor":12,"key":"BlessingOfTheForge"},{"floor":14,"key":"Block Potion"},{"floor":16,"key":"DistilledChaos"},{"floor":24,"key":"Adrenaline Potion"},{"floor":33,"key":"PowerPotion"},{"floor":39,"key":"Energy Potion"},{"floor":41,"key":"Milkshake"}],"is_trial":false,"path_per_floor":["M","?","?","M","M","E","R","M","T","E","?","M","?","E","R","B",null,"M","?","M","?","M","R","?","?","T","E","?","$","M","$","R","B",null,"M","M","M","$","M","R","E","M","T","T","R","$","E","M","R","B",null,null],"character_chosen":"IRONCLAD","items_purchased":["Bag of Marbles","Chaos","Vajra","AT_RedTearstoneRing","Happy Flower","Boot","ReplayTheSpireMod:CursedCoin","MagicDraw2"],"campfire_rested":0,"item_purchase_floors":[29,29,29,29,29,38,46,46],"current_hp_per_floor":[78,78,71,65,71,77,77,80,80,80,69,75,55,57,57,39,73,77,37,29,33,35,76,78,78,78,76,76,76,74,74,82,84,84,99,87,89,89,75,117,104,111,111,111,125,125,121,113,133,107,107],"gold":71,"neow_bonus":"","is_daily":false,"chose_seed":false,"campfire_upgraded":6,"win_rate":0.0,"timestamp":1610174052,"path_taken":["M","?","?","M","M","E","R","M","T","E","?","M","?","E","R","BOSS","M","?","M","?","M","R","?","?","T","E","?","$","M","$","R","BOSS","M","M","?","?","M","R","E","M","T","?","R","?","E","M","R","BOSS"],"items_purchased_type":["Relic","Card","Relic","Relic","Relic","Relic","Relic","Relic"],"build_version":"2020-12-22","purchased_purges":2,"victory":true,"max_hp_per_floor":[80,80,80,80,80,80,80,80,80,80,80,80,80,82,82,84,84,86,68,70,72,76,76,78,78,78,80,80,80,82,82,82,84,84,107,109,115,115,117,117,119,125,125,125,125,125,131,133,133,141,141],"relic_stats":{"Blood Vial":44,"Nunchaku":[7],"Happy Flower":[6],"counters":[31,52],"Astrolabe":["Searing Blow","Blood for Blood","Bludgeon"],"Turnip":[0],"Black Star":0,"Boot":[0],"obtain_stats":[{"Chaos":29,"RabbitCall":0,"Golden Egg":3,"HonorFeather":19,"AT_ATBox":0,"GnawedLeaf":41,"Vajra":29,"LuminousBracelet":35,"SkinProphecy":12,"AdjustmentMirror":22,"Boot":38,"Burning Blood":0,"MagicDraw2":46,"Blood Vial":14,"BranchBurnRelic":7,"CogitoBucket":0,"Nunchaku":27,"Red Mask":21,"KeepersGift":0,"AT_ChloranthyRing":24,"AT_RedTearstoneRing":29,"Happy Flower":29,"ReplayTheSpireMod:CursedCoin":46,"Dead Branch":6,"Quantum Egg":10,"Astrolabe":34,"BookOfRevelations":0,"BelialBook":13,"Moonlight_r":19,"AT_LudenTempest":9,"ReplayTheSpireMod:Spearhead":26,"AtMidnight":35,"ChewingGum":17,"Turnip":43,"LetterFromLob":1,"Bag of Marbles":29,"ReplayTheSpireMod:TigerMarble":44,"Black Star":47,"HushsDoor":0,"InspiredRelic":19,"StrikeDummy":24,"REME_ComplimentaryCards":0},{"Chaos":18,"RabbitCall":0,"Golden Egg":1,"HonorFeather":12,"AT_ATBox":0,"GnawedLeaf":26,"Vajra":18,"LuminousBracelet":22,"SkinProphecy":8,"AdjustmentMirror":16,"Boot":24,"Burning Blood":0,"MagicDraw2":27,"Blood Vial":9,"BranchBurnRelic":4,"CogitoBucket":0,"Nunchaku":18,"Red Mask":14,"KeepersGift":0,"AT_ChloranthyRing":17,"AT_RedTearstoneRing":18,"Happy Flower":18,"ReplayTheSpireMod:CursedCoin":27,"Dead Branch":4,"Quantum Egg":6,"Astrolabe":20,"BookOfRevelations":0,"BelialBook":8,"Moonlight_r":12,"AT_LudenTempest":5,"ReplayTheSpireMod:Spearhead":17,"AtMidnight":22,"ChewingGum":10,"Turnip":27,"LetterFromLob":1,"Bag of Marbles":18,"ReplayTheSpireMod:TigerMarble":27,"Black Star":28,"HushsDoor":0,"InspiredRelic":11,"StrikeDummy":17,"REME_ComplimentaryCards":0},{"Chaos":34,"RabbitCall":0,"Golden Egg":3,"HonorFeather":24,"AT_ATBox":0,"GnawedLeaf":43,"Vajra":34,"LuminousBracelet":38,"SkinProphecy":14,"AdjustmentMirror":31,"Boot":40,"Burning Blood":0,"MagicDraw2":47,"Blood Vial":16,"BranchBurnRelic":9,"CogitoBucket":0,"Nunchaku":34,"Red Mask":28,"KeepersGift":0,"AT_ChloranthyRing":33,"AT_RedTearstoneRing":34,"Happy Flower":34,"ReplayTheSpireMod:CursedCoin":47,"Dead Branch":9,"Quantum Egg":12,"Astrolabe":36,"BookOfRevelations":0,"BelialBook":14,"Moonlight_r":24,"AT_LudenTempest":10,"ReplayTheSpireMod:Spearhead":33,"AtMidnight":38,"ChewingGum":21,"Turnip":47,"LetterFromLob":3,"Bag of Marbles":34,"ReplayTheSpireMod:TigerMarble":47,"Black Star":48,"HushsDoor":0,"InspiredRelic":23,"StrikeDummy":33,"REME_ComplimentaryCards":0}],"Burning Blood":145},"card_choices":[{"not_picked":[],"picked":"DoctorFetus","floor":0},{"not_picked":["ShyLook","UniverseFragment","Wellcheers"],"picked":"Singing Bowl","floor":1},{"not_picked":["Burning Pact","Blood for Blood","Armaments"],"picked":"SKIP","floor":1},{"not_picked":["Bloodbath","DespairKnight","ShyLook"],"picked":"Singing Bowl","floor":4},{"not_picked":["Dual Wield","Combust"],"picked":"Fiend Fire","floor":4},{"not_picked":["ShyLook","FieryBird","Wellcheers"],"picked":"Singing Bowl","floor":5},{"not_picked":["ShyLook","Murderer"],"picked":"BlueStar","floor":5},{"not_picked":["AT_BodySlamDance","AT_IchimonjiDouble","Twin Strike"],"picked":"SKIP","floor":5},{"not_picked":["WallGazer","CherryBlossoms","CrumblingArmor"],"picked":"Singing Bowl","floor":6},{"not_picked":["Rupture","Thunderclap"],"picked":"Bomb","floor":6},{"not_picked":["Woodsman","Murderer","WallGazer"],"picked":"Singing Bowl","floor":8},{"not_picked":["Havoc","Run Through","Burning Pact"],"picked":"SKIP","floor":8},{"not_picked":["CherryBlossoms","Wellcheers","ShyLook"],"picked":"Singing Bowl","floor":10},{"not_picked":["Barricade","Sword Boomerang"],"picked":"Offering","floor":10},{"not_picked":["SpiderBud","WallGazer"],"picked":"Mercenary","floor":12},{"not_picked":["Power Through","Body Slam","REME_FearOfPain"],"picked":"SKIP","floor":12},{"not_picked":["Feel No Pain","Fiend Fire"],"picked":"Thunderclap","floor":13},{"not_picked":["REME_Cut","Perfected Strike"],"picked":"Bomb","floor":13},{"not_picked":["UniverseFragment","WallGazer","WhitesApple"],"picked":"Singing Bowl","floor":14},{"not_picked":["Run Through","Replay:Undeath\u0027s Touch","Body Slam"],"picked":"SKIP","floor":14},{"not_picked":["MHz","GalaxyChild","OSAHOGD"],"picked":"Singing Bowl","floor":16},{"not_picked":["Bludgeon","Demon Form"],"picked":"REME_ACTH","floor":16},{"not_picked":["Funeral","PunishingBird","FairyFestival"],"picked":"Singing Bowl","floor":18},{"not_picked":["Perfected Strike","Flex","Rage+1"],"picked":"SKIP","floor":18},{"not_picked":["LongBird","Scarecrow","BlackArmy"],"picked":"Singing Bowl","floor":20},{"not_picked":["Demonic Infusion","Flex","ReplayTheSpireMod:Strike From Hell"],"picked":"SKIP","floor":20},{"not_picked":["ShyLook","UniverseFragment","WallGazer"],"picked":"Singing Bowl","floor":21},{"not_picked":["Twin Strike","Cleave+1"],"picked":"Sword Boomerang","floor":21},{"not_picked":["HappyTeddy","Wellcheers","SnowQueen"],"picked":"Singing Bowl","floor":22},{"not_picked":["Armaments+1","AT_ManFootWork"],"picked":"Warcry+1","floor":22},{"not_picked":["MeltingLove","BeautyBeast","FairyFestival"],"picked":"Singing Bowl","floor":24},{"not_picked":["Scorched","OSAHOGD","Scarecrow"],"picked":"Singing Bowl","floor":27},{"not_picked":["Impervious","Cleave"],"picked":"Pommel Strike","floor":27},{"not_picked":["DespairKnight","WallGazer","Variant"],"picked":"Singing Bowl","floor":30},{"not_picked":["Hemokinesis+1","Cleave+1","Fire Breathing"],"picked":"SKIP","floor":30},{"not_picked":["Alriune","WallGazer","WhiteNight"],"picked":"Singing Bowl","floor":33},{"not_picked":["Fiend Fire","Reaper"],"picked":"Feed","floor":33},{"not_picked":["LittlePrince","Scorched","NakedNest"],"picked":"Singing Bowl","floor":35},{"not_picked":["AT_IchimonjiDouble","Evolve+1","Flame Barrier+1"],"picked":"SKIP","floor":35},{"not_picked":["HeroicMonk","SingingMachine","Porccubus"],"picked":"Singing Bowl","floor":36},{"not_picked":["Warcry","Armaments","ReplayTheSpireMod:Corrosion Curse+1"],"picked":"SKIP","floor":36},{"not_picked":["MHz","NakedNest"],"picked":"RedShoes","floor":37},{"not_picked":["True Grit","Run Through+1","Replay:Undeath\u0027s Touch+1"],"picked":"SKIP","floor":37},{"not_picked":["QueenBee","NakedNest","Woodsman"],"picked":"Singing Bowl","floor":39},{"not_picked":["Wild Strike+1","Rampage+1","Corruption"],"picked":"SKIP","floor":39},{"not_picked":["BeautyBeast","Woodsman","SnowQueen"],"picked":"Singing Bowl","floor":41},{"not_picked":["Heavy Blade+1","Spot Weakness","Combust"],"picked":"SKIP","floor":41},{"not_picked":["BlackArmy","Woodsman","CrumblingArmor"],"picked":"Singing Bowl","floor":42},{"not_picked":["AT_BodySlamDance","Replay:Undeath\u0027s Touch","Hemokinesis+1"],"picked":"SKIP","floor":42},{"not_picked":["WallGazer","BodiesMountain","Wellcheers"],"picked":"Singing Bowl","floor":47},{"not_picked":["Clash+1","Body Slam","Carnage+1"],"picked":"SKIP","floor":47},{"not_picked":["HappyTeddy","BigBadWolf","Laetitia"],"picked":"Singing Bowl","floor":48},{"not_picked":["ReplayReversal","AT_GerminateFire","Blood for Blood"],"picked":"SKIP","floor":48}],"player_experience":256613,"relics_obtained":[{"floor":1,"key":"LetterFromLob"},{"floor":6,"key":"Dead Branch"},{"floor":9,"key":"AT_LudenTempest"},{"floor":10,"key":"Quantum Egg"},{"floor":13,"key":"BelialBook"},{"floor":14,"key":"Blood Vial"},{"floor":21,"key":"Red Mask"},{"floor":24,"key":"AT_ChloranthyRing"},{"floor":24,"key":"StrikeDummy"},{"floor":26,"key":"ReplayTheSpireMod:Spearhead"},{"floor":27,"key":"Nunchaku"},{"floor":35,"key":"AtMidnight"},{"floor":41,"key":"GnawedLeaf"},{"floor":43,"key":"Turnip"},{"floor":44,"key":"ReplayTheSpireMod:TigerMarble"},{"floor":47,"key":"Black Star"}],"event_choices":[{"damage_healed":0,"gold_gain":0,"player_choice":"Success","damage_taken":7,"relics_obtained":["Golden Egg"],"max_hp_gain":0,"max_hp_loss":0,"event_name":"Scrap Ooze","floor":3,"gold_loss":0},{"damage_healed":0,"gold_gain":75,"player_choice":"Gather Gold","damage_taken":11,"max_hp_gain":0,"max_hp_loss":0,"event_name":"World of Goop","floor":11,"gold_loss":0},{"damage_healed":0,"gold_gain":0,"player_choice":"Fought Bandits","damage_taken":0,"max_hp_gain":0,"max_hp_loss":0,"event_name":"Masked Bandits","floor":21,"gold_loss":0},{"damage_healed":0,"gold_gain":0,"player_choice":"Fight","damage_taken":0,"max_hp_gain":0,"max_hp_loss":0,"event_name":"HidenRoomEvent","floor":24,"gold_loss":0},{"damage_healed":0,"gold_gain":99,"player_choice":"Stole From Cult","damage_taken":0,"max_hp_gain":0,"max_hp_loss":0,"event_name":"Nest","floor":25,"gold_loss":0}],"is_beta":false,"boss_relics":[{"not_picked":["Black Blood","Runic Pyramid"],"picked":"ChewingGum"},{"not_picked":[]},{"not_picked":["Pantograph","Ccalipers"],"picked":"Astrolabe"},{"not_picked":[]}],"items_purged_floors":[29,29],"is_endless":false,"potions_floor_spawned":[4,12,14,16,18,19,24,33,39,41,42,47],"ascension_level":9}}