{"host":"3y2rtlgteqp2nuo3","time":1610197923,"event":{"mods":["2.2 Compatiblity","AchievementEnabler","BaseMod","Colored Map","DeckTracker","Highlight Path","Keyboard Shortcuts","Minty Spire (QoL Compilation)","Permanent Neow","Quick Restart","StSLib","SuperFastMode","everything is the same but u backflip on backflip"],"gold_per_floor":[10,23,40,52,67,67,117,132,132,143,163,190,190,209,209,283,283,300,57,68,81,131,131,149,163,244,244,277,293,193,208,208,208,208],"floor_reached":33,"playtime":703,"items_purged":["Strike_B","Strike_B"],"score":499,"play_id":"161f3dab-1f42-4c3a-8c95-148d33432cef","local_time":"20210109221203","is_ascension_mode":true,"campfire_choices":[{"data":"Zap","floor":6.0,"key":"SMITH"},{"floor":13.0,"key":"REST"},{"data":"Dualcast","floor":15.0,"key":"SMITH"},{"floor":23.0,"key":"REST"},{"data":"Biased Cognition","floor":27.0,"key":"SMITH"},{"data":"Amplify","floor":32,"key":"SMITH"}],"circlet_count":0,"master_deck":["AscendersBane","Strike_B","Defend_B","Defend_B","Defend_B","Zap+1","Dualcast+1","Gash","Sweeping Beam","Ball Lightning","Rip and Tear","Chill","Lockon","Hologram","Biased Cognition+1","Doom and Gloom","Amplify+1","Coolheaded","Lockon","Electrodynamics","Leap","Coolheaded"],"relics":["Cracked Core","Kunai","Bird Faced Urn","Runic Dome","OrangePellets","Mummified Hand","Darkstone Periapt"],"acts_visited":["Exordium","TheCity"],"potions_floor_usage":[33],"damage_taken":[{"damage":0.0,"enemies":"Cultist","floor":1.0,"turns":3.0},{"damage":0.0,"enemies":"2 Louse","floor":2.0,"turns":2.0},{"damage":12.0,"enemies":"Jaw Worm","floor":3.0,"turns":3.0},{"damage":9.0,"enemies":"3 Louse","floor":4.0,"turns":2.0},{"damage":3.0,"enemies":"Blue Slaver","floor":5.0,"turns":2.0},{"damage":0.0,"enemies":"2 Fungi Beasts","floor":8.0,"turns":3.0},{"damage":10.0,"enemies":"3 Louse","floor":10.0,"turns":3.0},{"damage":9.0,"enemies":"Looter","floor":11.0,"turns":2.0},{"damage":14.0,"enemies":"Lagavulin","floor":12.0,"turns":5.0},{"damage":13.0,"enemies":"Large Slime","floor":14.0,"turns":4.0},{"damage":8.0,"enemies":"Hexaghost","floor":16.0,"turns":9.0},{"damage":17.0,"enemies":"Spheric Guardian","floor":18.0,"turns":4.0},{"damage":1.0,"enemies":"3 Byrds","floor":20.0,"turns":3.0},{"damage":22.0,"enemies":"Shelled Parasite and Fungi","floor":21.0,"turns":4.0},{"damage":0.0,"enemies":"3 Cultists","floor":24.0,"turns":2.0},{"damage":8.0,"enemies":"Sentry and Sphere","floor":25.0,"turns":3.0},{"damage":7.0,"enemies":"Book of Stabbing","floor":28.0,"turns":3.0},{"damage":0.0,"enemies":"Snake Plant","floor":29.0,"turns":2.0},{"damage":12,"enemies":"Centurion and Healer","floor":31,"turns":3},{"damage":72,"enemies":"Automaton","floor":33,"turns":6}],"seed_played":"7350391636289862272","potions_obtained":[{"floor":3.0,"key":"Energy Potion"},{"floor":8.0,"key":"BlessingOfTheForge"},{"floor":14.0,"key":"GamblersBrew"},{"floor":24.0,"key":"Energy Potion"}],"is_trial":false,"path_per_floor":["M","M","M","M","M","R","?","M","T","M","M","E","R","M","R","B",null,"M","$","M","M","?","R","M","M","T","R","E","M","$","M","R","B"],"character_chosen":"DEFECT","items_purchased":["OrangePellets"],"campfire_rested":2,"item_purchase_floors":[19],"current_hp_per_floor":[64,64,52,43,40,40,40,40,40,30,21,7,28,17,17,11,56,41,41,42,22,22,43,49,45,45,45,42,48,48,42,42,0,0],"gold":208,"neow_bonus":"REMOVE_TWO","is_daily":false,"chose_seed":false,"campfire_upgraded":4,"win_rate":0.0,"timestamp":1610197923,"path_taken":["M","?","M","M","M","R","?","M","T","M","?","E","R","M","R","BOSS","M","$","M","M","?","R","M","M","T","R","E","M","$","M","R","BOSS"],"items_purchased_type":["Relic"],"build_version":"2020-12-22","purchased_purges":2,"victory":false,"max_hp_per_floor":[71,71,71,71,71,71,71,71,71,71,71,71,71,71,71,71,71,71,71,71,71,71,71,71,71,71,71,71,71,71,71,71,71,71],"card_choices":[{"not_picked":["Genetic Algorithm","Fusion"],"picked":"Gash","floor":1.0},{"not_picked":["Consume","Hologram"],"picked":"Sweeping Beam","floor":2.0},{"not_picked":["Glacier","Streamline"],"picked":"Ball Lightning","floor":3.0},{"not_picked":["Sweeping Beam","Gash"],"picked":"Rip and Tear","floor":4.0},{"not_picked":["Stack","Steam Power"],"picked":"Chill","floor":5.0},{"not_picked":["Ball Lightning","Force Field"],"picked":"Lockon","floor":8.0},{"not_picked":["Barrage","Hologram","Creative AI"],"picked":"SKIP","floor":10.0},{"not_picked":["Redo","Rebound"],"picked":"Hologram","floor":11.0},{"not_picked":["Sweeping Beam","Heatsinks"],"picked":"Biased Cognition","floor":12.0},{"not_picked":["Hologram","Leap"],"picked":"Doom and Gloom","floor":14.0},{"not_picked":["Reboot","Rainbow"],"picked":"Amplify","floor":16.0},{"not_picked":["Redo","Barrage"],"picked":"Coolheaded","floor":18.0},{"not_picked":["Coolheaded","Sweeping Beam"],"picked":"Lockon","floor":20.0},{"not_picked":["Stack","Hello World"],"picked":"Electrodynamics","floor":21.0},{"not_picked":["Redo","Capacitor","Sweeping Beam"],"picked":"SKIP","floor":24.0},{"not_picked":["Go for the Eyes","White Noise"],"picked":"Leap","floor":25.0},{"not_picked":["Tempest","Steam","Cold Snap"],"picked":"SKIP","floor":28.0},{"not_picked":["Go for the Eyes","Blizzard","Steam"],"picked":"SKIP","floor":29.0},{"not_picked":["Consume","Redo"],"picked":"Coolheaded","floor":31}],"player_experience":654503,"relics_obtained":[{"floor":9.0,"key":"Kunai"},{"floor":12.0,"key":"Bird Faced Urn"},{"floor":26.0,"key":"Mummified Hand"},{"floor":28.0,"key":"Darkstone Periapt"}],"event_choices":[{"damage_healed":0.0,"max_hp_gain":0.0,"max_hp_loss":0.0,"gold_gain":50.0,"event_name":"Golden Shrine","player_choice":"Pray","floor":7.0,"gold_loss":0.0,"damage_taken":0.0},{"damage_healed":0.0,"max_hp_gain":0.0,"max_hp_loss":0.0,"gold_gain":100.0,"event_name":"The Joust","player_choice":"Bet on Murderer","floor":22.0,"gold_loss":50.0,"damage_taken":0.0}],"is_beta":false,"boss_relics":[{"not_picked":["FrozenCore","Philosopher\u0027s Stone"],"picked":"Runic Dome"}],"items_purged_floors":[19,30],"is_endless":false,"potions_floor_spawned":[3,8,11,14,16,21,24,29],"killed_by":"Automaton","ascension_level":16}}