{"host":"okln270zkafj6dck","time":1610187812,"event":{"mods":["BaseMod","Minty Spire (QoL Compilation)","Permanent Neow","Quick Restart","Relic Stats","StSLib","SuperFastMode"],"gold_per_floor":[115,133,149,159,7,7,36,46,46,80,37,37,37,37,37,110,110,123,136,136,36,36,36,62,72,72,72,72,101,101,126,126,204,204,222,62,0,0,20,20,53,53,53,8,8,43,43,69,69,69,69],"floor_reached":52,"playtime":1676,"items_purged":["Underhanded Strike","Escape Plan"],"score":2275,"play_id":"1d239395-3271-40fe-82c8-d2d602069042","local_time":"20210109022332","is_ascension_mode":true,"campfire_choices":[{"data":"Noxious Fumes","floor":6.0,"key":"SMITH"},{"data":"Burst","floor":12.0,"key":"SMITH"},{"data":"Crippling Poison","floor":15.0,"key":"SMITH"},{"data":"Well Laid Plans","floor":23.0,"key":"SMITH"},{"data":"Adrenaline","floor":28.0,"key":"SMITH"},{"data":"Footwork","floor":32.0,"key":"SMITH"},{"data":"Finisher","floor":40,"key":"SMITH"},{"floor":42,"key":"REST"},{"data":"Catalyst","floor":45,"key":"SMITH"},{"floor":49,"key":"REST"}],"circlet_count":0,"master_deck":["AscendersBane","Survivor","Neutralize","Adrenaline+1","Night Terror","Dash","Well Laid Plans+1","Footwork+1","Finisher+1","Burst+1","Blade Dance","Crippling Poison+1","Dagger Spray","Noxious Fumes+1","Bouncing Flask","Die Die Die","Cloak And Dagger","PiercingWail","Glass Knife+1","PiercingWail+1","Acrobatics","Catalyst+1","Corpse Explosion","Doubt","Crippling Poison+1"],"relics":["Pandora\u0027s Box","Art of War","Ornamental Fan","Letter Opener","Snecko Eye","MealTicket","Molten Egg 2","Gambling Chip","Pantograph","WristBlade","Membership Card","Red Mask","Question Card","Mango","Toy Ornithopter","Boot"],"acts_visited":["Exordium","TheCity","TheBeyond"],"potions_floor_usage":[41,51,51],"damage_taken":[{"damage":0.0,"enemies":"Cultist","floor":1.0,"turns":3.0},{"damage":12.0,"enemies":"Jaw Worm","floor":2.0,"turns":2.0},{"damage":10.0,"enemies":"2 Louse","floor":3.0,"turns":2.0},{"damage":0.0,"enemies":"Blue Slaver","floor":4.0,"turns":1.0},{"damage":0.0,"enemies":"3 Sentries","floor":7.0,"turns":5.0},{"damage":0.0,"enemies":"Exordium Thugs","floor":8.0,"turns":4.0},{"damage":0.0,"enemies":"Lagavulin","floor":10.0,"turns":2.0},{"damage":28.0,"enemies":"The Guardian","floor":16.0,"turns":9.0},{"damage":7.0,"enemies":"Shell Parasite","floor":18.0,"turns":3.0},{"damage":15.0,"enemies":"Spheric Guardian","floor":19.0,"turns":4.0},{"damage":0.0,"enemies":"Gremlin Leader","floor":24.0,"turns":2.0},{"damage":24.0,"enemies":"Snake Plant","floor":25.0,"turns":3.0},{"damage":14.0,"enemies":"Book of Stabbing","floor":29.0,"turns":3.0},{"damage":0.0,"enemies":"Gremlin Leader","floor":31.0,"turns":5.0},{"damage":23,"enemies":"Champ","floor":33,"turns":8},{"damage":8,"enemies":"3 Shapes","floor":35,"turns":3},{"damage":24,"enemies":"Orb Walker","floor":39,"turns":4},{"damage":43,"enemies":"Giant Head","floor":41,"turns":8},{"damage":31,"enemies":"Nemesis","floor":46,"turns":7},{"damage":32,"enemies":"Reptomancer","floor":48,"turns":3},{"damage":42,"enemies":"Time Eater","floor":50,"turns":3},{"damage":67,"enemies":"Awakened One","floor":51,"turns":7}],"seed_played":"-3249256062516978636","potions_obtained":[{"floor":2.0,"key":"SmokeBomb"},{"floor":8.0,"key":"LiquidMemories"},{"floor":10.0,"key":"SkillPotion"},{"floor":16.0,"key":"PowerPotion"},{"floor":25.0,"key":"EssenceOfSteel"},{"floor":29.0,"key":"Fruit Juice"},{"floor":31.0,"key":"SkillPotion"},{"floor":33,"key":"FearPotion"},{"floor":48,"key":"EssenceOfSteel"}],"is_trial":false,"path_per_floor":["M","M","M","M","$","R","E","M","T","E","$","R","$","?","R","B",null,"M","M","?","$","?","R","E","M","T","$","R","E","$","E","R","B",null,"M","$","?","?","M","R","E","R","T","$","R","E","?","E","R","B","B",null],"character_chosen":"THE_SILENT","items_purchased":["Noxious Fumes","Bouncing Flask","Membership Card","Catalyst"],"campfire_rested":2,"item_purchase_floors":[5,11,36,44],"current_hp_per_floor":[59,47,37,37,37,37,37,37,37,37,37,37,37,42,42,14,57,50,35,35,35,71,71,71,47,47,62,62,48,63,68,68,53,70,62,76,76,76,52,52,9,31,45,60,60,29,90,58,85,48,16],"gold":69,"neow_bonus":"BOSS_RELIC","is_daily":false,"chose_seed":false,"campfire_upgraded":8,"win_rate":0.0,"timestamp":1610187812,"path_taken":["M","M","M","M","$","R","E","M","T","E","?","R","$","?","R","BOSS","M","M","?","$","?","R","E","?","T","$","R","E","?","E","R","BOSS","M","$","?","?","M","R","E","R","T","$","R","E","?","E","R","BOSS","BOSS"],"items_purchased_type":["Card","Card","Relic","Card"],"build_version":"2020-12-22","purchased_purges":2,"victory":true,"max_hp_per_floor":[66,66,66,66,66,66,66,66,66,66,66,66,66,71,71,71,71,71,71,71,71,71,71,71,71,71,71,71,71,71,76,76,76,76,76,76,76,76,76,76,76,76,90,90,90,90,90,90,90,90,90],"relic_stats":{"counters":[22,91],"Letter Opener":[240],"Question Card":2,"Boot":[5],"Ornamental Fan":[124],"Gambling Chip":[22],"Pantograph":38,"Snecko Eye":[106,120,121,105],"Pandora\u0027s Box":["Infinite Blades","Underhanded Strike","Adrenaline","Night Terror","Dash","Well Laid Plans","Footwork","Tools of the Trade","Finisher","Burst"],"MealTicket":59,"Art of War":[14],"obtain_stats":[{"Mango":43,"Letter Opener":10,"Question Card":41,"Boot":48,"WristBlade":34,"Ornamental Fan":9,"Gambling Chip":29,"Pantograph":31,"Snecko Eye":17,"Pandora\u0027s Box":0,"MealTicket":24,"Molten Egg 2":26,"Art of War":7,"Red Mask":37,"Membership Card":36,"Toy Ornithopter":46,"Ring of the Snake":0},{"Mango":18,"Letter Opener":7,"Question Card":18,"Boot":20,"WristBlade":15,"Ornamental Fan":6,"Gambling Chip":13,"Pantograph":14,"Snecko Eye":8,"Pandora\u0027s Box":0,"MealTicket":11,"Molten Egg 2":12,"Art of War":5,"Red Mask":16,"Membership Card":16,"Toy Ornithopter":19,"Ring of the Snake":0},{"Mango":71,"Letter Opener":19,"Question Card":71,"Boot":81,"WristBlade":56,"Ornamental Fan":17,"Gambling Chip":43,"Pantograph":48,"Snecko Eye":28,"Pandora\u0027s Box":0,"MealTicket":37,"Molten Egg 2":40,"Art of War":13,"Red Mask":59,"Membership Card":59,"Toy Ornithopter":78,"Ring of the Snake":0}],"Toy Ornithopter":10},"card_choices":[{"not_picked":["Sucker Punch","Outmaneuver"],"picked":"Blade Dance","floor":1.0},{"not_picked":["Backflip","Dodge and Roll"],"picked":"Crippling Poison","floor":2.0},{"not_picked":["Quick Slash","Backflip"],"picked":"Dagger Spray","floor":3.0},{"not_picked":["Underhanded Strike","Concentrate"],"picked":"Escape Plan","floor":4.0},{"not_picked":["Prepared","Expertise","Acrobatics"],"picked":"SKIP","floor":7.0},{"not_picked":["Reflex","Quick Slash","Acrobatics"],"picked":"SKIP","floor":8.0},{"not_picked":["Bane","Blur","Riddle With Holes"],"picked":"SKIP","floor":10.0},{"not_picked":["Phantasmal Killer","Unload"],"picked":"Die Die Die","floor":16.0},{"not_picked":["Reflex","Blur"],"picked":"Cloak And Dagger","floor":18.0},{"not_picked":["Flying Knee","Finisher","Prepared"],"picked":"SKIP","floor":19.0},{"not_picked":["Flying Knee+1","Infinite Blades","Flechettes"],"picked":"SKIP","floor":24.0},{"not_picked":["Cloak And Dagger","Setup","Skewer"],"picked":"SKIP","floor":25.0},{"not_picked":["Adrenaline","Dagger Spray+1"],"picked":"PiercingWail","floor":29.0},{"not_picked":["Riddle With Holes+1","Cloak And Dagger","Bane+1"],"picked":"SKIP","floor":31.0},{"not_picked":["Venomology","Envenom"],"picked":"Glass Knife+1","floor":33},{"not_picked":["Underhanded Strike+1","Caltrops"],"picked":"PiercingWail+1","floor":35},{"not_picked":["Deadly Poison","Well Laid Plans"],"picked":"Acrobatics","floor":39},{"not_picked":["Deflect","Cloak And Dagger","Tactician"],"picked":"SKIP","floor":41},{"not_picked":["Acrobatics","Predator+1","Bane+1"],"picked":"Corpse Explosion","floor":46},{"not_picked":["Deadly Poison","Escape Plan+1","Underhanded Strike+1"],"picked":"Crippling Poison+1","floor":48}],"player_experience":65262,"relics_obtained":[{"floor":7.0,"key":"Art of War"},{"floor":9.0,"key":"Ornamental Fan"},{"floor":10.0,"key":"Letter Opener"},{"floor":24.0,"key":"MealTicket"},{"floor":26.0,"key":"Molten Egg 2"},{"floor":29.0,"key":"Gambling Chip"},{"floor":31.0,"key":"Pantograph"},{"floor":41,"key":"Question Card"},{"floor":43,"key":"Mango"},{"floor":46,"key":"Toy Ornithopter"},{"floor":48,"key":"Boot"}],"event_choices":[{"damage_healed":0.0,"max_hp_gain":5.0,"max_hp_loss":0.0,"gold_gain":0.0,"event_name":"Big Fish","player_choice":"Donut","floor":14.0,"gold_loss":0.0,"damage_taken":0.0},{"cards_removed":["Tools of the Trade"],"damage_healed":0.0,"max_hp_gain":0.0,"max_hp_loss":0.0,"gold_gain":0.0,"event_name":"Back to Basics","player_choice":"Elegance","floor":20.0,"gold_loss":0.0,"damage_taken":0.0},{"cards_removed":["Infinite Blades"],"damage_healed":36.0,"max_hp_gain":0.0,"max_hp_loss":0.0,"gold_gain":0.0,"event_name":"Bonfire Elementals","player_choice":"Offered Uncommon","floor":22.0,"gold_loss":0.0,"damage_taken":0.0},{"damage_healed":0,"gold_gain":0,"player_choice":"Paid","damage_taken":0,"relics_obtained":["Red Mask"],"max_hp_gain":0,"max_hp_loss":0,"event_name":"Tomb of Lord Red Mask","floor":37,"gold_loss":62},{"damage_healed":0,"gold_gain":0,"player_choice":"Memory 1","damage_taken":0,"max_hp_gain":0,"max_hp_loss":0,"event_name":"SensoryStone","floor":38,"gold_loss":0},{"damage_healed":61,"gold_gain":0,"player_choice":"Heal","damage_taken":0,"max_hp_gain":0,"max_hp_loss":0,"event_name":"MindBloom","floor":47,"gold_loss":0,"cards_obtained":["Doubt"]}],"is_beta":false,"boss_relics":[{"not_picked":["Velvet Choker","Sozu"],"picked":"Snecko Eye"},{"not_picked":["Tiny House","SacredBark"],"picked":"WristBlade"}],"items_purged_floors":[5,21],"is_endless":false,"potions_floor_spawned":[2,8,10,16,25,29,31,33,35,39,48],"ascension_level":20}}