{"host":"ct28ocsd8g8yr2ah","time":1610189585,"event":{"mods":["BaseMod","Better Third Choice","Hermit","Marisa????????","Minty Spire (QoL Compilation)","Remilia??????","StSLib","The Animator","The Gatherer","The Servant 0.9.4","Waifu the Spire"],"gold_per_floor":[109,109,0,16,16,16,50,69,69,86,114,114,39,50,50,152,152,171,171,1,17,33,33,33,33,33,33,53,53,72,72,72,177,227,245,245,263,281,16,16,16],"floor_reached":40,"playtime":1255,"items_purged":["hermit:Strike_Hermit","hermit:Strike_Hermit"],"score":444,"play_id":"16c2622d-6a76-45ef-a8d7-f54e108c96d7","local_time":"20210109155305","is_ascension_mode":true,"campfire_choices":[{"data":"hermit:Determination","floor":6,"key":"SMITH"},{"data":"hermit:FromBeyond","floor":12,"key":"SMITH"},{"data":"hermit:PistolWhip","floor":15,"key":"SMITH"},{"floor":23,"key":"REST"},{"floor":25,"key":"REST"},{"data":"hermit:PistolWhip","floor":27,"key":"SMITH"},{"floor":32,"key":"REST"}],"circlet_count":0,"master_deck":["hermit:Defend_Hermit","hermit:Defend_Hermit","hermit:Defend_Hermit","hermit:Defend_Hermit+1","hermit:Snapshot","hermit:Covet","hermit:Quickdraw","hermit:Determination+1","Enlightenment","hermit:PistolWhip+1","hermit:Horror","hermit:FromBeyond+1","hermit:Horror","hermit:Ricochet","hermit:RoundhouseKick","hermit:FlashPowder+1","hermit:PistolWhip+1","hermit:Brawl","hermit:GoldenBullet","hermit:HighCaliber+1","hermit:Coalescence","hermit:Reprieve","hermit:GoldenBullet","hermit:Headshot+1","hermit:Horror","hermit:Determination"],"relics":["hermit:Momento","NeowsBlessing","Kunai","White Beast Statue","Gambling Chip","Philosopher\u0027s Stone","MutagenicStrength","Shuriken","Tiny House","Mummified Hand","Omamori"],"acts_visited":["Exordium","TheCity","TheBeyond"],"potions_floor_usage":[11,11,16,16,31,33,33,40,40,40],"damage_taken":[{"damage":0,"enemies":"Small Slimes","floor":1,"turns":1},{"damage":0,"enemies":"Jaw Worm","floor":4,"turns":1},{"damage":0,"enemies":"Gremlin Nob","floor":7,"turns":1},{"damage":0,"enemies":"2 Louse","floor":8,"turns":2},{"damage":0,"enemies":"Exordium Wildlife","floor":10,"turns":3},{"damage":31,"enemies":"3 Sentries","floor":11,"turns":7},{"damage":0,"enemies":"Red Slaver","floor":14,"turns":4},{"damage":24,"enemies":"The Guardian","floor":16,"turns":6},{"damage":20,"enemies":"2 Thieves","floor":18,"turns":3},{"damage":0,"enemies":"Chosen","floor":21,"turns":4},{"damage":55,"enemies":"Sentry and Sphere","floor":22,"turns":6},{"damage":14,"enemies":"Snecko","floor":28,"turns":4},{"damage":13,"enemies":"3 Cultists","floor":30,"turns":4},{"damage":0,"enemies":"Centurion and Healer","floor":31,"turns":1},{"damage":33,"enemies":"Collector","floor":33,"turns":5},{"damage":55,"enemies":"3 Darklings","floor":35,"turns":7},{"damage":8,"enemies":"Orb Walker","floor":37,"turns":2},{"damage":12,"enemies":"Maw","floor":38,"turns":6},{"damage":18,"enemies":"Giant Head","floor":40,"turns":5}],"seed_played":"3341475111409895413","potions_obtained":[{"floor":4,"key":"LiquidBronze"},{"floor":8,"key":"SmokeBomb"},{"floor":10,"key":"SkillPotion"},{"floor":11,"key":"hermit:BlackBile"},{"floor":14,"key":"SkillPotion"},{"floor":16,"key":"Strength Potion"},{"floor":18,"key":"FearPotion"},{"floor":33,"key":"Energy Potion"},{"floor":34,"key":"BlessingOfTheForge"},{"floor":35,"key":"Weak Potion"}],"is_trial":false,"path_per_floor":["M","?","?","M","?","R","E","M","T","M","E","R","$","M","R","B",null,"M","?","$","M","M","R","?","R","T","R","M","$","M","M","R","B",null,"M","T","M","M","$","E"],"character_chosen":"HERMIT","items_purchased":["hermit:Brawl","hermit:Horror","hermit:Determination","Omamori"],"campfire_rested":3,"item_purchase_floors":[20,39,39,39],"current_hp_per_floor":[75,75,81,81,74,74,74,74,74,74,43,43,43,43,43,19,81,61,61,61,61,6,30,30,54,54,54,40,40,27,27,51,18,86,31,31,27,15,15,0,0],"gold":16,"neow_bonus":"THREE_ENEMY_KILL","is_daily":false,"chose_seed":false,"campfire_upgraded":4,"win_rate":0.0,"timestamp":1610189585,"path_taken":["M","?","?","M","?","R","E","M","T","M","E","R","?","M","R","BOSS","M","?","$","M","M","R","?","R","T","R","M","?","M","M","R","BOSS","M","?","?","?","$","E"],"items_purchased_type":["Card","Card","Card","Relic"],"build_version":"2020-12-22","purchased_purges":2,"victory":false,"max_hp_per_floor":[75,75,81,81,81,81,81,81,81,81,81,81,81,81,81,81,81,81,81,81,81,81,81,81,81,81,81,81,81,81,81,81,81,86,86,86,86,86,86,86,86],"card_choices":[{"not_picked":["hermit:TrackingShot","hermit:Coalescence"],"picked":"hermit:Quickdraw","floor":1},{"not_picked":["hermit:TrackingShot","hermit:Roulette","hermit:Desperado"],"picked":"SKIP","floor":4},{"not_picked":["hermit:Dissolve","hermit:Glare"],"picked":"hermit:PistolWhip","floor":7},{"not_picked":["hermit:Roulette","hermit:Desperado"],"picked":"hermit:Horror","floor":8},{"not_picked":["hermit:HoleUp","hermit:Enervate"],"picked":"hermit:FromBeyond","floor":10},{"not_picked":["hermit:TakeAim","hermit:Desperado"],"picked":"hermit:Horror","floor":11},{"not_picked":["hermit:TakeCover","hermit:Quickdraw"],"picked":"hermit:Ricochet","floor":14},{"not_picked":["hermit:HighNoon","hermit:Dissolve"],"picked":"hermit:RoundhouseKick","floor":16},{"not_picked":["hermit:HoleUp","hermit:Showdown","hermit:FlashPowder+1"],"picked":"SKIP","floor":18},{"not_picked":["hermit:HoleUp","hermit:Showdown"],"picked":"hermit:FlashPowder+1","floor":18},{"not_picked":["hermit:HoleUp+1","hermit:Ricochet"],"picked":"hermit:GoldenBullet","floor":21},{"not_picked":["hermit:Feint","hermit:Vantage+1"],"picked":"hermit:HighCaliber+1","floor":22},{"not_picked":["hermit:TrackingShot","hermit:HighCaliber"],"picked":"hermit:Coalescence","floor":28},{"not_picked":["hermit:Manifest","hermit:Malice","hermit:HoleUp"],"picked":"SKIP","floor":30},{"not_picked":["hermit:Dissolve","hermit:FatalDesire"],"picked":"hermit:Reprieve","floor":33},{"not_picked":["hermit:Coalescence+1","hermit:NoHoldsBarred"],"picked":"hermit:GoldenBullet","floor":34},{"not_picked":["hermit:Shortfuse","hermit:CalledShot","hermit:TakeCover+1"],"picked":"SKIP","floor":35},{"not_picked":["hermit:LoneWolf","hermit:DeadMansHand+1","hermit:Glare"],"picked":"SKIP","floor":37},{"not_picked":["hermit:HoleUp","hermit:Roulette"],"picked":"hermit:Headshot+1","floor":38}],"player_experience":499879,"relics_obtained":[{"floor":7,"key":"Kunai"},{"floor":9,"key":"White Beast Statue"},{"floor":11,"key":"Gambling Chip"},{"floor":26,"key":"Shuriken"},{"floor":36,"key":"Mummified Hand"}],"event_choices":[{"damage_healed":0,"gold_gain":0,"cards_transformed":["hermit:Strike_Hermit"],"player_choice":"Change","damage_taken":0,"max_hp_gain":0,"max_hp_loss":0,"event_name":"Living Wall","floor":2,"gold_loss":0,"cards_obtained":["hermit:Determination"]},{"damage_healed":0,"gold_gain":0,"player_choice":"RENOUNCE","damage_taken":109,"max_hp_gain":0,"max_hp_loss":0,"event_name":"betterThird:BetterSerpent","floor":3,"gold_loss":109,"cards_obtained":["Enlightenment"]},{"cards_removed":["hermit:Strike_Hermit"],"damage_healed":0,"gold_gain":0,"player_choice":"Card Removal","damage_taken":7,"max_hp_gain":0,"max_hp_loss":0,"event_name":"Golden Wing","floor":5,"gold_loss":0},{"damage_healed":0,"gold_gain":0,"player_choice":"Read","damage_taken":0,"max_hp_gain":0,"max_hp_loss":0,"event_name":"The Library","floor":19,"gold_loss":0,"cards_obtained":["hermit:PistolWhip"]},{"damage_healed":0,"gold_gain":0,"player_choice":"Inject Mutagens","damage_taken":0,"relics_obtained":["MutagenicStrength"],"max_hp_gain":0,"max_hp_loss":0,"event_name":"Drug Dealer","floor":24,"gold_loss":0}],"is_beta":false,"boss_relics":[{"not_picked":["Runic Pyramid","Coffee Dripper"],"picked":"Philosopher\u0027s Stone"},{"not_picked":["Busted Crown","SacredBark"],"picked":"Tiny House"}],"items_purged_floors":[13,20],"is_endless":false,"potions_floor_spawned":[4,8,10,11,14,16,18,21,22,28,30,31,33,35,37,38],"killed_by":"Giant Head","ascension_level":1}}