{"host":"6749gst1gzuv21qf","time":1610156706,"event":{"mods":["Aspiration","BaseMod","Better Altar","Better Match","Better Note","Better Sensory Stone","Better Skull","Better Third Choice","BetterRewards","Colored Map","Colored Powertips","Downfall","Highlight Path","Minty Spire (QoL Compilation)","Permanent Neow","Replay The Spire","Shop Mod","Spicy Shops","StSLib","The Cursed","Wandering Minibosses"],"gold_per_floor":[209,220,239,256,268,298,322,343,368,391,41,141,163,163,181,193,193,193],"floor_reached":16,"playtime":1473,"items_purged":[],"score":108,"play_id":"53194f5a-d807-4b9d-9001-85e2d91c2537","local_time":"20210108204506","is_ascension_mode":false,"campfire_choices":[],"circlet_count":0,"master_deck":["Slimebound:Strike_Slimebound","Slimebound:Strike_Slimebound","Slimebound:Strike_Slimebound+1","Slimebound:Defend_Slimebound","Slimebound:Defend_Slimebound","Slimebound:Defend_Slimebound","Slimebound:Split","Slimebound:CorrosiveSpit","Slimebound:Prepare","Slimebound:HauntingLick","Slimebound:RollThrough+1","Slimebound:LeechingTouch","Slimebound:Overexert","Slimebound:GrowthPunch","Slimebound:ViciousTackle","Slimebound:ProtectTheBoss","Slimebound:Schlurp","Slimebound:SplitAcid+1","Slimebound:SlimeTap","Slimebound:SplitSpecialist","Apotheosis+1","Slimebound:Chomp","Slimebound:LeechingTouch","Regret","Slimebound:Schlurp"],"relics":["Slimebound:AbsorbEndCombat","Blue Doll","Replay:Bandana","Slimebound:SelfDamagePreventRelic"],"acts_visited":["Exordium"],"potions_floor_usage":[6,16,16,16],"damage_taken":[{"damage":10,"enemies":"Jaw Worm","floor":2,"turns":3},{"damage":4,"enemies":"Small Slimes","floor":3,"turns":4},{"damage":14,"enemies":"Cultist","floor":4,"turns":4},{"damage":48,"enemies":"2 Fungi Beasts","floor":5,"turns":9},{"damage":17,"enemies":"3 Sentries","floor":6,"turns":5},{"damage":4,"enemies":"Exordium Wildlife","floor":8,"turns":4},{"damage":26,"enemies":"Exordium Thugs","floor":9,"turns":5},{"damage":10,"enemies":"Large Slime","floor":10,"turns":5},{"damage":12,"enemies":"downfall:FleeingMerchant","floor":11,"turns":4},{"damage":15,"enemies":"Blue Slaver","floor":13,"turns":3},{"damage":23,"enemies":"3 Louse","floor":15,"turns":2},{"damage":73,"enemies":"downfall:Defect","floor":16,"turns":6}],"seed_played":"7943412208032445083","potions_obtained":[{"floor":3,"key":"Strength Potion"},{"floor":6,"key":"CultistPotion"},{"floor":8,"key":"LiquidMemories"},{"floor":13,"key":"SpeedPotion"}],"is_trial":false,"path_per_floor":["R_BF","M","M","M","M","E","T","M","M","M","$","?","M","?","M","B"],"character_chosen":"SLIMEBOUND","items_purchased":["Apotheosis+1","Slimebound:Chomp","Slimebound:SelfDamagePreventRelic"],"campfire_rested":0,"item_purchase_floors":[11,11,11],"current_hp_per_floor":[36,42,54,48,24,23,23,31,29,43,47,47,52,52,49,0,0,0],"gold":193,"neow_bonus":"TRANSFORM_TWO_CARDS","is_daily":false,"chose_seed":false,"campfire_upgraded":0,"win_rate":0.0,"timestamp":1610156706,"path_taken":["R_BF","M","?","M","M","E","T","M","M","M","$","?","M","?","M","BOSS"],"items_purchased_type":["Card","Card","Relic"],"build_version":"2020-12-22","purchased_purges":0,"victory":false,"max_hp_per_floor":[60,60,60,60,60,60,60,60,60,60,60,60,60,60,60,60,60,60],"card_choices":[{"not_picked":["Slimebound:GoopSpray","Slimebound:GrowthPunch"],"picked":"Slimebound:RollThrough","floor":1},{"not_picked":["Slimebound:Schlurp","Slimebound:PressTheAttack"],"picked":"Slimebound:LeechingTouch","floor":2},{"not_picked":["Slimebound:SplitBruiser","Slimebound:SamplingLick"],"picked":"Slimebound:Overexert","floor":3},{"not_picked":["Slimebound:RollThrough","Slimebound:LeechEnergy"],"picked":"Slimebound:GrowthPunch","floor":4},{"not_picked":["Slimebound:ItLooksTasty","Slimebound:SlimeSpikes"],"picked":"Slimebound:ViciousTackle","floor":5},{"not_picked":["Slimebound:Dissolve","Slimebound:SlimeTap"],"picked":"Slimebound:ProtectTheBoss","floor":6},{"not_picked":["Slimebound:DivideAndConquer","Slimebound:PressTheAttack"],"picked":"Slimebound:Schlurp","floor":8},{"not_picked":["Slimebound:LeechingTouch","Slimebound:SlimeSpikes"],"picked":"Slimebound:SplitAcid","floor":9},{"not_picked":["Slimebound:Dissolve","Slimebound:DivideAndConquer"],"picked":"Slimebound:SlimeTap","floor":10},{"not_picked":["Slimebound:RejuvenatingLick","Slimebound:SplitMire"],"picked":"Slimebound:SplitSpecialist","floor":11},{"not_picked":["Slimebound:SlimeSpikes","Slimebound:TongueLash"],"picked":"Slimebound:LeechingTouch","floor":13},{"not_picked":["Slimebound:FinishingTackle","Slimebound:Chomp"],"picked":"Slimebound:Schlurp","floor":15}],"player_experience":577424,"relics_obtained":[{"floor":6,"key":"Blue Doll"},{"floor":7,"key":"Replay:Bandana"}],"event_choices":[],"is_beta":false,"boss_relics":[],"items_purged_floors":[],"is_endless":false,"potions_floor_spawned":[3,6,8,13],"killed_by":"downfall:Defect","ascension_level":0}}