{"host":"9pqy5lt7vda52ebm","time":1610210841,"event":{"mods":["BaseMod","Minty Spire (QoL Compilation)","Optimize The Spire","Quick Restart","StSLib","The Evolution"],"gold_per_floor":[110,129,79,91,105,138,138,172,184,230,242,265,311,334,346,462,474,502,542,139,139,150,180,180,180,226,226,240,275,275,20,20,119,119,135,150,150,170,183,215,53,78,78,78,127,127,127,155,155,155],"floor_reached":51,"playtime":14340,"items_purged":["evolutionmod:StrikeEvo","evolutionmod:StrikeEvo","evolutionmod:StrikeEvo"],"score":1452,"play_id":"f193ec4b-cc0a-496f-8e88-5d0775d19c6f","local_time":"20210109114721","is_ascension_mode":true,"campfire_choices":[{"data":"evolutionmod:PegasusDescent","floor":7.0,"key":"SMITH"},{"floor":11.0,"key":"REST"},{"data":"evolutionmod:LoyalCompanion","floor":15.0,"key":"SMITH"},{"data":"evolutionmod:CalmTheWaters","floor":24.0,"key":"SMITH"},{"data":"evolutionmod:Aegis2","floor":27.0,"key":"SMITH"},{"data":"evolutionmod:NightMare","floor":32.0,"key":"SMITH"},{"data":"evolutionmod:Strengthen","floor":44.0,"key":"SMITH"},{"data":"evolutionmod:DrainMana","floor":47.0,"key":"SMITH"},{"data":"evolutionmod:GodForm","floor":49.0,"key":"SMITH"}],"circlet_count":0,"master_deck":["AscendersBane","evolutionmod:LoyalWarrior","evolutionmod:StrikeEvo","evolutionmod:LoyalCompanion+1","evolutionmod:DefendEvo","evolutionmod:DefendEvo","evolutionmod:DefendEvo","evolutionmod:Charm","evolutionmod:CrystalShard","evolutionmod:PegasusDescent+1","evolutionmod:ChannelMagic","evolutionmod:NightMare+1","evolutionmod:HumanForm","evolutionmod:Salamander","evolutionmod:TalonStrike","evolutionmod:Aegis2+1","evolutionmod:Barkskin","evolutionmod:Aphrodisiac+1","evolutionmod:Aphrodisiac","evolutionmod:Dive","evolutionmod:Shrink","evolutionmod:DrainMana+1","evolutionmod:CalmTheWaters+1","evolutionmod:TalonStrike","evolutionmod:Antidote+1","evolutionmod:GodForm+1","evolutionmod:PlayingRough","evolutionmod:Strengthen+1","evolutionmod:TalonStrike+1","evolutionmod:Phoenix"],"relics":["evolutionmod:TorisGift","Orichalcum","Bottled Lightning","MawBank","Bottled Flame","TungstenRod","Meat on the Bone","Coffee Dripper","Red Mask","HornCleat","Pen Nib","Bag of Preparation","Anchor","Mummified Hand","Happy Flower","Busted Crown","InkBottle","White Beast Statue","Omamori","CaptainsWheel","Thread and Needle"],"acts_visited":["Exordium","TheCity","TheBeyond"],"potions_floor_usage":[],"damage_taken":[{"damage":14.0,"enemies":"Jaw Worm","floor":1.0,"turns":4.0},{"damage":6.0,"enemies":"2 Louse","floor":2.0,"turns":3.0},{"damage":0.0,"enemies":"Small Slimes","floor":4.0,"turns":3.0},{"damage":9.0,"enemies":"Gremlin Gang","floor":5.0,"turns":5.0},{"damage":12.0,"enemies":"Lagavulin","floor":6.0,"turns":6.0},{"damage":8.0,"enemies":"3 Sentries","floor":8.0,"turns":3.0},{"damage":9.0,"enemies":"Gremlin Nob","floor":10.0,"turns":5.0},{"damage":0.0,"enemies":"2 Fungi Beasts","floor":12.0,"turns":2.0},{"damage":5.0,"enemies":"Lagavulin","floor":13.0,"turns":7.0},{"damage":0.0,"enemies":"Blue Slaver","floor":14.0,"turns":5.0},{"damage":15.0,"enemies":"Hexaghost","floor":16.0,"turns":11.0},{"damage":0.0,"enemies":"Chosen","floor":18.0,"turns":5.0},{"damage":21.0,"enemies":"Masked Bandits","floor":19.0,"turns":5.0},{"damage":23.0,"enemies":"2 Thieves","floor":22.0,"turns":4.0},{"damage":0.0,"enemies":"Book of Stabbing","floor":23.0,"turns":7.0},{"damage":0.0,"enemies":"Shelled Parasite and Fungi","floor":28.0,"turns":6.0},{"damage":0.0,"enemies":"Gremlin Leader","floor":29.0,"turns":10.0},{"damage":0.0,"enemies":"Collector","floor":33.0,"turns":10.0},{"damage":0.0,"enemies":"Orb Walker","floor":35.0,"turns":4.0},{"damage":0.0,"enemies":"3 Shapes","floor":36.0,"turns":4.0},{"damage":0.0,"enemies":"Sphere and 2 Shapes","floor":38.0,"turns":6.0},{"damage":0.0,"enemies":"Jaw Worm Horde","floor":39.0,"turns":6.0},{"damage":0.0,"enemies":"Reptomancer","floor":40.0,"turns":6.0},{"damage":2.0,"enemies":"Nemesis","floor":42.0,"turns":7.0},{"damage":19.0,"enemies":"2 Orb Walkers","floor":45.0,"turns":6.0},{"damage":0.0,"enemies":"Giant Head","floor":48.0,"turns":8.0},{"damage":0,"enemies":"Donu and Deca","floor":50,"turns":9}],"seed_played":"5823377586081442433","potions_obtained":[{"floor":2.0,"key":"GamblersBrew"},{"floor":6.0,"key":"EntropicBrew"},{"floor":8.0,"key":"SkillPotion"},{"floor":12.0,"key":"Dexterity Potion"},{"floor":19.0,"key":"Block Potion"},{"floor":29.0,"key":"Swift Potion"},{"floor":42.0,"key":"AttackPotion"},{"floor":46.0,"key":"EntropicBrew"},{"floor":46.0,"key":"FearPotion"}],"is_trial":false,"path_per_floor":["M","M","?","M","M","E","R","E","T","E","R","M","E","M","R","B",null,"M","?","$","?","M","E","R","?","T","R","M","E","T","$","R","B",null,"M","M","?","M","M","E","$","E","T","R","?","?","R","E","R","B",null],"character_chosen":"EVOLUTION_CLASS","items_purchased":["evolutionmod:Aphrodisiac","HornCleat","evolutionmod:Dive","Happy Flower","evolutionmod:Phoenix"],"campfire_rested":1,"item_purchase_floors":[20,20,20,31,41],"current_hp_per_floor":[55,49,49,49,40,28,28,20,20,11,34,34,29,41,41,38,67,67,46,46,46,35,47,47,47,47,47,47,47,47,47,47,47,70,70,70,75,75,75,75,75,73,73,73,54,54,54,54,54,54],"gold":155,"neow_bonus":"RANDOM_COMMON_RELIC","is_daily":false,"chose_seed":false,"campfire_upgraded":8,"win_rate":0.0,"timestamp":1610210841,"path_taken":["M","M","?","M","M","E","R","E","T","E","R","M","E","M","R","BOSS","M","?","$","?","M","E","R","?","T","R","M","E","?","$","R","BOSS","M","M","?","?","M","E","$","E","T","R","?","?","R","E","R","BOSS"],"items_purchased_type":["Card","Relic","Card","Relic","Card"],"build_version":"2020-12-22","purchased_purges":3,"victory":true,"max_hp_per_floor":[77,77,77,77,77,77,77,77,77,77,77,77,77,77,77,77,77,77,77,77,77,77,77,77,77,77,77,77,77,77,77,77,77,77,77,77,77,77,77,77,77,77,77,77,77,77,77,77,77,77],"card_choices":[{"not_picked":["evolutionmod:Battleborn","evolutionmod:ChimeraDefense"],"picked":"evolutionmod:Charm","floor":1.0},{"not_picked":["evolutionmod:DrainMana","evolutionmod:Charm"],"picked":"evolutionmod:CrystalShard","floor":2.0},{"not_picked":["evolutionmod:CrystalShard","evolutionmod:CrystalStone"],"picked":"evolutionmod:ClawSlash","floor":4.0},{"not_picked":["evolutionmod:ShiftingGuard","evolutionmod:ClawSlash"],"picked":"evolutionmod:PegasusDescent","floor":5.0},{"not_picked":["evolutionmod:FlameStrike","evolutionmod:CrystalStone"],"picked":"evolutionmod:ChannelMagic","floor":6.0},{"not_picked":["evolutionmod:FlameStrike","evolutionmod:HeavyKick"],"picked":"evolutionmod:NightMare","floor":8.0},{"not_picked":["evolutionmod:PlayingRough","evolutionmod:CrystalStone"],"picked":"evolutionmod:HumanForm","floor":10.0},{"not_picked":["evolutionmod:Charm","evolutionmod:FlameStrike","evolutionmod:DrainMana"],"picked":"SKIP","floor":12.0},{"not_picked":["evolutionmod:SpiderBite","evolutionmod:HumanForm"],"picked":"evolutionmod:Salamander","floor":13.0},{"not_picked":["evolutionmod:Hivemind","evolutionmod:PoisonFangs"],"picked":"evolutionmod:TalonStrike","floor":14.0},{"not_picked":["evolutionmod:Absorption","evolutionmod:Grow"],"picked":"evolutionmod:Aegis2","floor":16.0},{"not_picked":["evolutionmod:CrystalStone","evolutionmod:Charm"],"picked":"evolutionmod:Barkskin","floor":18.0},{"not_picked":["evolutionmod:HeightenedSenses","evolutionmod:CalmTheWaters"],"picked":"evolutionmod:Aphrodisiac+1","floor":19.0},{"not_picked":["evolutionmod:ChimeraStrike","evolutionmod:ShiftingStrike"],"picked":"evolutionmod:DrainMana","floor":22.0},{"not_picked":["evolutionmod:Barkskin","evolutionmod:Hatch"],"picked":"evolutionmod:CalmTheWaters","floor":23.0},{"not_picked":["evolutionmod:StripArmor","evolutionmod:ClawSlash"],"picked":"evolutionmod:TalonStrike","floor":28.0},{"not_picked":["evolutionmod:CrystalStone","evolutionmod:ClawSlash"],"picked":"evolutionmod:Antidote+1","floor":29.0},{"not_picked":["evolutionmod:Seduce","evolutionmod:Frenzy"],"picked":"evolutionmod:GodForm","floor":33.0},{"not_picked":[],"picked":"evolutionmod:PlayingRough","floor":35.0},{"not_picked":["evolutionmod:SpiderBite"],"picked":"SKIP","floor":36.0},{"not_picked":["evolutionmod:FlameStrike+1"],"picked":"SKIP","floor":38.0},{"not_picked":[],"picked":"evolutionmod:Strengthen","floor":39.0},{"not_picked":[],"picked":"evolutionmod:TalonStrike+1","floor":40.0},{"not_picked":["evolutionmod:CrystalShard+1"],"picked":"SKIP","floor":42.0},{"not_picked":["evolutionmod:TheNight"],"picked":"SKIP","floor":48.0}],"player_experience":813721,"relics_obtained":[{"floor":6.0,"key":"Bottled Lightning"},{"floor":8.0,"key":"MawBank"},{"floor":9.0,"key":"Bottled Flame"},{"floor":10.0,"key":"TungstenRod"},{"floor":13.0,"key":"Meat on the Bone"},{"floor":19.0,"key":"Red Mask"},{"floor":23.0,"key":"Pen Nib"},{"floor":26.0,"key":"Bag of Preparation"},{"floor":29.0,"key":"Anchor"},{"floor":30.0,"key":"Mummified Hand"},{"floor":40.0,"key":"InkBottle"},{"floor":42.0,"key":"White Beast Statue"},{"floor":43.0,"key":"Omamori"},{"floor":45.0,"key":"CaptainsWheel"},{"floor":48.0,"key":"Thread and Needle"}],"event_choices":[{"cards_removed":["evolutionmod:DefendEvo"],"damage_healed":0.0,"max_hp_gain":0.0,"max_hp_loss":0.0,"gold_gain":0.0,"event_name":"The Cleric","player_choice":"Card Removal","floor":3.0,"gold_loss":50.0,"damage_taken":0.0},{"damage_healed":0.0,"max_hp_gain":0.0,"max_hp_loss":0.0,"gold_gain":0.0,"event_name":"Masked Bandits","player_choice":"Fought Bandits","floor":19.0,"gold_loss":0.0,"damage_taken":0.0},{"damage_healed":0.0,"max_hp_gain":0.0,"max_hp_loss":0.0,"gold_gain":0.0,"event_name":"The Library","player_choice":"Read","floor":21.0,"gold_loss":0.0,"damage_taken":0.0,"cards_obtained":["evolutionmod:Shrink"]},{"damage_healed":0.0,"max_hp_gain":0.0,"max_hp_loss":0.0,"gold_gain":0.0,"event_name":"Vampires","player_choice":"Ignored","floor":25.0,"gold_loss":0.0,"damage_taken":0.0},{"cards_removed":["evolutionmod:ClawSlash"],"damage_healed":5.0,"max_hp_gain":0.0,"max_hp_loss":0.0,"gold_gain":0.0,"event_name":"Bonfire Elementals","player_choice":"Offered Common","floor":37.0,"gold_loss":0.0,"damage_taken":0.0},{"cards_removed":["evolutionmod:ClawSlash"],"damage_healed":5.0,"max_hp_gain":0.0,"max_hp_loss":0.0,"gold_gain":0.0,"event_name":"Bonfire Elementals","player_choice":"Offered Special","floor":37.0,"gold_loss":0.0,"damage_taken":0.0},{"damage_healed":0.0,"max_hp_gain":0.0,"max_hp_loss":0.0,"gold_gain":0.0,"event_name":"Mysterious Sphere","player_choice":"Fight","floor":45.0,"gold_loss":0.0,"damage_taken":0.0},{"damage_healed":0.0,"max_hp_gain":0.0,"max_hp_loss":0.0,"gold_gain":0.0,"event_name":"Lab","player_choice":"Got Potions","floor":46.0,"gold_loss":0.0,"damage_taken":0.0}],"is_beta":false,"boss_relics":[{"not_picked":["SlaversCollar","Velvet Choker"],"picked":"Coffee Dripper"},{"not_picked":["Pandora\u0027s Box","Empty Cage"],"picked":"Busted Crown"}],"items_purged_floors":[20,31,41],"is_endless":false,"potions_floor_spawned":[2,6,8,12,19,28,29,40,42,45,48],"ascension_level":10}}