{"host":"zyr8epy5qmtlh8g0","time":1610211698,"event":{"mods":["Arknights The Spire","BaseMod","Colored Map","Downfall","Minty Spire (QoL Compilation)","MostiFishMod","Quick Restart","Replay The Spire","Spicy Shops","StSLib","TestMod","【遗物卡牌】REMEMod","篝火指南"],"gold_per_floor":[110,110,110,110,110,122,330,362,374,402,439,477,509,547,575,134,134,235,235,248,262,279,194,194,213,240,240,240,258,258,258,278,278,278,374,374,391,82,82,82,99,99,99,374,374,392,409,427,482,502,119,119],"floor_reached":53,"playtime":1605,"items_purged":[],"score":1074,"play_id":"495abe21-4807-43d6-961d-f2334c0bb0b5","local_time":"20210110010138","is_ascension_mode":false,"campfire_choices":[{"data":"testmod-WeaknessCounterattack","floor":9,"key":"SMITH"},{"data":"ats:Rapid Magazine","floor":17,"key":"SMITH"},{"data":"ats:Durian","floor":27,"key":"SMITH"},{"data":"ats:Volcano","floor":30,"key":"SMITH"},{"data":"ats:True Silver Slash","floor":34,"key":"SMITH"},{"data":"ats:Volcano","floor":42,"key":"SMITH"}],"circlet_count":0,"master_deck":["ats:Strike C","ats:Strike G","ats:Strike S","ats:Strike V","ats:Armor Crushing Shot","ats:Defend+1","ats:Defend+1","ats:Defend+1","ats:Defend+1","ats:Emotion Absorption","testmod-WeaknessCounterattack+1","ats:Healing Drone","ats:Shadow Raid","ats:Ignite","ats:Calcification","ats:Demon Strength","ats:Powerful Strike","ats:Assault Order","ats:Poison Spread+1","ats:True Silver Slash+1","ats:Rapid Magazine+1","ats:Durian+1","ats:Powerful Strike+1","ats:Sword Rain","ats:Shadow Assault+1","ats:Shell Defense+1","ats:Blood Oath","ats:Neurotoxin","ats:Very Hot Blade+1","ats:Cat Scratch","ats:Leaping Hammer+1","ats:Volcano+1","ats:Ignite+1","ats:Chain Hook+1","ats:Consecutive Shot Auto","Necronomicurse","ats:Volcano+1","ats:Poison Spread+1","ats:Consecutive Shot Auto+1","ats:Explosion Area Strengthen","Regret","ats:Durian","ats:Support Order","ats:Flexible Camouflage","ats:Overload","ats:Roar Of Ursus","ats:Apocalypse+1","ats:Part Time Job+1","ats:LN2 Cannon+1","expansioncontent:DecasProtection"],"relics":["ats:Sanity","testmod-TestBox","DaveBox","REME_ComplimentaryCards","testmod-CardMagician","RhineSuit","NeowsBlessing","SynthV:TestCard","ats:Originium","MawBank","REME_PuzzleBoxRelic","Bronze Scales","Prayer Wheel","Replay:Bottled Eggs","HandDrill","ats:Rhine Circuitry","ats:Cure","testmod-SaigiyounoYou","Nunchaku","MutagenicStrength","Whetstone","testmod-LifeArmor","Necronomicon","PatriotShield","BranchBurnRelic","testmod-Hope","testmod-CrystalShield","ats:Ability Aura","ReplayTheSpireMod:TigerMarble"],"acts_visited":["Exordium","TheCity","TheBeyond"],"potions_floor_usage":[26,26,52,52,52],"damage_taken":[{"damage":0,"enemies":"Jaw Worm","floor":1,"turns":1},{"damage":0,"enemies":"2 Louse","floor":6,"turns":1},{"damage":0,"enemies":"3 Sentries","floor":8,"turns":2},{"damage":0,"enemies":"Cultist","floor":10,"turns":3},{"damage":22,"enemies":"Gremlin Nob","floor":12,"turns":4},{"damage":0,"enemies":"Looter","floor":13,"turns":1},{"damage":9,"enemies":"3 Sentries","floor":14,"turns":3},{"damage":0,"enemies":"2 Fungi Beasts","floor":15,"turns":2},{"damage":0,"enemies":"Slime Boss","floor":18,"turns":4},{"damage":1,"enemies":"Shell Parasite","floor":20,"turns":2},{"damage":10,"enemies":"Chosen","floor":21,"turns":2},{"damage":0,"enemies":"Snake Plant","floor":22,"turns":2},{"damage":10,"enemies":"Chosen and Byrds","floor":25,"turns":3},{"damage":22,"enemies":"Slavers","floor":26,"turns":3},{"damage":0,"enemies":"Snecko","floor":29,"turns":3},{"damage":8,"enemies":"Centurion and Healer","floor":32,"turns":2},{"damage":0,"enemies":"Collector","floor":35,"turns":3},{"damage":3,"enemies":"Orb Walker","floor":37,"turns":1},{"damage":0,"enemies":"3 Shapes","floor":41,"turns":1},{"damage":1,"enemies":"Writhing Mass","floor":46,"turns":2},{"damage":3,"enemies":"Sphere and 2 Shapes","floor":47,"turns":1},{"damage":5,"enemies":"Jaw Worm Horde","floor":48,"turns":1},{"damage":10,"enemies":"2 Orb Walkers","floor":49,"turns":2},{"damage":3,"enemies":"Transient","floor":50,"turns":5},{"damage":5,"enemies":"Donu and Deca","floor":52,"turns":4}],"seed_played":"-1908052486720926453","potions_obtained":[{"floor":1,"key":"Block Potion"},{"floor":6,"key":"ColorlessPotion"},{"floor":12,"key":"PowerPotion"},{"floor":47,"key":"champ:CounterPotion"},{"floor":49,"key":"Reflective Coating"}],"is_trial":false,"path_per_floor":["M","?","?","PTL","PTL","M","?","E","R","M","T","E","M","E","M","$","R","B",null,"M","M","M","?","?","M","E","R","T","M","R","?","M","?","R","B",null,"M","$","?","$","M","R","$","?","T","M","M","M","?","M","R_BF","B",null],"character_chosen":"DOCTOR_CLASS","items_purchased":["HandDrill","ats:Rhine Circuitry","ats:Cure","Dead Branch","ats:Ability Aura","expansioncontent:DecasProtection","ReplayTheSpireMod:TigerMarble"],"campfire_rested":0,"item_purchase_floors":[16,16,16,38,51,51,51],"current_hp_per_floor":[72,72,72,72,72,72,72,72,72,72,72,50,50,41,47,47,47,54,72,72,65,72,72,72,68,67,67,67,72,72,72,72,56,56,72,72,72,72,72,72,72,72,72,72,72,72,72,72,63,72,72,72],"gold":119,"neow_bonus":"THREE_ENEMY_KILL","is_daily":false,"chose_seed":false,"campfire_upgraded":6,"win_rate":0.0,"timestamp":1610211698,"path_taken":["M","?","?","PTL","PTL","M","?","E","R","M","T","E","?","E","M","?","R","BOSS","M","M","M","?","?","M","E","R","T","M","R","?","?","?","R","BOSS","M","$","?","?","M","R","?","?","T","?","M","M","?","M","R_BF","BOSS"],"items_purchased_type":["Relic","Relic","Relic","Relic","Relic","Card","Relic"],"build_version":"2020-12-22","purchased_purges":0,"victory":true,"max_hp_per_floor":[72,72,72,72,72,72,72,72,72,72,72,72,72,72,72,72,72,72,72,72,72,72,72,72,72,72,72,72,72,72,72,72,72,72,72,72,72,72,72,72,72,72,72,72,72,72,72,72,72,72,72,72],"card_choices":[{"not_picked":["ats:Spore Proliferation","ats:Apocalypse"],"picked":"ats:Healing Drone","floor":1},{"not_picked":["ats:Ignite","ats:Assault Order","ats:Shell Defense","ats:Apocalypse"],"picked":"ats:Shadow Raid","floor":6},{"not_picked":["ats:Poison Spread","ats:Assault Order","ats:Steam Pump","ats:Powerful Strike"],"picked":"ats:Ignite","floor":7},{"not_picked":["ats:Demon Strength","ats:Revitalization","ats:Encircling Forest","ats:Curse Doll"],"picked":"ats:Calcification","floor":8},{"not_picked":["ats:Cat Scratch","ats:Revitalization","ats:Shadow Raid","ats:Powerful Strike"],"picked":"ats:Demon Strength","floor":10},{"not_picked":["ats:Assault Order","ats:Leaping Hammer","ats:Mental Burst","ats:Shadow Raid"],"picked":"ats:Powerful Strike","floor":12},{"not_picked":["ats:Sword Rain","ats:Childhood Dance","ats:Directed Diagnosis","ats:Soul Absorption"],"picked":"ats:Assault Order","floor":13},{"not_picked":["ats:Assault Order","ats:Magnetic Hammer","ats:Apocalypse","ats:Explosion Area Strengthen"],"picked":"ats:Poison Spread","floor":14},{"not_picked":["ats:Song Of Battle","ats:Burning Ground","ats:Consecutive Shot Auto","ats:Cat Scratch"],"picked":"ats:True Silver Slash","floor":15},{"not_picked":["ats:Shadow Raid","ats:Curse Doll","ats:Ignite","ats:Guardian Obelisk"],"picked":"ats:Rapid Magazine","floor":15},{"not_picked":["ats:Wolf Pack","ats:Echo Reverb","ats:Disruption Kick","ats:Roar Of Ursus"],"picked":"ats:Durian","floor":18},{"not_picked":["ats:Revitalization+1","ats:Apocalypse+1","ats:Consecutive Shot Auto+1","ats:Counter Healing Mode"],"picked":"ats:Powerful Strike+1","floor":20},{"not_picked":["ats:Assault Order","ats:Hammer On","ats:Flexible Camouflage+1","ats:Apocalypse"],"picked":"ats:Sword Rain","floor":20},{"not_picked":["ats:Leaping Hammer","ats:Encircling Forest","ats:Flexible Camouflage+1","ats:Ignite"],"picked":"ats:Shadow Assault","floor":21},{"not_picked":["ats:Apocalypse","ats:Ignite","ats:Sword Rain","ats:Magnetic Hammer"],"picked":"ats:Shell Defense+1","floor":21},{"not_picked":["ats:Explosion Area Strengthen","ats:Guardian Obelisk","ats:Rat Pack","ats:Cat Scratch"],"picked":"ats:Blood Oath","floor":22},{"not_picked":["ats:Mental Burst+1","ats:Childhood Dance","ats:Steam Pump","ats:Consecutive Shot Auto"],"picked":"ats:Neurotoxin","floor":22},{"not_picked":["ats:Hammer On","ats:Assault Order","ats:Revitalization+1","ats:Cat Scratch"],"picked":"ats:Very Hot Blade+1","floor":25},{"not_picked":["ats:Magnetic Hammer+1","ats:Childhood Dance","ats:Hammer On+1","ats:Explosion Area Strengthen"],"picked":"ats:Cat Scratch","floor":25},{"not_picked":["ats:Shell Defense","ats:Poison Spread","ats:Powerful Strike","ats:Flexible Camouflage"],"picked":"ats:Leaping Hammer+1","floor":26},{"not_picked":["ats:Cat Scratch","ats:Defend Order","ats:Song Of Battle+1","ats:Revitalization+1"],"picked":"ats:Volcano","floor":29},{"not_picked":["ats:Leaping Hammer+1","ats:Magnetic Hammer","ats:Charging Defense","ats:Healing Strengthening"],"picked":"ats:Ignite+1","floor":29},{"not_picked":["ats:Apocalypse","ats:Cat Scratch","ats:Assault Order","ats:Support Order"],"picked":"ats:Chain Hook+1","floor":32},{"not_picked":["ats:Revitalization","ats:Apocalypse+1","ats:Ignite+1","ats:Defend Order+1"],"picked":"ats:Consecutive Shot Auto","floor":32},{"not_picked":["ats:Nebulous Foxfire","ats:Calcification","ats:Fractured Body","ats:Soul Rend"],"picked":"ats:Volcano","floor":35},{"not_picked":["ats:Revitalization+1","ats:Guardian Obelisk","ats:Curse Doll+1","ats:Cat Scratch"],"picked":"ats:Poison Spread","floor":37},{"not_picked":["ats:Automatic Cover","ats:Shell Defense","ats:Composite Medical Shells","ats:Ignite"],"picked":"ats:Poison Spread+1","floor":37},{"not_picked":["ats:Revitalization","ats:Apocalypse","ats:Assault Order+1","ats:Hammer On+1"],"picked":"ats:Consecutive Shot Auto+1","floor":41},{"not_picked":["ats:Composite Medical Shells","ats:Childhood Dance+1","ats:Assault Order","ats:Hammer On+1"],"picked":"ats:Explosion Area Strengthen","floor":41},{"not_picked":["ats:Mental Burst","ats:Thermite Blade+1","ats:Curse Doll+1","ats:Ignite"],"picked":"ats:Durian","floor":46},{"not_picked":["ats:Childhood Dance","ats:Explosion Area Strengthen+1","ats:Consecutive Shot Auto+1","ats:Cat Scratch+1"],"picked":"ats:Support Order","floor":46},{"not_picked":["ats:Cat Scratch+1","ats:Powerful Strike+1","ats:Leaping Hammer","ats:Guardian Obelisk"],"picked":"ats:Flexible Camouflage","floor":47},{"not_picked":["ats:Explosion Area Strengthen+1","ats:Hammer On+1","ats:Assault Order+1","ats:Poison Spread"],"picked":"ats:Overload","floor":47},{"not_picked":["ats:Assault Order+1","ats:Leaping Hammer","ats:Poison Spread","ats:Shadow Raid+1"],"picked":"ats:Roar Of Ursus","floor":48},{"not_picked":["ats:Healing Strengthening+1","ats:Automatic Cover","ats:Defend Order+1","ats:Revitalization"],"picked":"ats:Apocalypse+1","floor":48},{"not_picked":["ats:Flame Of Heaven+1","ats:Powerful Strike+1","ats:Curse Doll","ats:Defend Order+1"],"picked":"ats:Part Time Job+1","floor":49},{"not_picked":["ats:Hook Shot","ats:Cat Scratch+1","ats:Mental Burst+1","ats:Apocalypse+1"],"picked":"ats:LN2 Cannon+1","floor":50},{"not_picked":["ats:Flexible Camouflage","ats:Explosion Area Strengthen+1","ats:Assault Order+1","ats:Healing Drone+1","ats:Automatic Cover+1"],"picked":"SKIP","floor":50}],"player_experience":73119,"relics_obtained":[{"floor":1,"key":"SynthV:TestCard"},{"floor":8,"key":"ats:Originium"},{"floor":8,"key":"MawBank"},{"floor":11,"key":"REME_PuzzleBoxRelic"},{"floor":12,"key":"ats:Originium"},{"floor":12,"key":"Bronze Scales"},{"floor":14,"key":"ats:Originium"},{"floor":14,"key":"Replay:Bottled Eggs"},{"floor":26,"key":"Whetstone"},{"floor":28,"key":"testmod-LifeArmor"},{"floor":33,"key":"Necronomicon"},{"floor":45,"key":"testmod-Hope"},{"floor":49,"key":"testmod-CrystalShield"}],"event_choices":[{"damage_healed":0,"gold_gain":0,"player_choice":"Ignored","damage_taken":0,"max_hp_gain":0,"max_hp_loss":0,"event_name":"给自己的盒子","floor":2,"gold_loss":0},{"damage_healed":0,"gold_gain":0,"player_choice":"Ignored","damage_taken":0,"max_hp_gain":0,"max_hp_loss":0,"event_name":"Golden Wing","floor":3,"gold_loss":0},{"damage_healed":0,"gold_gain":0,"player_choice":"Obtained Relic","damage_taken":0,"relics_obtained":["Nunchaku"],"max_hp_gain":0,"max_hp_loss":0,"event_name":"Addict","floor":23,"gold_loss":85},{"damage_healed":0,"gold_gain":0,"player_choice":"Inject Mutagens","damage_taken":0,"relics_obtained":["MutagenicStrength"],"max_hp_gain":0,"max_hp_loss":0,"event_name":"Drug Dealer","floor":24,"gold_loss":0},{"damage_healed":0,"gold_gain":0,"player_choice":"Ignored","damage_taken":0,"max_hp_gain":0,"max_hp_loss":0,"event_name":"Vampires","floor":31,"gold_loss":0},{"damage_healed":0,"gold_gain":0,"player_choice":"Obtained Book","damage_taken":16,"max_hp_gain":0,"max_hp_loss":0,"event_name":"Cursed Tome","floor":33,"gold_loss":0},{"cards_removed":["ats:Poison Spread"],"damage_healed":5,"gold_gain":0,"player_choice":"Offered Common","damage_taken":0,"max_hp_gain":0,"max_hp_loss":0,"event_name":"Bonfire Elementals","floor":39,"gold_loss":0},{"cards_removed":["ats:Poison Spread"],"damage_healed":5,"gold_gain":0,"player_choice":"Offered Special","damage_taken":0,"max_hp_gain":0,"max_hp_loss":0,"event_name":"Bonfire Elementals","floor":39,"gold_loss":0},{"damage_healed":0,"gold_gain":275,"player_choice":"Desecrate","damage_taken":0,"max_hp_gain":0,"max_hp_loss":0,"event_name":"Golden Shrine","floor":44,"gold_loss":0,"cards_obtained":["Regret"]},{"damage_healed":0,"gold_gain":0,"player_choice":"Fight","damage_taken":0,"max_hp_gain":0,"max_hp_loss":0,"event_name":"Mysterious Sphere","floor":49,"gold_loss":0}],"is_beta":false,"boss_relics":[{"not_picked":["DiscerningMonocle","testmod-Recursion"],"picked":"testmod-SaigiyounoYou"},{"not_picked":["Black Star","Replay:Drink Me"],"picked":"PatriotShield"}],"items_purged_floors":[],"is_endless":false,"potions_floor_spawned":[1,6,12,14,20,22,25,47,49,50],"ascension_level":0}}