{"host":"b0dcklafnoly879c","time":1610229388,"event":{"mods":["BaseMod","Minty Spire (QoL Compilation)","StSLib","The Dragon Tamer","The Jungle"],"gold_per_floor":[110,110,110,126,201,201,228,240,310,310,310],"floor_reached":10,"playtime":547,"items_purged":[],"score":86,"play_id":"8b5b10be-f8b5-4d5f-a1b7-b39be87b3836","local_time":"20210110065628","is_ascension_mode":true,"campfire_choices":[{"data":"Cloak And Dagger","floor":6.0,"key":"SMITH"}],"circlet_count":0,"master_deck":["Strike_G","Strike_G","Strike_G","Strike_G","Strike_G","Defend_G","Defend_G","Defend_G","Defend_G+1","Defend_G","Survivor+1","Neutralize","Infinite Blades","Regret","Cloak And Dagger+1","Cloak And Dagger","Tactician"],"relics":["Ring of the Snake","Ancient Tea Set","Smiling Mask","Turnip","Sundial"],"acts_visited":["Exordium"],"potions_floor_usage":[],"damage_taken":[{"damage":0.0,"enemies":"Small Slimes","floor":1.0,"turns":3.0},{"damage":3.0,"enemies":"2 Louse","floor":4.0,"turns":4.0},{"damage":12.0,"enemies":"Gremlin Nob","floor":7.0,"turns":5.0},{"damage":0,"enemies":"Jaw Worm","floor":8,"turns":4},{"damage":32,"enemies":"Lagavulin","floor":10,"turns":3}],"seed_played":"-7779874279077039127","potions_obtained":[{"floor":1.0,"key":"Poison Potion"}],"is_trial":false,"path_per_floor":["M","?","?","M","?","R","E","M","T","E"],"character_chosen":"THE_SILENT","items_purchased":[],"campfire_rested":0,"item_purchase_floors":[],"current_hp_per_floor":[63,49,49,46,35,35,23,23,23,0,0],"gold":310,"neow_bonus":"RANDOM_COMMON_RELIC","is_daily":false,"chose_seed":false,"campfire_upgraded":1,"win_rate":0.0,"timestamp":1610229388,"path_taken":["M","?","?","M","?","R","E","M","T","E"],"items_purchased_type":[],"build_version":"2020-12-22","purchased_purges":0,"victory":false,"max_hp_per_floor":[70,70,70,70,70,70,70,70,70,70,70],"card_choices":[{"not_picked":["Acrobatics","Dagger Throw"],"picked":"Infinite Blades","floor":1.0},{"not_picked":["Quick Slash","Blur"],"picked":"Cloak And Dagger","floor":4.0},{"not_picked":["Caltrops","Deadly Poison"],"picked":"Cloak And Dagger","floor":7},{"not_picked":["Expertise","Bane"],"picked":"Tactician","floor":8}],"player_experience":247558,"relics_obtained":[{"floor":7,"key":"Turnip"},{"floor":9,"key":"Sundial"}],"event_choices":[{"damage_healed":0.0,"max_hp_gain":0.0,"max_hp_loss":0.0,"gold_gain":0.0,"event_name":"Shining Light","player_choice":"Entered Light","floor":2.0,"gold_loss":0.0,"damage_taken":14.0,"cards_upgraded":["Defend_G","Survivor"]},{"damage_healed":0.0,"max_hp_gain":0.0,"max_hp_loss":0.0,"gold_gain":0.0,"event_name":"Big Fish","player_choice":"Box","floor":3.0,"gold_loss":0.0,"damage_taken":0.0,"relics_obtained":["Smiling Mask"],"cards_obtained":["Regret"]},{"damage_healed":0.0,"max_hp_gain":0.0,"max_hp_loss":0.0,"gold_gain":75.0,"event_name":"World of Goop","player_choice":"Gather Gold","floor":5.0,"gold_loss":0.0,"damage_taken":11.0}],"is_beta":false,"boss_relics":[],"items_purged_floors":[],"is_endless":false,"potions_floor_spawned":[1],"killed_by":"Lagavulin","ascension_level":6}}