{"host":"tq6qmx9nj4kgfpqr","time":1610153623,"event":{"mods":["AchievementEnabler","Bard","BaseMod","Bestiary","Better Match","Better Third Choice","ChefMod","Colored Map","Colored Powertips","Gremlin Skip","Hermit","Minty Spire (QoL Compilation)","Quarter Circle Forward PUNCH!","Quick Restart","READ ME - Guardian Mod","Somnambulant","StSLib","The Bladedancer","The Blue Laboratory","The Construct","The Cursed","The Juggle","The Poker Player","The Sage","themimic"],"gold_per_floor":[113,113,113,188,113,156,156,191,191,210,253,294,294,12,12,135,135,160,183,216,216,47,47,47,78,78,78,112,150,185,229,229,360,360,379,394,414,4,43,84,415,446,446,446,467,467,510,533,533,533],"floor_reached":51,"playtime":7226,"items_purged":["Regret","Injury"],"score":1138,"play_id":"faee99a2-3255-480d-99ea-87ad06d61494","local_time":"20210108195343","daily_mods":["SealedDeck","Heirloom","Time Dilation","Flight","DeadlyEvents","Elite Swarm"],"is_ascension_mode":false,"campfire_choices":[{"data":"chefmod:SushiPlatter","floor":7.0,"key":"SMITH"},{"data":"chefmod:LocoMoco","floor":13.0,"key":"SMITH"},{"data":"chefmod:DeathByChocolate","floor":15.0,"key":"SMITH"},{"data":"chefmod:Escargot","floor":23.0,"key":"SMITH"},{"data":"chefmod:Defrost","floor":24.0,"key":"SMITH"},{"data":"chefmod:Defrost","floor":27.0,"key":"SMITH"},{"data":"chefmod:OrderUp","floor":32.0,"key":"SMITH"},{"data":"chefmod:BananaSplit","floor":44,"key":"SMITH"},{"data":"chefmod:TwoForOne","floor":46,"key":"SMITH"},{"data":"chefmod:CuttingBoard","floor":49,"key":"SMITH"}],"circlet_count":0,"master_deck":["chefmod:ColdSteel","chefmod:Defrost+1","chefmod:HotSoup","chefmod:LocoMoco+1","chefmod:CuttingBoard+1","chefmod:FreezeSolid","chefmod:Fillet","chefmod:IcePick","chefmod:BaoBuns","chefmod:BaoBuns","chefmod:Fillet","chefmod:SushiPlatter+1","chefmod:Canape","chefmod:SaveForLater","chefmod:DeathByChocolate+1","chefmod:BaoBuns","chefmod:Canape","chefmod:Defrost+1","blademaster:WrongfulFootwork","chefmod:Escargot+1","chefmod:CapreseSalad","chefmod:OrderUp+1","chefmod:TwoForOne+1","chefmod:FrozenTuna","chefmod:PotatoGratin+1","Sadistic Nature","Dark Shackles","chefmod:BananaSplit+1","chefmod:FrozenTuna","chefmod:Tenderizer+1","chefmod:DeathByChocolate+1","WheelKick+1","chefmod:AllYouCanEat+1"],"relics":["chefmod:TrustyPot","chefmod:Spatula","Golden Idol","Pen Nib","Dream Catcher","Mango","Eternal Feather","PreservedInsect","Toy Ornithopter","Bottled Flame","Cursed Key","Red Mask","construct:FoamFinger","Gremlin Horn","Meat on the Bone","Ice Cream","Happy Flower","qcfpunch:Broken_Tusk","Black Star","The Courier","Anchor","Akabeko","Kunai","Old Coin","Molten Egg 2","TungstenRod","Unceasing Top","Regal Pillow","qcfpunch:School_Backpack"],"acts_visited":["Exordium","TheCity","TheBeyond"],"potions_floor_usage":[47,50,50],"damage_taken":[{"damage":0.0,"enemies":"2 Louse","floor":1.0,"turns":2.0},{"damage":6.0,"enemies":"Lagavulin","floor":6.0,"turns":4.0},{"damage":18.0,"enemies":"3 Sentries","floor":8.0,"turns":5.0},{"damage":0.0,"enemies":"Small Slimes","floor":10.0,"turns":2.0},{"damage":2.0,"enemies":"Lagavulin","floor":11.0,"turns":5.0},{"damage":11.0,"enemies":"Gremlin Nob","floor":12.0,"turns":3.0},{"damage":0.0,"enemies":"Slime Boss","floor":16.0,"turns":6.0},{"damage":15.0,"enemies":"2 Thieves","floor":18.0,"turns":3.0},{"damage":4.0,"enemies":"Spheric Guardian","floor":19.0,"turns":3.0},{"damage":22.0,"enemies":"Masked Bandits","floor":20.0,"turns":4.0},{"damage":3.0,"enemies":"Book of Stabbing","floor":25.0,"turns":4.0},{"damage":21.0,"enemies":"Slavers","floor":28.0,"turns":4.0},{"damage":0.0,"enemies":"Gremlin Leader","floor":29.0,"turns":3.0},{"damage":2.0,"enemies":"Book of Stabbing","floor":30.0,"turns":2.0},{"damage":0.0,"enemies":"Gremlin Leader","floor":31.0,"turns":2.0},{"damage":5.0,"enemies":"Automaton","floor":33.0,"turns":5.0},{"damage":1.0,"enemies":"Orb Walker","floor":35.0,"turns":3.0},{"damage":8.0,"enemies":"3 Darklings","floor":36.0,"turns":2.0},{"damage":10.0,"enemies":"4 Shapes","floor":37.0,"turns":3.0},{"damage":3.0,"enemies":"Nemesis","floor":39.0,"turns":5.0},{"damage":13.0,"enemies":"Giant Head","floor":40.0,"turns":7.0},{"damage":0.0,"enemies":"Reptomancer","floor":41.0,"turns":3.0},{"damage":18.0,"enemies":"Nemesis","floor":42.0,"turns":3.0},{"damage":0,"enemies":"Sphere and 2 Shapes","floor":45,"turns":3},{"damage":0,"enemies":"Giant Head","floor":47,"turns":6},{"damage":7,"enemies":"Maw","floor":48,"turns":5},{"damage":34,"enemies":"Donu and Deca","floor":50,"turns":4}],"seed_played":"-485535567918857722","potions_obtained":[{"floor":6.0,"key":"Explosive Potion"},{"floor":18.0,"key":"SpeedPotion"},{"floor":19.0,"key":"blueLaboratory:FrostheartPotion"},{"floor":25.0,"key":"blueLaboratory:HorrorPotion"},{"floor":30.0,"key":"Explosive Potion"},{"floor":31.0,"key":"blueLaboratory:FruitPunch"},{"floor":33.0,"key":"Energy Potion"},{"floor":36.0,"key":"blueLaboratory:AbyssPotion"},{"floor":37.0,"key":"DuplicationPotion"},{"floor":42.0,"key":"blueLaboratory:PolymorphPotion"},{"floor":48,"key":"Block Potion"}],"is_trial":true,"path_per_floor":["M","?","?","?","$","E","R","E","T","M","E","E","R","$","R","B",null,"M","M","?","T","$","R","R","E","T","R","E","E","E","E","R","B",null,"M","M","M","$","E","E","E","E","T","R","M","R","E","M","R","B",null],"character_chosen":"THE_CHEF","items_purchased":["chefmod:BaoBuns","Bottled Flame","chefmod:Escargot","Sadistic Nature","blueLaboratory:ImpenetrablePotion","Dark Shackles"],"campfire_rested":0,"item_purchase_floors":[14,14,22,38,38,38],"current_hp_per_floor":[76,76,76,65,65,59,59,55,55,55,53,42,51,51,60,60,90,75,76,54,54,54,66,78,80,80,90,69,69,67,72,84,87,92,91,83,73,73,75,67,67,49,49,67,67,85,90,83,92,62],"gold":533,"neow_bonus":"","is_daily":false,"chose_seed":false,"campfire_upgraded":10,"win_rate":0.0,"timestamp":1610153623,"path_taken":["M","?","?","?","?","E","R","E","T","?","E","E","R","$","R","BOSS","M","?","?","?","$","R","R","E","T","R","E","E","E","E","R","BOSS","M","?","?","$","?","E","E","E","T","R","?","R","E","M","R","BOSS"],"items_purchased_type":["Card","Relic","Card","Card","Potion","Card"],"build_version":"2020-12-22","purchased_purges":2,"victory":true,"max_hp_per_floor":[76,76,76,76,76,76,76,90,90,90,90,90,90,90,90,90,90,90,90,90,90,90,90,90,90,90,90,90,90,90,90,90,92,92,92,92,92,92,92,92,92,92,92,92,92,92,92,92,92,92],"card_choices":[{"not_picked":["chefmod:CayenneCloud","chefmod:ColdSteel"],"picked":"chefmod:Fillet","floor":1.0},{"not_picked":["chefmod:TwoForOne","chefmod:DeepFreeze"],"picked":"chefmod:SushiPlatter","floor":6.0},{"not_picked":["chefmod:TastyDistraction","chefmod:CandyBowl"],"picked":"chefmod:Canape","floor":8.0},{"not_picked":["chefmod:LocoMoco","chefmod:Flambe"],"picked":"chefmod:SaveForLater","floor":10.0},{"not_picked":["chefmod:FrozenTuna","chefmod:SushiPlatter","chefmod:Canape"],"picked":"SKIP","floor":11.0},{"not_picked":["chefmod:OrderUp","chefmod:RisingDough"],"picked":"chefmod:DeathByChocolate","floor":12.0},{"not_picked":["chefmod:OrderUp","chefmod:CandyBowl"],"picked":"chefmod:Canape","floor":16.0},{"not_picked":["chefmod:IcePick+1","chefmod:SliceAndDice"],"picked":"chefmod:Defrost","floor":18.0},{"not_picked":["chefmod:ZaruSoba","chefmod:BleedOut","chefmod:SliceAndDice"],"picked":"SKIP","floor":19.0},{"not_picked":["chefmod:TwoForOne","chefmod:OrderUp"],"picked":"chefmod:CapreseSalad","floor":25.0},{"not_picked":["chefmod:CandyBowl","chefmod:FullCourseMeal"],"picked":"chefmod:OrderUp","floor":28.0},{"not_picked":["chefmod:TastyDistraction","chefmod:Tenderizer"],"picked":"chefmod:TwoForOne","floor":29.0},{"not_picked":["chefmod:SushiPlatter","chefmod:Mince"],"picked":"chefmod:FrozenTuna","floor":30.0},{"not_picked":["chefmod:CapreseSalad","chefmod:RaidPantry","chefmod:Canape"],"picked":"SKIP","floor":31.0},{"not_picked":["chefmod:AlooGobi+1","chefmod:SliceAndDice+1","chefmod:FullBurn"],"picked":"SKIP","floor":35.0},{"not_picked":["chefmod:AlooGobi+1","chefmod:Bruschetta+1","chefmod:FireUp+1"],"picked":"SKIP","floor":36.0},{"not_picked":["chefmod:ColdSteel","chefmod:FreezeSolid+1"],"picked":"chefmod:PotatoGratin+1","floor":37.0},{"not_picked":["chefmod:OrderUp","chefmod:TwoForOne"],"picked":"chefmod:BananaSplit","floor":39.0},{"not_picked":["chefmod:CandyBowl","chefmod:DeepFreeze"],"picked":"chefmod:FrozenTuna","floor":40.0},{"not_picked":["chefmod:DeepFreeze","chefmod:CapreseSalad","chefmod:Mince+1"],"picked":"SKIP","floor":41.0},{"not_picked":["chefmod:BananaSplit","chefmod:OrderUp"],"picked":"chefmod:Tenderizer+1","floor":42.0},{"not_picked":["chefmod:HotSoup+1","chefmod:AllYouCanEat+1","chefmod:Sorbet+1"],"picked":"SKIP","floor":45},{"not_picked":["chefmod:TwoForOne","chefmod:Canape"],"picked":"chefmod:DeathByChocolate+1","floor":47},{"not_picked":["FearNoEvil+1","FlurryOfBlows+1"],"picked":"WheelKick+1","floor":48},{"not_picked":["chefmod:FireUp+1","chefmod:QuickChop+1"],"picked":"chefmod:AllYouCanEat+1","floor":48}],"player_experience":199940,"relics_obtained":[{"floor":6.0,"key":"Dream Catcher"},{"floor":8.0,"key":"Mango"},{"floor":9.0,"key":"Eternal Feather"},{"floor":11.0,"key":"PreservedInsect"},{"floor":12.0,"key":"Toy Ornithopter"},{"floor":20.0,"key":"Red Mask"},{"floor":21.0,"key":"construct:FoamFinger"},{"floor":25.0,"key":"Gremlin Horn"},{"floor":28.0,"key":"Meat on the Bone"},{"floor":29.0,"key":"Ice Cream"},{"floor":30.0,"key":"Happy Flower"},{"floor":31.0,"key":"qcfpunch:Broken_Tusk"},{"floor":39.0,"key":"The Courier"},{"floor":39.0,"key":"Anchor"},{"floor":40.0,"key":"Akabeko"},{"floor":40.0,"key":"Kunai"},{"floor":41.0,"key":"Old Coin"},{"floor":41.0,"key":"Molten Egg 2"},{"floor":42.0,"key":"TungstenRod"},{"floor":42.0,"key":"Unceasing Top"},{"floor":47,"key":"Regal Pillow"},{"floor":47,"key":"qcfpunch:School_Backpack"}],"event_choices":[{"damage_healed":0.0,"max_hp_gain":0.0,"max_hp_loss":0.0,"gold_gain":0.0,"event_name":"Golden Idol","player_choice":"Take Wound","floor":2.0,"gold_loss":0.0,"damage_taken":0.0,"relics_obtained":["Golden Idol"],"cards_obtained":["Injury"]},{"damage_healed":0.0,"max_hp_gain":0.0,"max_hp_loss":0.0,"gold_gain":0.0,"event_name":"Big Fish","player_choice":"Box","floor":3.0,"gold_loss":0.0,"damage_taken":0.0,"relics_obtained":["Pen Nib"],"cards_obtained":["Regret"]},{"damage_healed":0.0,"max_hp_gain":0.0,"max_hp_loss":0.0,"gold_gain":75.0,"event_name":"betterThird:BetterGoop","player_choice":"Gold","floor":4.0,"gold_loss":0.0,"damage_taken":11.0},{"damage_healed":0.0,"max_hp_gain":0.0,"max_hp_loss":0.0,"gold_gain":0.0,"event_name":"Masked Bandits","player_choice":"Fought Bandits","floor":20.0,"gold_loss":0.0,"damage_taken":0.0}],"is_beta":false,"boss_relics":[{"not_picked":["qcfpunch:Crimson_Sash","Snecko Eye"],"picked":"Cursed Key"},{"not_picked":["chefmod:PepperMill","Tiny House"],"picked":"Black Star"}],"items_purged_floors":[5,22],"is_endless":false,"potions_floor_spawned":[6,18,19,25,30,31,33,36,37,42,48],"ascension_level":0}}