{"host":"ga4s3hj9m6nkn6gp","time":1610210848,"event":{"mods":["AchievementEnabler","BaseMod","Bestiary","Colored Powertips","Highlight Path","Minty Spire (QoL Compilation)","Relic Stats","everything is the same but u backflip on backflip"],"gold_per_floor":[125,125,125,151,176,176,219,219,243,196,219,219,219],"floor_reached":12,"playtime":617,"items_purged":[],"score":156,"play_id":"4d76ce14-31ce-4c13-a200-54a6746caf2a","local_time":"20210109174728","is_ascension_mode":true,"campfire_choices":[{"data":"All Out Attack","floor":6,"key":"SMITH"},{"floor":8,"key":"REST"}],"circlet_count":0,"master_deck":["AscendersBane","Strike_G","Strike_G","Strike_G","Strike_G","Strike_G","Defend_G","Defend_G","Defend_G+1","Defend_G","Defend_G","Survivor","Neutralize+1","Blur","Riddle With Holes","All Out Attack+1","Blade Dance","Adrenaline"],"relics":["Ring of the Snake","CeramicFish","Juzu Bracelet","Bag of Marbles"],"acts_visited":["Exordium"],"potions_floor_usage":[7,12,12],"damage_taken":[{"damage":0,"enemies":"Small Slimes","floor":1,"turns":4},{"damage":0,"enemies":"Jaw Worm","floor":4,"turns":6},{"damage":3,"enemies":"Cultist","floor":5,"turns":5},{"damage":34,"enemies":"3 Sentries","floor":7,"turns":8},{"damage":4,"enemies":"Blue Slaver","floor":11,"turns":2},{"damage":20,"enemies":"Lagavulin","floor":12,"turns":6}],"seed_played":"5550772903365693584","potions_obtained":[{"floor":1,"key":"SpeedPotion"},{"floor":5,"key":"Dexterity Potion"},{"floor":11,"key":"DuplicationPotion"}],"is_trial":false,"path_per_floor":["M","?","?","M","M","R","E","R","T","?","M","E"],"character_chosen":"THE_SILENT","items_purchased":[],"campfire_rested":1,"item_purchase_floors":[],"current_hp_per_floor":[59,59,39,39,36,36,2,21,21,21,17,0,0],"gold":219,"neow_bonus":"RANDOM_COMMON_RELIC","is_daily":false,"chose_seed":false,"campfire_upgraded":1,"win_rate":0.0,"timestamp":1610210848,"path_taken":["M","?","?","M","M","R","E","R","T","?","M","E"],"items_purchased_type":[],"build_version":"2020-12-22","purchased_purges":0,"victory":false,"max_hp_per_floor":[66,66,66,66,66,66,66,66,66,66,66,66,66],"relic_stats":{"counters":[6,31],"CeramicFish":45,"Juzu Bracelet":0,"obtain_stats":[{"CeramicFish":0,"Juzu Bracelet":7,"Bag of Marbles":9,"Ring of the Snake":0},{"CeramicFish":0,"Juzu Bracelet":4,"Bag of Marbles":4,"Ring of the Snake":0},{"CeramicFish":0,"Juzu Bracelet":23,"Bag of Marbles":23,"Ring of the Snake":0}],"Ring of the Snake":[12]},"card_choices":[{"not_picked":["PiercingWail","Caltrops"],"picked":"Blur","floor":1},{"not_picked":["Backstab","Backflip"],"picked":"Riddle With Holes","floor":4},{"not_picked":["Backflip","Outmaneuver"],"picked":"All Out Attack","floor":5},{"not_picked":["Underhanded Strike","Crippling Poison"],"picked":"Blade Dance","floor":7},{"not_picked":["Blur","Backflip"],"picked":"Adrenaline","floor":11}],"player_experience":601888,"relics_obtained":[{"floor":7,"key":"Juzu Bracelet"},{"floor":9,"key":"Bag of Marbles"}],"event_choices":[{"damage_healed":0,"gold_gain":0,"player_choice":"Ignored","damage_taken":0,"max_hp_gain":0,"max_hp_loss":0,"event_name":"Liars Game","floor":2,"gold_loss":0},{"damage_healed":0,"gold_gain":0,"player_choice":"Entered Light","damage_taken":20,"max_hp_gain":0,"max_hp_loss":0,"event_name":"Shining Light","floor":3,"gold_loss":0,"cards_upgraded":["Defend_G","Neutralize"]},{"damage_healed":0,"gold_gain":0,"player_choice":"Left Gold","damage_taken":0,"max_hp_gain":0,"max_hp_loss":0,"event_name":"World of Goop","floor":10,"gold_loss":47}],"is_beta":false,"boss_relics":[],"items_purged_floors":[],"is_endless":false,"potions_floor_spawned":[1,5,11],"killed_by":"Lagavulin","ascension_level":20}}