{"host":"2se5dq1do2gp0x9k","time":1610173464,"event":{"mods":["AchievementEnabler","BaseMod","Block Reminder","Colored Map","Colored Powertips","Minty Spire (QoL Compilation)","Relic Stats","StSLib","SuperFastMode"],"gold_per_floor":[20,36,55,55,70,70,95,95,95,95,106,106,106,133,133,207,207,223,223,240,251,264,298,298,298,298],"floor_reached":25,"playtime":1166,"items_purged":[],"score":452,"play_id":"1999e331-2063-46e1-83e2-7376f2720bc5","local_time":"20210108222424","is_ascension_mode":true,"campfire_choices":[{"data":"Vault","floor":6.0,"key":"SMITH"},{"data":"Scrawl","floor":8.0,"key":"SMITH"},{"data":"ThirdEye","floor":10.0,"key":"SMITH"},{"floor":12.0,"key":"REST"},{"data":"ClearTheMind","floor":15.0,"key":"SMITH"}],"circlet_count":0,"master_deck":["AscendersBane","Strike_P","Strike_P","Strike_P","Strike_P+1","Defend_P","Defend_P+1","Defend_P","Eruption+1","Vigilance","Scrawl+1","EmptyFist","ReachHeaven","Crescendo","Vault+1","ThirdEye+1","ClearTheMind+1","Blasphemy","Halt","SashWhip+1","Tantrum"],"relics":["PureWater","TungstenRod","Dead Branch","Calipers","Runic Pyramid","Torii"],"acts_visited":["Exordium","TheCity"],"potions_floor_usage":[23],"damage_taken":[{"damage":0.0,"enemies":"Jaw Worm","floor":1.0,"turns":4.0},{"damage":4.0,"enemies":"Cultist","floor":2.0,"turns":3.0},{"damage":1.0,"enemies":"Small Slimes","floor":3.0,"turns":5.0},{"damage":11.0,"enemies":"2 Fungi Beasts","floor":5.0,"turns":4.0},{"damage":0.0,"enemies":"Gremlin Nob","floor":7.0,"turns":3.0},{"damage":12.0,"enemies":"3 Louse","floor":11.0,"turns":3.0},{"damage":1.0,"enemies":"3 Sentries","floor":14.0,"turns":4.0},{"damage":2.0,"enemies":"The Guardian","floor":16.0,"turns":11.0},{"damage":0,"enemies":"Spheric Guardian","floor":18,"turns":3},{"damage":16,"enemies":"2 Thieves","floor":20,"turns":3},{"damage":0,"enemies":"3 Cultists","floor":21,"turns":4},{"damage":0,"enemies":"Chosen and Byrds","floor":22,"turns":5},{"damage":3,"enemies":"Book of Stabbing","floor":23,"turns":3},{"damage":37,"enemies":"Slavers","floor":25,"turns":3}],"seed_played":"8331427927449877641","potions_obtained":[{"floor":2.0,"key":"BlessingOfTheForge"},{"floor":7.0,"key":"AttackPotion"},{"floor":23,"key":"LiquidMemories"}],"is_trial":false,"path_per_floor":["M","M","M","?","M","R","E","R","T","R","M","R","?","E","R","B",null,"M","?","M","M","M","E","?","E"],"character_chosen":"WATCHER","items_purchased":[],"campfire_rested":1,"item_purchase_floors":[],"current_hp_per_floor":[61,57,56,36,25,25,25,25,25,25,13,33,33,32,32,30,59,59,59,43,43,43,40,37,0,0],"gold":298,"neow_bonus":"THREE_RARE_CARDS","is_daily":false,"chose_seed":false,"campfire_upgraded":4,"win_rate":0.0,"timestamp":1610173464,"path_taken":["M","M","M","?","M","R","E","R","T","R","M","R","?","E","R","BOSS","M","?","?","M","?","E","?","E"],"items_purchased_type":[],"build_version":"2020-12-22","purchased_purges":0,"victory":false,"max_hp_per_floor":[68,68,68,68,68,68,68,68,68,68,68,68,68,68,68,68,68,68,68,68,68,68,68,68,68,68],"relic_stats":{"Torii":0,"counters":[14,58],"Dead Branch":[57],"obtain_stats":[{"Calipers":14,"Torii":23,"Dead Branch":9,"PureWater":0,"TungstenRod":7,"Runic Pyramid":17},{"Calipers":7,"Torii":13,"Dead Branch":5,"PureWater":0,"TungstenRod":5,"Runic Pyramid":8},{"Calipers":26,"Torii":55,"Dead Branch":19,"PureWater":0,"TungstenRod":19,"Runic Pyramid":37}],"TungstenRod":18},"card_choices":[{"not_picked":["DeusExMachina","SpiritShield"],"picked":"Scrawl","floor":0.0},{"not_picked":["Halt","DeceiveReality"],"picked":"EmptyFist","floor":1.0},{"not_picked":["FlyingSleeves","InnerPeace"],"picked":"ReachHeaven","floor":2.0},{"not_picked":["FlyingSleeves","CutThroughFate"],"picked":"Crescendo","floor":3.0},{"not_picked":["Halt","Perseverance"],"picked":"Vault","floor":5.0},{"not_picked":["Devotion","JustLucky"],"picked":"ThirdEye","floor":7.0},{"not_picked":["FlyingSleeves","FollowUp","BowlingBash"],"picked":"SKIP","floor":11.0},{"not_picked":["EmptyFist","BowlingBash"],"picked":"ClearTheMind","floor":14.0},{"not_picked":["Ragnarok","DeusExMachina"],"picked":"Blasphemy","floor":16.0},{"not_picked":["CutThroughFate","SashWhip"],"picked":"Halt","floor":18},{"not_picked":["WindmillStrike","FlurryOfBlows"],"picked":"SashWhip+1","floor":20},{"not_picked":["Collect","EmptyBody"],"picked":"Tantrum","floor":21},{"not_picked":["FollowUp","FlurryOfBlows","Protect"],"picked":"SKIP","floor":22},{"not_picked":["Establishment","PathToVictory","Alpha"],"picked":"SKIP","floor":23}],"player_experience":3811190,"relics_obtained":[{"floor":7.0,"key":"TungstenRod"},{"floor":9.0,"key":"Dead Branch"},{"floor":14.0,"key":"Calipers"},{"floor":23,"key":"Torii"}],"event_choices":[{"damage_healed":0.0,"max_hp_gain":0.0,"max_hp_loss":0.0,"gold_gain":0.0,"event_name":"Shining Light","player_choice":"Entered Light","floor":4.0,"gold_loss":0.0,"damage_taken":20.0,"cards_upgraded":["Strike_P","Defend_P"]},{"damage_healed":0.0,"max_hp_gain":0.0,"max_hp_loss":0.0,"gold_gain":0.0,"event_name":"Living Wall","player_choice":"Grow","floor":13.0,"gold_loss":0.0,"damage_taken":0.0,"cards_upgraded":["Eruption"]},{"cards_removed":["Defend_P"],"damage_healed":0,"gold_gain":0,"player_choice":"Offered Basic","damage_taken":0,"max_hp_gain":0,"max_hp_loss":0,"event_name":"Bonfire Elementals","floor":19,"gold_loss":0},{"damage_healed":0,"gold_gain":0,"player_choice":"Bought 0 Potions","damage_taken":0,"max_hp_gain":0,"max_hp_loss":0,"event_name":"The Woman in Blue","floor":24,"gold_loss":0}],"is_beta":false,"boss_relics":[{"not_picked":["Coffee Dripper","Fusion Hammer"],"picked":"Runic Pyramid"}],"items_purged_floors":[],"is_endless":false,"potions_floor_spawned":[2,7,14,23],"killed_by":"Slavers","ascension_level":15}}