{"host":"662n7794wuevbd4i","time":1610218565,"event":{"mods":["BaseMod","KOR Keyword Fix","Minty Spire (QoL Compilation)","StSLib","The Cursed","The Dragon Tamer","The Hierophant","The Poker Player"],"gold_per_floor":[116,134,134,146,163,192,192,210,279,279,309,309,327,387,387,489,489,505,505,521,298,298,298,298,298],"floor_reached":24,"playtime":727,"items_purged":[],"score":252,"play_id":"79c92e2d-dde8-454f-b8ec-c6868dca87e4","local_time":"20210110035605","is_ascension_mode":true,"campfire_choices":[{"data":"Dark Shackles","floor":7.0,"key":"SMITH"},{"data":"Juggernaut","floor":10.0,"key":"SMITH"},{"data":"Seeing Red","floor":12.0,"key":"SMITH"},{"data":"Evolve","floor":15.0,"key":"SMITH"},{"floor":23,"key":"REST"}],"circlet_count":0,"master_deck":["Strike_R","Strike_R","Strike_R","Strike_R","Strike_R","Defend_R","Defend_R","Defend_R","Bash","Twin Strike","Twin Strike","Dark Shackles+1","Evolve+1","Twin Strike","Wild Strike","Seeing Red+1","Berserk","Sword Boomerang+1","Writhe","Whirlwind+1","Shrug It Off","Flex"],"relics":["Burning Blood","Ice Cream","Molten Egg 2","Mango","Empty Cage","Bronze Scales","Pen Nib","Nilry\u0027s Codex"],"acts_visited":["Exordium","TheCity"],"potions_floor_usage":[24],"damage_taken":[{"damage":12.0,"enemies":"Jaw Worm","floor":1.0,"turns":2.0},{"damage":1.0,"enemies":"Cultist","floor":2.0,"turns":3.0},{"damage":4.0,"enemies":"2 Louse","floor":4.0,"turns":3.0},{"damage":13.0,"enemies":"Blue Slaver","floor":5.0,"turns":5.0},{"damage":50.0,"enemies":"Lagavulin","floor":6.0,"turns":8.0},{"damage":7.0,"enemies":"2 Fungi Beasts","floor":8.0,"turns":4.0},{"damage":26.0,"enemies":"3 Sentries","floor":11.0,"turns":6.0},{"damage":0.0,"enemies":"Large Slime","floor":13.0,"turns":5.0},{"damage":35.0,"enemies":"Hexaghost","floor":16.0,"turns":9.0},{"damage":26.0,"enemies":"3 Byrds","floor":18.0,"turns":6.0},{"damage":38,"enemies":"Spheric Guardian","floor":20,"turns":4},{"damage":64,"enemies":"Slavers","floor":24,"turns":2}],"seed_played":"3509499674221316128","potions_obtained":[{"floor":5.0,"key":"PowerPotion"},{"floor":6.0,"key":"Energy Potion"},{"floor":11.0,"key":"BlessingOfTheForge"},{"floor":18.0,"key":"BlessingOfTheForge"},{"floor":20,"key":"Dexterity Potion"}],"is_trial":false,"path_per_floor":["M","M","?","M","M","E","R","M","T","R","E","R","M","?","R","B",null,"M","?","M","$","?","R","E"],"character_chosen":"IRONCLAD","items_purchased":["Pen Nib","Shrug It Off","Flex"],"campfire_rested":1,"item_purchase_floors":[21,21,21],"current_hp_per_floor":[82,87,87,88,81,37,37,36,36,36,30,30,36,36,36,7,102,82,82,50,50,34,64,0,0],"gold":298,"neow_bonus":"TEN_PERCENT_HP_BONUS","is_daily":false,"chose_seed":false,"campfire_upgraded":4,"win_rate":0.0,"timestamp":1610218565,"path_taken":["M","M","?","M","M","E","R","M","T","R","E","R","?","?","R","BOSS","M","?","M","$","?","R","E"],"items_purchased_type":["Relic","Card","Card"],"build_version":"2020-12-22","purchased_purges":0,"victory":false,"max_hp_per_floor":[88,88,88,88,88,88,88,88,88,88,102,102,102,102,102,102,102,102,102,102,102,102,102,102,102],"card_choices":[{"not_picked":["Wild Strike","Feel No Pain"],"picked":"Twin Strike","floor":1.0},{"not_picked":["Dark Embrace","Thunderclap"],"picked":"Twin Strike","floor":2.0},{"not_picked":["Dark Embrace","Clash"],"picked":"Evolve","floor":4.0},{"not_picked":["Headbutt","Metallicize"],"picked":"Twin Strike","floor":5.0},{"not_picked":["Burning Pact","Thunderclap","Sword Boomerang"],"picked":"SKIP","floor":6.0},{"not_picked":["Feed","Shrug It Off"],"picked":"Wild Strike","floor":8.0},{"not_picked":["Combust","Twin Strike+1"],"picked":"Seeing Red","floor":11.0},{"not_picked":["Dark Embrace","Cleave+1","Havoc"],"picked":"SKIP","floor":13.0},{"not_picked":["Barricade","Juggernaut"],"picked":"Berserk","floor":16.0},{"not_picked":["Anger+1","Cleave+1"],"picked":"Sword Boomerang+1","floor":18.0},{"not_picked":["Clothesline+1","Feed+1"],"picked":"Whirlwind+1","floor":20}],"player_experience":138782,"relics_obtained":[{"floor":6.0,"key":"Ice Cream"},{"floor":9.0,"key":"Molten Egg 2"},{"floor":11.0,"key":"Mango"},{"floor":22,"key":"Nilry\u0027s Codex"}],"event_choices":[{"damage_healed":0.0,"max_hp_gain":0.0,"max_hp_loss":0.0,"gold_gain":0.0,"event_name":"Match and Keep!","player_choice":"2 cards matched","floor":3.0,"gold_loss":0.0,"damage_taken":0.0,"cards_obtained":["Dark Shackles","Juggernaut"]},{"damage_healed":0.0,"max_hp_gain":0.0,"max_hp_loss":0.0,"gold_gain":60.0,"event_name":"Golden Wing","player_choice":"Gained Gold","floor":14.0,"gold_loss":0.0,"damage_taken":0.0},{"damage_healed":0.0,"max_hp_gain":0.0,"max_hp_loss":0.0,"gold_gain":0.0,"event_name":"The Mausoleum","player_choice":"Opened","floor":19.0,"gold_loss":0.0,"damage_taken":0.0,"relics_obtained":["Bronze Scales"],"cards_obtained":["Writhe"]},{"damage_healed":0,"gold_gain":0,"player_choice":"Obtained Book","damage_taken":16,"max_hp_gain":0,"max_hp_loss":0,"event_name":"Cursed Tome","floor":22,"gold_loss":0}],"is_beta":false,"boss_relics":[{"not_picked":["Coffee Dripper","Pandora\u0027s Box"],"picked":"Empty Cage"}],"items_purged_floors":[],"is_endless":false,"potions_floor_spawned":[5,6,11,18,20],"killed_by":"Slavers","ascension_level":2}}