{"host":"vlqejv0notyktumz","time":1610154029,"event":{"mods":["AchievementEnabler","BaseMod","Googly Eyes","Minty Spire (QoL Compilation)"],"gold_per_floor":[109,129,146,321,338,338,338,353,406,406,406,440,452,467,467,563,563,573,588,607,624,644,644,658,677,702,702,702,702,712,130,130,130,130],"floor_reached":33,"playtime":1700,"items_purged":["Strike_P"],"score":281,"play_id":"c3494869-08ae-42bd-9956-05390d60848a","local_time":"20210108190029","is_ascension_mode":true,"campfire_choices":[{"data":"Halt","floor":6,"key":"SMITH"},{"data":"EmptyBody","floor":10,"key":"SMITH"},{"data":"Eruption","floor":15,"key":"SMITH"},{"floor":23,"key":"REST"},{"data":"FlurryOfBlows","floor":27,"key":"SMITH"},{"floor":29,"key":"REST"},{"floor":32,"key":"REST"}],"circlet_count":0,"master_deck":["Strike_P","Strike_P","Defend_P","Defend_P","Eruption+1","Vigilance","ThirdEye","Indignation","EmptyBody+1","FlurryOfBlows","Halt+1","Protect","CutThroughFate","DeusExMachina","Adaptation+1","Establishment+1","EmptyFist","Consecrate","Perseverance","Wallop+1","FlurryOfBlows+1","FearNoEvil+1","FollowUp","EmptyMind","Crescendo+1","LikeWater+1"],"relics":["HolyWater","Anchor","Frozen Egg 2","Smiling Mask","Turnip","Strange Spoon"],"acts_visited":["Exordium","TheCity"],"potions_floor_usage":[12,14,16,24,25],"damage_taken":[{"damage":1,"enemies":"Small Slimes","floor":1,"turns":3},{"damage":0,"enemies":"Jaw Worm","floor":2,"turns":4},{"damage":4,"enemies":"Cultist","floor":3,"turns":5},{"damage":0,"enemies":"Large Slime","floor":5,"turns":5},{"damage":0,"enemies":"Red Slaver","floor":8,"turns":2},{"damage":15,"enemies":"3 Sentries","floor":12,"turns":11},{"damage":3,"enemies":"Lots of Slimes","floor":13,"turns":6},{"damage":0,"enemies":"3 Louse","floor":14,"turns":3},{"damage":36,"enemies":"Hexaghost","floor":16,"turns":11},{"damage":2,"enemies":"Shell Parasite","floor":18,"turns":8},{"damage":16,"enemies":"2 Thieves","floor":19,"turns":5},{"damage":22,"enemies":"Centurion and Healer","floor":20,"turns":10},{"damage":11,"enemies":"3 Cultists","floor":21,"turns":6},{"damage":16,"enemies":"Sentry and Sphere","floor":22,"turns":5},{"damage":0,"enemies":"Centurion and Healer","floor":24,"turns":7},{"damage":0,"enemies":"Snecko","floor":25,"turns":3},{"damage":26,"enemies":"Snake Plant","floor":30,"turns":7},{"damage":47,"enemies":"Champ","floor":33,"turns":15}],"seed_played":"4846938570084080169","potions_obtained":[{"floor":2,"key":"EssenceOfSteel"},{"floor":13,"key":"Swift Potion"},{"floor":14,"key":"Dexterity Potion"},{"floor":18,"key":"BottledMiracle"},{"floor":21,"key":"BottledMiracle"},{"floor":22,"key":"ColorlessPotion"},{"floor":24,"key":"FearPotion"}],"is_trial":false,"path_per_floor":["M","M","M","?","M","R","?","M","T","R","?","E","M","M","R","B",null,"M","M","M","M","M","R","M","M","T","R","?","R","M","$","R","B"],"character_chosen":"WATCHER","items_purchased":["Turnip","Strange Spoon","LikeWater+1"],"campfire_rested":3,"item_purchase_floors":[31,31,31],"current_hp_per_floor":[71,71,67,67,67,67,67,67,67,67,67,52,49,49,49,13,72,70,54,32,21,5,26,26,26,26,26,26,47,21,21,42,0,0],"gold":130,"neow_bonus":"TRANSFORM_CARD","is_daily":false,"chose_seed":false,"campfire_upgraded":4,"win_rate":0.0,"timestamp":1610154029,"path_taken":["M","M","M","?","M","R","?","M","T","R","?","E","M","M","R","BOSS","M","M","?","M","M","R","M","M","T","R","?","R","?","$","R","BOSS"],"items_purchased_type":["Relic","Relic","Card"],"build_version":"2020-12-22","purchased_purges":1,"victory":false,"max_hp_per_floor":[72,72,72,72,72,72,72,72,72,72,72,72,72,72,72,72,72,72,72,72,72,72,72,72,72,72,72,72,72,72,72,72,72,72],"card_choices":[{"not_picked":["Consecrate","Evaluate"],"picked":"Indignation","floor":1},{"not_picked":["Tantrum","Fasting2"],"picked":"EmptyBody","floor":2},{"not_picked":["ThirdEye","JustLucky"],"picked":"FlurryOfBlows","floor":3},{"not_picked":["CarveReality","MentalFortress"],"picked":"Halt","floor":5},{"not_picked":["ThirdEye","BowlingBash"],"picked":"Protect","floor":8},{"not_picked":["SashWhip","Collect"],"picked":"CutThroughFate","floor":12},{"not_picked":["FlyingSleeves","EmptyFist"],"picked":"DeusExMachina","floor":13},{"not_picked":["FlyingSleeves","ReachHeaven"],"picked":"Adaptation+1","floor":14},{"not_picked":["Blasphemy","Omniscience"],"picked":"Establishment+1","floor":16},{"not_picked":["DeceiveReality+1","WindmillStrike"],"picked":"EmptyFist","floor":18},{"not_picked":["CrushJoints","Tantrum"],"picked":"Consecrate","floor":19},{"not_picked":["WheelKick","Swivel"],"picked":"Perseverance","floor":20},{"not_picked":["EmptyFist+1","WheelKick+1"],"picked":"Wallop+1","floor":21},{"not_picked":["Evaluate","SashWhip"],"picked":"FlurryOfBlows","floor":22},{"not_picked":["BowlingBash","InnerPeace"],"picked":"FearNoEvil+1","floor":24},{"not_picked":["EmptyFist","EmptyBody"],"picked":"FollowUp","floor":25},{"not_picked":["Protect","BowlingBash"],"picked":"Crescendo+1","floor":30}],"player_experience":307463,"relics_obtained":[{"floor":9,"key":"Anchor"},{"floor":12,"key":"Frozen Egg 2"},{"floor":26,"key":"Smiling Mask"}],"event_choices":[{"damage_healed":0,"gold_gain":175,"player_choice":"AGREE","damage_taken":0,"max_hp_gain":0,"max_hp_loss":0,"event_name":"Liars Game","floor":4,"gold_loss":0,"cards_obtained":["Doubt"]},{"cards_removed":["Doubt"],"damage_healed":0,"gold_gain":0,"player_choice":"Forget","damage_taken":0,"max_hp_gain":0,"max_hp_loss":0,"event_name":"Living Wall","floor":7,"gold_loss":0},{"cards_removed":["Defend_P"],"damage_healed":0,"gold_gain":0,"player_choice":"Purged","damage_taken":0,"max_hp_gain":0,"max_hp_loss":0,"event_name":"Purifier","floor":11,"gold_loss":0},{"damage_healed":0,"gold_gain":0,"cards_transformed":["Strike_P"],"player_choice":"Transformed","damage_taken":0,"max_hp_gain":0,"max_hp_loss":0,"event_name":"Transmorgrifier","floor":28,"gold_loss":0,"cards_obtained":["EmptyMind"]}],"is_beta":false,"boss_relics":[{"not_picked":["Tiny House","Snecko Eye"],"picked":"HolyWater"}],"items_purged_floors":[31],"is_endless":false,"potions_floor_spawned":[2,13,14,18,21,22,24],"killed_by":"Champ","ascension_level":2}}