{"host":"15dd7v8o90xso62x","time":1610199237,"event":{"mods":["BaseMod","Minty Spire (QoL Compilation)","Quick Restart","StSLib","SuperFastMode"],"gold_per_floor":[119,136,153,168,183,183,218,218,242,242,253,279,289,301,301,301,301],"floor_reached":16,"playtime":710,"items_purged":[],"score":232,"play_id":"64efa632-f286-4be4-8fc1-8abbbedd3d6b","local_time":"20210109223357","is_ascension_mode":true,"campfire_choices":[{"data":"Sunder","floor":6.0,"key":"SMITH"},{"data":"Defragment","floor":10.0,"key":"SMITH"},{"data":"Double Energy","floor":15,"key":"SMITH"}],"circlet_count":0,"master_deck":["AscendersBane","Strike_B","Strike_B","Strike_B","Defend_B","Defend_B","Defend_B","Zap","Dualcast","Sunder+1","Doom and Gloom","Double Energy+1","Glacier","Turbo","Coolheaded","Defragment+1","Capacitor","Hologram","Compile Driver"],"relics":["Cracked Core","Omamori","Bag of Marbles"],"acts_visited":["Exordium"],"potions_floor_usage":[],"damage_taken":[{"damage":0.0,"enemies":"Small Slimes","floor":1.0,"turns":2.0},{"damage":1.0,"enemies":"Cultist","floor":2.0,"turns":3.0},{"damage":1.0,"enemies":"Jaw Worm","floor":3.0,"turns":3.0},{"damage":0.0,"enemies":"Blue Slaver","floor":4.0,"turns":4.0},{"damage":2.0,"enemies":"Lots of Slimes","floor":5.0,"turns":2.0},{"damage":8.0,"enemies":"Gremlin Nob","floor":7.0,"turns":3.0},{"damage":4.0,"enemies":"2 Fungi Beasts","floor":11.0,"turns":3.0},{"damage":22.0,"enemies":"3 Sentries","floor":12.0,"turns":6.0},{"damage":11.0,"enemies":"3 Louse","floor":13.0,"turns":4.0},{"damage":0,"enemies":"Exordium Thugs","floor":14,"turns":1},{"damage":26,"enemies":"Slime Boss","floor":16,"turns":5}],"seed_played":"-2899709261210287384","potions_obtained":[{"floor":2.0,"key":"Energy Potion"},{"floor":3.0,"key":"PowerPotion"},{"floor":7.0,"key":"Energy Potion"},{"floor":11.0,"key":"Swift Potion"}],"is_trial":false,"path_per_floor":["M","M","M","M","M","R","E","?","T","R","M","E","M","M","R","B"],"character_chosen":"DEFECT","items_purchased":[],"campfire_rested":0,"item_purchase_floors":[],"current_hp_per_floor":[64,63,62,62,60,60,52,52,52,52,48,26,15,15,15,0,0],"gold":301,"neow_bonus":"TRANSFORM_TWO_CARDS","is_daily":false,"chose_seed":false,"campfire_upgraded":3,"win_rate":0.0,"timestamp":1610199237,"path_taken":["M","M","M","M","M","R","E","?","T","R","M","E","M","M","R","BOSS"],"items_purchased_type":[],"build_version":"2020-12-22","purchased_purges":0,"victory":false,"max_hp_per_floor":[64,64,64,64,64,64,64,64,64,64,64,64,64,64,64,64,64],"card_choices":[{"not_picked":["Stack","Sweeping Beam"],"picked":"Double Energy","floor":1.0},{"not_picked":["Cold Snap","Gash"],"picked":"Glacier","floor":2.0},{"not_picked":["Redo","Rebound"],"picked":"Turbo","floor":3.0},{"not_picked":["Steam Power","Multi-Cast"],"picked":"Coolheaded","floor":4.0},{"not_picked":["Sweeping Beam","Melter"],"picked":"Defragment","floor":5.0},{"not_picked":["Streamline","Scrape","Leap"],"picked":"SKIP","floor":7.0},{"not_picked":["Conserve Battery","Defragment"],"picked":"Capacitor","floor":11.0},{"not_picked":["Streamline","Fusion"],"picked":"Hologram","floor":12.0},{"not_picked":["Scrape","Loop"],"picked":"Compile Driver","floor":13.0},{"not_picked":["All For One","Auto Shields","Double Energy"],"picked":"SKIP","floor":14}],"player_experience":1012662,"relics_obtained":[{"floor":7.0,"key":"Omamori"},{"floor":12.0,"key":"Bag of Marbles"}],"event_choices":[{"damage_healed":0.0,"max_hp_gain":0.0,"max_hp_loss":0.0,"gold_gain":0.0,"event_name":"Match and Keep!","player_choice":"0 cards matched","floor":8.0,"gold_loss":0.0,"damage_taken":0.0,"cards_obtained":[]}],"is_beta":false,"boss_relics":[],"items_purged_floors":[],"is_endless":false,"potions_floor_spawned":[2,3,4,7,11],"killed_by":"Slime Boss","ascension_level":20}}