{"host":"exyz3r55z4kt6m9o","time":1610162261,"event":{"mods":["100% Spire Juice","2.2 Compatiblity","AchievementEnabler","Aspiration","BaseMod","Better Altar","Better Match","Better Note","Better Sensory Stone","Better Skull","Better Third Choice","BetterRewards","Colored Powertips","Energized Spire","Friendly Minions","GifTheSpireLib","Infinite Spire","Ironclad Rager","Jorbs\u0027s Wanderer Trilogy","Luminous","Marisa????????","Minty Spire (QoL Compilation)","Permanent Neow","Poor People Problems","Rare Cards Sparkle","Reimu??????","Relic Filter","Replay The Spire","Spicy Shops","StSLib","The Bladedancer","The Blue Laboratory","The Gatherer","The Hayseed","The Mystic","The Runesmith","Wandering Minibosses","yUi"],"gold_per_floor":[115,130,148,73,73,98,98,98,98,118,18,18,18],"floor_reached":12,"playtime":433,"items_purged":["Runesmith:Strike_RS","Runesmith:Strike_RS"],"score":108,"play_id":"7ce3657b-926d-488a-b7c1-2e7c3992e3bd","local_time":"20210108221741","is_ascension_mode":true,"campfire_choices":[{"data":"Runesmith:Reinforce","floor":7,"key":"SMITH"}],"circlet_count":0,"master_deck":["Runesmith:Strike_RS","Runesmith:Defend_RS","Runesmith:Defend_RS","Runesmith:Defend_RS","Runesmith:Defend_RS","Runesmith:CraftFirestone","Runesmith:Fortify","Runesmith:BackupBattery","Runesmith:Reinforce+1","Runesmith:Grindstone","Runesmith:ReplicatingBarrier"],"relics":["Runesmith:BrokenRuby","Replay:Rubber Ducky","Blue Doll","Pantograph"],"acts_visited":["Exordium"],"potions_floor_usage":[6],"damage_taken":[{"damage":6,"enemies":"Cultist","floor":1,"turns":4},{"damage":0,"enemies":"Small Slimes","floor":2,"turns":4},{"damage":18,"enemies":"2 Louse","floor":3,"turns":3},{"damage":0,"enemies":"Lagavulin","floor":6,"turns":7},{"damage":0,"enemies":"2 Fungi Beasts","floor":10,"turns":4},{"damage":56,"enemies":"Gremlin Nob","floor":12,"turns":6}],"seed_played":"-3331080456568181451","potions_obtained":[{"floor":2,"key":"Reflective Coating"}],"is_trial":false,"path_per_floor":["M","M","M","$","?","E","R","?","T","M","$","E"],"character_chosen":"RUNESMITH_CLASS","items_purchased":[],"campfire_rested":0,"item_purchase_floors":[],"current_hp_per_floor":[64,64,46,46,46,46,46,39,39,39,39,0,0],"gold":18,"neow_bonus":"RANDOM_COMMON_RELIC","is_daily":false,"chose_seed":false,"campfire_upgraded":1,"win_rate":0.0,"timestamp":1610162261,"path_taken":["M","M","M","$","?","E","R","?","T","M","$","E"],"items_purchased_type":[],"build_version":"2020-12-22","purchased_purges":2,"victory":false,"max_hp_per_floor":[70,70,70,70,70,70,70,70,70,70,70,70,70],"card_choices":[{"not_picked":["Runesmith:ChiselStab","Runesmith:MakeshiftArmor"],"picked":"Runesmith:BackupBattery","floor":1},{"not_picked":["Runesmith:Prism","Runesmith:CraftProtectio"],"picked":"Runesmith:Reinforce","floor":2},{"not_picked":["Runesmith:RuneHurl","Runesmith:HeatExchange"],"picked":"Runesmith:Grindstone","floor":3},{"not_picked":["Runesmith:Repurpose","Runesmith:CraftSpiculum"],"picked":"Runesmith:ReplicatingBarrier","floor":6},{"not_picked":["Runesmith:Augment","Runesmith:BackupBattery","Runesmith:Repurpose"],"picked":"SKIP","floor":10}],"player_experience":684738,"relics_obtained":[{"floor":6,"key":"Blue Doll"},{"floor":9,"key":"Pantograph"}],"event_choices":[{"cards_removed":["Runesmith:ShiftingStrike"],"damage_healed":0,"gold_gain":0,"player_choice":"Card Removal","damage_taken":7,"max_hp_gain":0,"max_hp_loss":0,"event_name":"Golden Wing","floor":8,"gold_loss":0}],"is_beta":false,"boss_relics":[],"items_purged_floors":[4,11],"is_endless":false,"potions_floor_spawned":[2],"killed_by":"Gremlin Nob","ascension_level":1}}