{"host":"wbdly04l9mkn9nrc","time":1610187233,"event":{"mods":["AchievementEnabler","BaseMod","BetterRewards","Minty Spire (QoL Compilation)","StSLib","[IsaacMod]ÒÔÈö¼âËþ"],"gold_per_floor":[109,123,140,19,19,19,194,194,263,68,85,101,117,132,132,229,229,240,67,67,67,110,174,174,174,253,253,95,459,459,498,498,613,613,613],"floor_reached":34,"playtime":2057,"items_purged":["Strike_R","Doubt","Defend_R","Decay"],"score":505,"play_id":"9a185243-a83c-46a2-b07b-888d723a4867","local_time":"20210109181353","is_ascension_mode":false,"campfire_choices":[{"data":"True Grit","floor":6,"key":"SMITH"},{"data":"Armaments","floor":8,"key":"SMITH"},{"data":"Dual Wield","floor":15,"key":"SMITH"},{"data":"Feed","floor":25,"key":"SMITH"},{"data":"Apotheosis","floor":30,"key":"SMITH"},{"data":"Seeing Red","floor":32,"key":"SMITH"}],"circlet_count":0,"master_deck":["Strike_R","Strike_R","Strike_R","Defend_R","Defend_R","Defend_R","Bash","Feed+1","Armaments+1","Twin Strike","Seeing Red+1","True Grit+1","Burning Pact","Combust","Spot Weakness","Dual Wield+1","Wild Strike","Impervious","Power Through","Battle Trance","Apotheosis+1","Rupture+1","Double Tap"],"relics":["Burning Blood","HushsDoor","SatanicBible","SteamSale","Ancient Tea Set","Charon\u0027s Ashes","Eternal Feather","Self Forming Clay","Frozen Egg 2","Coffee Dripper","SalivaCoin","Singing Bowl","TungstenRod","White Beast Statue","Old Coin","Cursed Key"],"acts_visited":["Exordium","TheCity","TheBeyond"],"potions_floor_usage":[23,23,29],"damage_taken":[{"damage":0,"enemies":"Cultist","floor":1,"turns":4},{"damage":0,"enemies":"2 Louse","floor":2,"turns":2},{"damage":5,"enemies":"Small Slimes","floor":3,"turns":3},{"damage":0,"enemies":"Looter","floor":11,"turns":1},{"damage":6,"enemies":"Gremlin Gang","floor":12,"turns":3},{"damage":6,"enemies":"Red Slaver","floor":13,"turns":6},{"damage":7,"enemies":"Exordium Thugs","floor":14,"turns":4},{"damage":30,"enemies":"The Guardian","floor":16,"turns":10},{"damage":20,"enemies":"2 Thieves","floor":18,"turns":5},{"damage":9,"enemies":"Spheric Guardian","floor":22,"turns":4},{"damage":47,"enemies":"Slavers","floor":23,"turns":6},{"damage":30,"enemies":"Gremlin Leader","floor":29,"turns":8},{"damage":36,"enemies":"Shelled Parasite and Fungi","floor":31,"turns":5},{"damage":0,"enemies":"Automaton","floor":33,"turns":10}],"seed_played":"-251053057955691113","potions_obtained":[{"floor":2,"key":"PowerPotion"},{"floor":3,"key":"Dexterity Potion"},{"floor":11,"key":"Strength Potion"},{"floor":23,"key":"Swift Potion"},{"floor":29,"key":"ElixirPotion"},{"floor":31,"key":"BloodPotion"},{"floor":33,"key":"PowerPotion"}],"is_trial":false,"path_per_floor":["M","M","M","$","?","R","?","R","T","$","M","M","M","M","R","B",null,"M","$","?","?","M","E","?","R","T","?","$","E","R","M","R","B",null],"character_chosen":"IRONCLAD","items_purchased":["Feed","SteamSale","Ancient Tea Set","Charon\u0027s Ashes","Armaments","Twin Strike","Seeing Red","Eternal Feather","Frozen Egg 2","Spot Weakness","SalivaCoin","Battle Trance","Apotheosis"],"campfire_rested":0,"item_purchase_floors":[0,0,0,0,0,0,0,4,10,10,19,19,28],"current_hp_per_floor":[53,62,63,63,63,72,72,81,81,81,86,89,93,95,96,76,100,86,86,86,86,85,49,49,61,61,96,96,72,84,60,72,82,117,117],"gold":613,"neow_bonus":"","is_daily":false,"chose_seed":false,"campfire_upgraded":6,"win_rate":0.0,"timestamp":1610187233,"path_taken":["M","M","M","$","?","R","?","R","T","$","M","?","M","M","R","BOSS","M","$","?","?","M","E","?","R","T","?","$","E","R","M","R","BOSS"],"items_purchased_type":["Card","Relic","Relic","Relic","Card","Card","Card","Relic","Relic","Card","Relic","Card","Card"],"build_version":"2020-12-22","purchased_purges":4,"victory":false,"max_hp_per_floor":[83,86,86,86,86,86,86,86,86,86,86,89,93,96,96,100,100,100,100,100,100,102,107,107,107,107,107,107,107,107,113,113,117,117,117],"card_choices":[{"not_picked":["Flame Barrier","Thunderclap"],"picked":"True Grit","floor":1},{"not_picked":["Clothesline","Second Wind"],"picked":"Burning Pact","floor":2},{"not_picked":["Headbutt","Havoc","Fire Breathing"],"picked":"SKIP","floor":3},{"not_picked":["Warcry","Bomb"],"picked":"Dual Wield","floor":11},{"not_picked":["Warcry","Cleave","Heavy Blade"],"picked":"SKIP","floor":12},{"not_picked":["Flame Barrier","Reckless Charge"],"picked":"Wild Strike","floor":13},{"not_picked":["Cleave","Dual Wield","Feel No Pain+1"],"picked":"SKIP","floor":14},{"not_picked":["Brutality+1","Corruption+1"],"picked":"Impervious","floor":16},{"not_picked":["Combust+1","Anger+1"],"picked":"Power Through","floor":18},{"not_picked":["Shockwave","Wild Strike+1","Dropkick"],"picked":"Singing Bowl","floor":22},{"not_picked":["Searing Blow","Flex","Dropkick"],"picked":"Singing Bowl","floor":23},{"not_picked":["Inflame+1","Wild Strike+1"],"picked":"Rupture+1","floor":29},{"not_picked":["Second Wind","Thunderclap","True Grit"],"picked":"Singing Bowl","floor":31},{"not_picked":["Limit Break","Demon Form+1"],"picked":"Double Tap","floor":33}],"player_experience":212977,"relics_obtained":[{"floor":9,"key":"Self Forming Clay"},{"floor":20,"key":"Singing Bowl"},{"floor":23,"key":"TungstenRod"},{"floor":26,"key":"White Beast Statue"},{"floor":29,"key":"Old Coin"}],"event_choices":[{"damage_healed":0,"gold_gain":0,"cards_transformed":["Strike_R"],"player_choice":"Change","damage_taken":0,"max_hp_gain":0,"max_hp_loss":0,"event_name":"Living Wall","floor":5,"gold_loss":0,"cards_obtained":["Combust"]},{"damage_healed":0,"gold_gain":175,"player_choice":"AGREE","damage_taken":0,"max_hp_gain":0,"max_hp_loss":0,"event_name":"Liars Game","floor":7,"gold_loss":0,"cards_obtained":["Doubt"]},{"damage_healed":0,"gold_gain":0,"player_choice":"Relic","damage_taken":0,"max_hp_gain":0,"max_hp_loss":0,"event_name":"Wheel of Change","floor":20,"gold_loss":0},{"damage_healed":0,"gold_gain":0,"player_choice":"Ignored","damage_taken":0,"max_hp_gain":0,"max_hp_loss":0,"event_name":"Ghosts","floor":21,"gold_loss":0},{"damage_healed":0,"gold_gain":0,"player_choice":"Smashed Altar","damage_taken":0,"max_hp_gain":0,"max_hp_loss":0,"event_name":"Forgotten Altar","floor":24,"gold_loss":0,"cards_obtained":["Decay"]},{"damage_healed":35,"gold_gain":0,"player_choice":"Heal","damage_taken":0,"max_hp_gain":0,"max_hp_loss":0,"event_name":"The Library","floor":27,"gold_loss":0}],"is_beta":false,"boss_relics":[{"not_picked":["Astrolabe","Philosopher\u0027s Stone"],"picked":"Coffee Dripper"},{"not_picked":[]},{"not_picked":["Velvet Choker","Fusion Hammer"],"picked":"Cursed Key"},{"not_picked":[]}],"items_purged_floors":[0,10,19,28],"is_endless":false,"potions_floor_spawned":[2,3,11,16,23,29,31,33],"ascension_level":0}}