{"host":"uv231blk40vjdojr","time":1610191702,"event":{"mods":["AchievementEnabler","BaseMod","Bestiary","Minty Spire (QoL Compilation)","Relic Stats"],"gold_per_floor":[117,134,18,38,38,38,58,58,111,126,143,153,153,165,165,269,269,283,283,299,332,332],"floor_reached":21,"playtime":611,"items_purged":[],"score":175,"play_id":"fd983cf9-22f3-4099-b5bc-15f8f03217fc","local_time":"20210109122822","is_ascension_mode":false,"campfire_choices":[{"data":"Streamline","floor":6,"key":"SMITH"},{"data":"Darkness","floor":15,"key":"SMITH"}],"circlet_count":0,"master_deck":["Strike_B","Strike_B","Strike_B","Strike_B","Defend_B","Defend_B","Defend_B","Defend_B","Zap+1","Dualcast","Streamline+1","Sweeping Beam","Capacitor","Reinforced Body+1","Melter","Genetic Algorithm","Darkness+1","Cold Snap","Cold Snap","Go for the Eyes","Rainbow","Loop","Glacier","Blizzard"],"relics":["Cracked Core","NeowsBlessing","Nilry\u0027s Codex","Red Mask"],"acts_visited":["Exordium","TheCity"],"potions_floor_usage":[10,11,16],"damage_taken":[{"damage":0,"enemies":"Jaw Worm","floor":1,"turns":1},{"damage":0,"enemies":"2 Louse","floor":2,"turns":1},{"damage":0,"enemies":"Small Slimes","floor":4,"turns":1},{"damage":7,"enemies":"3 Louse","floor":7,"turns":3},{"damage":9,"enemies":"Large Slime","floor":10,"turns":4},{"damage":10,"enemies":"Gremlin Gang","floor":11,"turns":3},{"damage":4,"enemies":"Blue Slaver","floor":12,"turns":4},{"damage":5,"enemies":"Red Slaver","floor":14,"turns":4},{"damage":11,"enemies":"Hexaghost","floor":16,"turns":7},{"damage":5,"enemies":"Chosen","floor":18,"turns":4},{"damage":0,"enemies":"Spheric Guardian","floor":20,"turns":2},{"damage":50,"enemies":"Masked Bandits","floor":21,"turns":7}],"seed_played":"-8501790043519602594","potions_obtained":[{"floor":2,"key":"GamblersBrew"},{"floor":7,"key":"Explosive Potion"},{"floor":11,"key":"Swift Potion"},{"floor":12,"key":"PowerPotion"},{"floor":18,"key":"SteroidPotion"},{"floor":20,"key":"SmokeBomb"}],"is_trial":false,"path_per_floor":["M","M","$","M","?","R","M","?","T","M","M","M","?","M","R","B",null,"M","?","M","?"],"character_chosen":"DEFECT","items_purchased":["Capacitor","Reinforced Body"],"campfire_rested":0,"item_purchase_floors":[3,3],"current_hp_per_floor":[75,75,75,75,75,75,68,68,68,59,49,45,30,25,25,14,75,70,54,54,4,4],"gold":332,"neow_bonus":"THREE_ENEMY_KILL","is_daily":false,"chose_seed":false,"campfire_upgraded":2,"win_rate":0.0,"timestamp":1610191702,"path_taken":["M","M","$","M","?","R","M","?","T","M","M","M","?","M","R","BOSS","M","?","M","?"],"items_purchased_type":["Card","Card"],"build_version":"2020-12-22","purchased_purges":0,"victory":false,"max_hp_per_floor":[75,75,75,75,75,75,75,75,75,75,75,75,75,75,75,75,75,75,75,75,75,75],"relic_stats":{"counters":[12,41],"obtain_stats":[{"NeowsBlessing":0,"Nilry\u0027s Codex":19,"Red Mask":21,"Cracked Core":0},{"NeowsBlessing":0,"Nilry\u0027s Codex":10,"Red Mask":12,"Cracked Core":0},{"NeowsBlessing":0,"Nilry\u0027s Codex":32,"Red Mask":41,"Cracked Core":0}]},"card_choices":[{"not_picked":["Hologram","Leap"],"picked":"Streamline","floor":1},{"not_picked":["Chaos","Turbo"],"picked":"Sweeping Beam","floor":2},{"not_picked":["Force Field","Leap"],"picked":"Melter","floor":4},{"not_picked":["Compile Driver","Ball Lightning"],"picked":"Genetic Algorithm","floor":7},{"not_picked":["Rebound","Meteor Strike"],"picked":"Darkness","floor":10},{"not_picked":["White Noise","Reinforced Body"],"picked":"Cold Snap","floor":11},{"not_picked":["Turbo","Leap"],"picked":"Cold Snap","floor":12},{"not_picked":["Genetic Algorithm","Reinforced Body"],"picked":"Go for the Eyes","floor":14},{"not_picked":["Thunder Strike","Amplify"],"picked":"Rainbow","floor":16},{"not_picked":["Conserve Battery","Barrage+1"],"picked":"Loop","floor":18},{"not_picked":["Leap","Hello World"],"picked":"Glacier","floor":20},{"not_picked":["Go for the Eyes","Coolheaded"],"picked":"Blizzard","floor":21}],"player_experience":618652,"relics_obtained":[{"floor":19,"key":"Nilry\u0027s Codex"},{"floor":21,"key":"Red Mask"}],"event_choices":[{"damage_healed":0,"gold_gain":0,"player_choice":"Ignored","damage_taken":0,"max_hp_gain":0,"max_hp_loss":0,"event_name":"Liars Game","floor":5,"gold_loss":0},{"damage_healed":0,"gold_gain":0,"player_choice":"Searched \u00270\u0027 times","damage_taken":0,"max_hp_gain":0,"max_hp_loss":0,"event_name":"Dead Adventurer","floor":8,"gold_loss":0},{"damage_healed":0,"gold_gain":0,"player_choice":"Entered Light","damage_taken":15,"max_hp_gain":0,"max_hp_loss":0,"event_name":"Shining Light","floor":13,"gold_loss":0,"cards_upgraded":["Zap","Reinforced Body"]},{"damage_healed":0,"gold_gain":0,"player_choice":"Obtained Book","damage_taken":16,"max_hp_gain":0,"max_hp_loss":0,"event_name":"Cursed Tome","floor":19,"gold_loss":0},{"damage_healed":0,"gold_gain":0,"player_choice":"Fought Bandits","damage_taken":0,"max_hp_gain":0,"max_hp_loss":0,"event_name":"Masked Bandits","floor":21,"gold_loss":0}],"is_beta":false,"boss_relics":[{"not_picked":["Runic Pyramid","Nuclear Battery","Calling Bell"]}],"items_purged_floors":[],"is_endless":false,"potions_floor_spawned":[2,7,11,12,18,20,21],"killed_by":"Masked Bandits","ascension_level":0}}