{"host":"b1nq0yziqa64sqqa","time":1610200768,"event":{"mods":["AchievementEnabler","BaseMod","Colored Map","Colored Powertips","Highlight Path","Minty Spire (QoL Compilation)","Quick Restart","StSLib","SuperFastMode"],"gold_per_floor":[369,369,383,395,8,8,24,39,39,50,125,125,141,155,155,255,255,274,274,262,222,232,232,251,251,251,251,251],"floor_reached":27,"playtime":1188,"items_purged":["Shame"],"score":209,"play_id":"8c0eba0c-a1a8-49c3-90b9-918c3436780c","local_time":"20210109155928","is_ascension_mode":false,"campfire_choices":[{"data":"Consume","floor":6.0,"key":"SMITH"},{"data":"Hologram","floor":12.0,"key":"SMITH"},{"floor":15.0,"key":"REST"},{"floor":23,"key":"REST"},{"floor":25,"key":"REST"}],"circlet_count":0,"master_deck":["Strike_B","Strike_B","Strike_B","Strike_B","Defend_B","Defend_B","Defend_B","Defend_B","Zap","Dualcast+1","Turbo","Rebound","Self Repair","Consume+1","Redo","Core Surge","Hologram+1","Leap+1","Reprogram+1","Leap+1","Buffer+1","Melter","Aggregate+1","Conserve Battery+1","Melter"],"relics":["Cracked Core","Bag of Preparation","Sling","Toxic Egg 2","Inserter","TungstenRod"],"acts_visited":["Exordium","TheCity"],"potions_floor_usage":[27],"damage_taken":[{"damage":1.0,"enemies":"Jaw Worm","floor":1.0,"turns":3.0},{"damage":1.0,"enemies":"Cultist","floor":3.0,"turns":3.0},{"damage":5.0,"enemies":"2 Louse","floor":4.0,"turns":3.0},{"damage":0.0,"enemies":"Looter","floor":7.0,"turns":2.0},{"damage":18.0,"enemies":"Lots of Slimes","floor":8.0,"turns":3.0},{"damage":14.0,"enemies":"Blue Slaver","floor":10.0,"turns":3.0},{"damage":8.0,"enemies":"Large Slime","floor":13.0,"turns":6.0},{"damage":16.0,"enemies":"2 Fungi Beasts","floor":14.0,"turns":4.0},{"damage":52.0,"enemies":"Hexaghost","floor":16.0,"turns":16.0},{"damage":5,"enemies":"Chosen","floor":18,"turns":8},{"damage":25,"enemies":"2 Thieves","floor":20,"turns":4},{"damage":19,"enemies":"Cultist and Chosen","floor":22,"turns":8},{"damage":39,"enemies":"Snake Plant","floor":24,"turns":6},{"damage":55,"enemies":"3 Cultists","floor":27,"turns":6}],"seed_played":"-1097295993783350148","potions_obtained":[{"floor":1.0,"key":"SkillPotion"},{"floor":3.0,"key":"LiquidMemories"},{"floor":14.0,"key":"DuplicationPotion"},{"floor":16.0,"key":"FocusPotion"},{"floor":20,"key":"Strength Potion"}],"is_trial":false,"path_per_floor":["M","?","M","M","$","R","M","M","T","M","?","R","M","M","R","B",null,"M","?","M","?","M","R","M","R","T","M"],"character_chosen":"DEFECT","items_purchased":["Self Repair","Sling","Consume","Redo"],"campfire_rested":3,"item_purchase_floors":[5,5,5,5],"current_hp_per_floor":[74,74,73,68,68,68,75,64,64,57,46,46,45,36,58,20,75,75,61,43,43,31,55,23,47,47,0,0],"gold":251,"neow_bonus":"TWO_FIFTY_GOLD","is_daily":false,"chose_seed":false,"campfire_upgraded":2,"win_rate":0.0,"timestamp":1610200768,"path_taken":["M","?","M","?","$","R","M","M","T","M","?","R","M","M","R","BOSS","M","?","M","?","M","R","M","R","T","M"],"items_purchased_type":["Card","Relic","Card","Card"],"build_version":"2020-12-22","purchased_purges":1,"victory":false,"max_hp_per_floor":[75,75,75,75,75,75,75,75,75,75,75,75,75,75,75,75,75,75,80,80,80,80,80,80,80,80,80,80],"card_choices":[{"not_picked":["Rip and Tear","Skim"],"picked":"Doom and Gloom","floor":1.0},{"not_picked":["Go for the Eyes","Barrage"],"picked":"Turbo","floor":3.0},{"not_picked":["Gash","Heatsinks"],"picked":"Rebound","floor":4.0},{"not_picked":["Compile Driver","Stack"],"picked":"Core Surge","floor":7.0},{"not_picked":["BootSequence","Streamline"],"picked":"Hologram","floor":8.0},{"not_picked":["Redo+1","Capacitor"],"picked":"Leap+1","floor":10.0},{"not_picked":["Leap+1","Turbo+1"],"picked":"Reprogram+1","floor":13.0},{"not_picked":["Compile Driver","Thunder Strike"],"picked":"Leap+1","floor":14.0},{"not_picked":["Reboot+1","Hyperbeam"],"picked":"Buffer","floor":16.0},{"not_picked":["Capacitor","Cold Snap"],"picked":"Melter","floor":18},{"not_picked":["Storm","Leap+1"],"picked":"Aggregate+1","floor":20},{"not_picked":["Ball Lightning","Darkness+1"],"picked":"Conserve Battery+1","floor":22},{"not_picked":["Double Energy+1","Sweeping Beam"],"picked":"Melter","floor":24}],"player_experience":79764,"relics_obtained":[{"floor":9.0,"key":"Toxic Egg 2"},{"floor":26,"key":"TungstenRod"}],"event_choices":[{"cards_removed":["Doom and Gloom"],"damage_healed":0.0,"max_hp_gain":0.0,"max_hp_loss":0.0,"gold_gain":0.0,"event_name":"WeMeetAgain","player_choice":"Gave Card","floor":2.0,"gold_loss":0.0,"damage_taken":0.0,"relics_obtained":["Bag of Preparation"]},{"damage_healed":0.0,"max_hp_gain":0.0,"max_hp_loss":0.0,"gold_gain":75.0,"event_name":"World of Goop","player_choice":"Gather Gold","floor":11.0,"gold_loss":0.0,"damage_taken":11.0},{"damage_healed":0,"gold_gain":0,"player_choice":"Shed Blood","damage_taken":19,"max_hp_gain":5,"max_hp_loss":0,"event_name":"Forgotten Altar","floor":19,"gold_loss":0},{"damage_healed":0,"gold_gain":0,"player_choice":"Upgraded Two","damage_taken":0,"max_hp_gain":0,"max_hp_loss":0,"event_name":"Designer","floor":21,"gold_loss":40,"cards_upgraded":["Dualcast","Buffer"]}],"is_beta":false,"boss_relics":[{"not_picked":["Calling Bell","Ectoplasm"],"picked":"Inserter"}],"items_purged_floors":[5],"is_endless":false,"potions_floor_spawned":[1,3,14,16,20],"killed_by":"3 Cultists","ascension_level":0}}