{"host":"25fn74ijs2305xd4","time":1610185238,"event":{"mods":["AchievementEnabler","BaseMod","Colored Map","Colored Powertips","Minty Spire (QoL Compilation)","Relic Stats","StSLib"],"gold_per_floor":[117,67,82,157,173,205,224,224,224,224,224,244,264,289,289,386,386,400,390,390,409,409,409],"floor_reached":22,"playtime":1589,"items_purged":[],"score":218,"play_id":"5562dba2-7da2-4687-9a6a-7caaec1cb372","local_time":"20210109104038","is_ascension_mode":true,"campfire_choices":[{"data":"Capacitor","floor":8.0,"key":"SMITH"},{"data":"Coolheaded","floor":10.0,"key":"SMITH"},{"data":"Creative AI","floor":15.0,"key":"SMITH"}],"circlet_count":0,"master_deck":["Strike_B","Strike_B","Strike_B","Defend_B","Defend_B","Defend_B","Defend_B","Zap","Dualcast","FTL","Go for the Eyes+1","Coolheaded+1","Barrage","Capacitor+1","Fission","Sunder","Creative AI+1","Machine Learning","Coolheaded","Stack+1"],"relics":["Cracked Core","Ancient Tea Set","Torii","Mango","Gambling Chip","Snecko Eye","NlothsMask"],"acts_visited":["TheCity"],"potions_floor_usage":[18],"damage_taken":[{"damage":11.0,"enemies":"Small Slimes","floor":1.0,"turns":4.0},{"damage":3.0,"enemies":"2 Louse","floor":3.0,"turns":4.0},{"damage":0.0,"enemies":"Cultist","floor":5.0,"turns":3.0},{"damage":14.0,"enemies":"Lagavulin","floor":6.0,"turns":9.0},{"damage":0.0,"enemies":"Red Slaver","floor":7.0,"turns":4.0},{"damage":5.0,"enemies":"Gremlin Gang","floor":12.0,"turns":4.0},{"damage":15.0,"enemies":"Lots of Slimes","floor":13.0,"turns":5.0},{"damage":14.0,"enemies":"Gremlin Nob","floor":14.0,"turns":3.0},{"damage":5.0,"enemies":"Hexaghost","floor":16.0,"turns":10.0},{"damage":12,"enemies":"3 Byrds","floor":18,"turns":3},{"damage":38,"enemies":"2 Thieves","floor":19,"turns":4},{"damage":31,"enemies":"Centurion and Healer","floor":21,"turns":12},{"damage":11,"enemies":"Shelled Parasite and Fungi","floor":22,"turns":2}],"seed_played":"8259267028106402003","potions_obtained":[{"floor":1.0,"key":"BlessingOfTheForge"},{"floor":3.0,"key":"EntropicBrew"},{"floor":6.0,"key":"ColorlessPotion"},{"floor":16.0,"key":"Explosive Potion"}],"is_trial":false,"path_per_floor":["M","?","M","?","M","E","M","R","T","R","?","M","M","E","R","B",null,"M","M","?","M","M"],"character_chosen":"DEFECT","items_purchased":[],"campfire_rested":0,"item_purchase_floors":[],"current_hp_per_floor":[64,64,61,50,50,36,36,36,50,50,50,45,30,16,16,11,89,77,39,39,8,0,0],"gold":409,"neow_bonus":"RANDOM_COMMON_RELIC","is_daily":false,"chose_seed":false,"campfire_upgraded":3,"win_rate":0.0,"timestamp":1610185238,"path_taken":["M","?","M","?","M","E","M","R","T","R","?","?","M","E","R","BOSS","M","M","?","?","M"],"items_purchased_type":[],"build_version":"2020-12-22","purchased_purges":0,"victory":false,"max_hp_per_floor":[75,75,75,75,75,75,75,75,89,89,89,89,89,89,89,89,89,89,89,89,89,89,89],"relic_stats":{"Torii":7,"counters":[4,21],"Gambling Chip":[20],"Snecko Eye":[36,58,60,55],"obtain_stats":[{"Torii":0,"Gambling Chip":0,"Snecko Eye":17,"Mango":0,"Cracked Core":0,"Ancient Tea Set":0,"NlothsMask":20},{"Torii":0,"Gambling Chip":0,"Snecko Eye":0,"Mango":0,"Cracked Core":0,"Ancient Tea Set":0,"NlothsMask":2},{"Torii":0,"Gambling Chip":0,"Snecko Eye":0,"Mango":0,"Cracked Core":0,"Ancient Tea Set":0,"NlothsMask":7}]},"card_choices":[{"not_picked":["Coolheaded","Fusion"],"picked":"FTL","floor":1.0},{"not_picked":["Static Discharge","Hologram"],"picked":"Go for the Eyes","floor":3.0},{"not_picked":["Sweeping Beam","Auto Shields"],"picked":"Coolheaded","floor":5.0},{"not_picked":["Fusion","Steam"],"picked":"Barrage","floor":6.0},{"not_picked":["Hologram","Compile Driver"],"picked":"Capacitor","floor":7.0},{"not_picked":["Hologram","Barrage"],"picked":"Fission","floor":12.0},{"not_picked":["Rebound","Undo"],"picked":"Sunder","floor":13.0},{"not_picked":["Go for the Eyes","Static Discharge"],"picked":"Creative AI","floor":14.0},{"not_picked":["Thunder Strike","All For One"],"picked":"Machine Learning","floor":16.0},{"not_picked":["Chaos","Heatsinks+1"],"picked":"Coolheaded","floor":18},{"not_picked":["Genetic Algorithm","Turbo","Reprogram"],"picked":"SKIP","floor":19},{"not_picked":["Ball Lightning+1","Go for the Eyes+1"],"picked":"Stack+1","floor":21}],"player_experience":23856,"relics_obtained":[{"floor":6.0,"key":"Torii"},{"floor":9.0,"key":"Mango"},{"floor":14.0,"key":"Gambling Chip"}],"event_choices":[{"cards_removed":["Strike_B"],"damage_healed":0.0,"max_hp_gain":0.0,"max_hp_loss":0.0,"gold_gain":0.0,"event_name":"The Cleric","player_choice":"Card Removal","floor":2.0,"gold_loss":50.0,"damage_taken":0.0},{"damage_healed":0.0,"max_hp_gain":0.0,"max_hp_loss":0.0,"gold_gain":75.0,"event_name":"World of Goop","player_choice":"Gather Gold","floor":4.0,"gold_loss":0.0,"damage_taken":11.0},{"damage_healed":0.0,"max_hp_gain":0.0,"max_hp_loss":0.0,"gold_gain":0.0,"event_name":"Upgrade Shrine","player_choice":"Upgraded","floor":11.0,"gold_loss":0.0,"damage_taken":0.0,"cards_upgraded":["Go for the Eyes"]},{"damage_healed":0,"gold_gain":0,"player_choice":"Trade","damage_taken":0,"relics_obtained":["NlothsMask"],"max_hp_gain":0,"max_hp_loss":0,"event_name":"FaceTrader","floor":20,"gold_loss":0}],"is_beta":false,"boss_relics":[{"not_picked":["Busted Crown","Velvet Choker"],"picked":"Snecko Eye"}],"items_purged_floors":[],"is_endless":false,"potions_floor_spawned":[1,3,6,16],"killed_by":"Shelled Parasite and Fungi","ascension_level":2}}