{"host":"hgkb2zpbo2dcws21","time":1610183841,"event":{"mods":["AchievementEnabler","BaseMod","Colored Map","Colored Powertips","Custom Start","DeckTracker","KOR Keyword Fix","Minty Spire (QoL Compilation)","Relic Stats","StSLib","SuperFastMode"],"gold_per_floor":[115,115,132,148,161,161,161,161],"floor_reached":7,"playtime":203,"items_purged":[],"score":80,"play_id":"33ed9db3-0ac1-4179-9c65-df9c78a2fabd","local_time":"20210109181721","is_ascension_mode":true,"campfire_choices":[{"floor":6,"key":"REST"}],"circlet_count":0,"master_deck":["AscendersBane","Strike_P","Strike_P","Strike_P","Defend_P","Defend_P","Defend_P","Defend_P","Eruption","Vigilance","DeusExMachina","ForeignInfluence","Adaptation","Pray"],"relics":["PureWater"],"acts_visited":["Exordium"],"potions_floor_usage":[],"damage_taken":[{"damage":7,"enemies":"Cultist","floor":1,"turns":3},{"damage":13,"enemies":"Small Slimes","floor":3,"turns":6},{"damage":9,"enemies":"2 Louse","floor":4,"turns":4},{"damage":8,"enemies":"Blue Slaver","floor":5,"turns":5},{"damage":43,"enemies":"Gremlin Nob","floor":7,"turns":3}],"seed_played":"1437705557850215488","potions_obtained":[],"is_trial":false,"path_per_floor":["M","?","M","M","M","R","E"],"character_chosen":"WATCHER","items_purchased":[],"campfire_rested":1,"item_purchase_floors":[],"current_hp_per_floor":[36,36,23,14,6,26,0,0],"gold":161,"neow_bonus":"THREE_RARE_CARDS","is_daily":false,"chose_seed":false,"campfire_upgraded":0,"win_rate":0.0,"timestamp":1610183841,"path_taken":["M","?","M","?","M","R","E"],"items_purchased_type":[],"build_version":"2020-12-22","purchased_purges":0,"victory":false,"max_hp_per_floor":[68,68,68,68,68,68,68,68],"relic_stats":{"counters":[5,21],"obtain_stats":[{"PureWater":0},{"PureWater":0},{"PureWater":0}]},"card_choices":[{"not_picked":["Wish","Devotion"],"picked":"DeusExMachina","floor":0},{"not_picked":["ThirdEye","JustLucky"],"picked":"ForeignInfluence","floor":1},{"not_picked":["FollowUp","WindmillStrike"],"picked":"Adaptation","floor":3},{"not_picked":["Crescendo","BowlingBash"],"picked":"Pray","floor":4},{"not_picked":["Consecrate","Evaluate","Study"],"picked":"SKIP","floor":5}],"player_experience":1135104,"relics_obtained":[],"event_choices":[{"cards_removed":["Strike_P"],"damage_healed":0,"gold_gain":0,"player_choice":"Purged","damage_taken":0,"max_hp_gain":0,"max_hp_loss":0,"event_name":"Purifier","floor":2,"gold_loss":0}],"is_beta":false,"boss_relics":[],"items_purged_floors":[],"is_endless":false,"potions_floor_spawned":[],"killed_by":"Gremlin Nob","ascension_level":17}}