{"host":"kh6fvhxn285ncg0o","time":1610218139,"event":{"mods":["Act Like it!","BaseMod","Colored Map","Friendly Minions","Keyboard Shortcuts","Minty Spire (QoL Compilation)","Quick Restart","Relic Stats","StSLib","SuperFastMode"],"gold_per_floor":[109,109,120,45,120,120,150,150,174,200,216,216,229,264,264,338,338,350,365,153,53,86,86,86],"floor_reached":23,"playtime":549,"items_purged":["Strike_R","Strike_R","Strike_R"],"score":414,"play_id":"61dd4a42-9ba9-4ca3-b91b-8a664848e3b4","local_time":"20210110034859","is_ascension_mode":true,"campfire_choices":[{"data":"Carnage","floor":6.0,"key":"SMITH"},{"data":"Rage","floor":8.0,"key":"SMITH"},{"data":"Blood for Blood","floor":15.0,"key":"SMITH"}],"circlet_count":0,"master_deck":["AscendersBane","Strike_R","Strike_R","Defend_R","Defend_R","Defend_R","Defend_R+1","Bash","Offering+1","Carnage+1","Rage+1","Evolve","Blood for Blood+1","Impervious","Fiend Fire"],"relics":["Burning Blood","The Courier","War Paint","Ancient Tea Set","Shuriken","Philosopher\u0027s Stone","Bag of Marbles","Red Mask"],"acts_visited":["Exordium","TheCity"],"potions_floor_usage":[22,23],"damage_taken":[{"damage":8.0,"enemies":"Jaw Worm","floor":1.0,"turns":3.0},{"damage":10.0,"enemies":"Small Slimes","floor":3.0,"turns":3.0},{"damage":7.0,"enemies":"Lagavulin","floor":7.0,"turns":8.0},{"damage":28.0,"enemies":"3 Sentries","floor":10.0,"turns":8.0},{"damage":1.0,"enemies":"2 Louse","floor":11.0,"turns":3.0},{"damage":6.0,"enemies":"Blue Slaver","floor":13.0,"turns":2.0},{"damage":14.0,"enemies":"Gremlin Nob","floor":14.0,"turns":3.0},{"damage":22.0,"enemies":"Hexaghost","floor":16.0,"turns":8.0},{"damage":6.0,"enemies":"Shell Parasite","floor":18.0,"turns":1.0},{"damage":30,"enemies":"3 Byrds","floor":19,"turns":6},{"damage":52,"enemies":"Masked Bandits","floor":22,"turns":6},{"damage":26,"enemies":"Slavers","floor":23,"turns":3}],"seed_played":"3614519867154595065","potions_obtained":[{"floor":1.0,"key":"SkillPotion"},{"floor":10.0,"key":"BloodPotion"},{"floor":11.0,"key":"EssenceOfSteel"},{"floor":13.0,"key":"BloodPotion"},{"floor":22,"key":"BloodPotion"}],"is_trial":false,"path_per_floor":["M","?","M","$","?","R","E","R","T","E","M","?","M","E","R","B",null,"M","M","$","$","?","E"],"character_chosen":"IRONCLAD","items_purchased":["Bag of Marbles"],"campfire_rested":0,"item_purchase_floors":[20],"current_hp_per_floor":[48,53,49,49,38,38,37,37,37,15,20,20,36,28,28,12,63,63,39,39,39,9,0,0],"gold":86,"neow_bonus":"THREE_RARE_CARDS","is_daily":false,"chose_seed":false,"campfire_upgraded":3,"win_rate":0.0,"timestamp":1610218139,"path_taken":["M","?","M","$","?","R","E","R","T","E","M","?","?","E","R","BOSS","M","M","?","$","?","E"],"items_purchased_type":["Relic"],"build_version":"2020-12-22","purchased_purges":3,"victory":false,"max_hp_per_floor":[75,80,80,80,80,80,80,80,80,80,80,80,80,80,80,80,80,80,80,80,80,80,80,80],"relic_stats":{"counters":[12,54],"Shuriken":[9],"War Paint":["Defend_R","Offering"],"obtain_stats":[{"Shuriken":14,"Philosopher\u0027s Stone":17,"The Courier":7,"Bag of Marbles":20,"Red Mask":22,"War Paint":9,"Ancient Tea Set":10,"Burning Blood":0},{"Shuriken":7,"Philosopher\u0027s Stone":8,"The Courier":3,"Bag of Marbles":10,"Red Mask":11,"War Paint":3,"Ancient Tea Set":4,"Burning Blood":0},{"Shuriken":30,"Philosopher\u0027s Stone":38,"The Courier":14,"Bag of Marbles":45,"Red Mask":51,"War Paint":14,"Ancient Tea Set":22,"Burning Blood":0}],"Burning Blood":66},"card_choices":[{"not_picked":["Corruption","Reaper"],"picked":"Offering","floor":0.0},{"not_picked":["Rupture","Flex"],"picked":"Carnage","floor":1.0},{"not_picked":["Headbutt","Clothesline"],"picked":"Rage","floor":3.0},{"not_picked":["Warcry","Inflame","Body Slam"],"picked":"SKIP","floor":7.0},{"not_picked":["Perfected Strike","Bloodletting"],"picked":"Evolve","floor":10.0},{"not_picked":["Pommel Strike","Bloodletting","Flex"],"picked":"SKIP","floor":11.0},{"not_picked":["Havoc","Pommel Strike"],"picked":"Blood for Blood","floor":13.0},{"not_picked":["Warcry","Bloodletting"],"picked":"Impervious","floor":14.0},{"not_picked":["Brutality","Double Tap"],"picked":"Fiend Fire","floor":16.0}],"player_experience":3402621,"relics_obtained":[{"floor":7.0,"key":"The Courier"},{"floor":9.0,"key":"War Paint"},{"floor":10.0,"key":"Ancient Tea Set"},{"floor":14.0,"key":"Shuriken"},{"floor":22,"key":"Red Mask"}],"event_choices":[{"damage_healed":0.0,"max_hp_gain":5.0,"max_hp_loss":0.0,"gold_gain":0.0,"event_name":"Big Fish","player_choice":"Donut","floor":2.0,"gold_loss":0.0,"damage_taken":0.0},{"damage_healed":0.0,"max_hp_gain":0.0,"max_hp_loss":0.0,"gold_gain":75.0,"event_name":"World of Goop","player_choice":"Gather Gold","floor":5.0,"gold_loss":0.0,"damage_taken":11.0},{"damage_healed":0.0,"max_hp_gain":0.0,"max_hp_loss":0.0,"gold_gain":0.0,"event_name":"Scrap Ooze","player_choice":"Fled","floor":12.0,"gold_loss":0.0,"damage_taken":0.0},{"damage_healed":0,"gold_gain":0,"player_choice":"Fought Bandits","damage_taken":0,"max_hp_gain":0,"max_hp_loss":0,"event_name":"Masked Bandits","floor":22,"gold_loss":0}],"is_beta":false,"boss_relics":[{"not_picked":["Cursed Key","Runic Cube"],"picked":"Philosopher\u0027s Stone"}],"items_purged_floors":[4,20,21],"is_endless":false,"potions_floor_spawned":[1,10,11,13,22],"killed_by":"Slavers","ascension_level":20}}