{"host":"kjehzzhcyp0nyrrl","time":1610202647,"event":{"mods":["AchievementEnabler","BaseMod","Custom Start","Hermit","Keyboard Shortcuts","Koishi","Minty Spire (QoL Compilation)","StSLib","SuperFastMode","The Dragon Tamer","The Hierophant","everything is the same but u backflip on backflip"],"gold_per_floor":[110,110,183,200,200,226,226,251,303,228,228,248,248,137,137,239,239,252,262,280,280,37,37,37,37],"floor_reached":24,"playtime":373,"items_purged":["Strike_B","Decay"],"score":374,"play_id":"84d243f6-c3d9-483c-b87c-b57969c95713","local_time":"20210109233047","is_ascension_mode":true,"campfire_choices":[{"data":"Streamline","floor":7,"key":"SMITH"},{"data":"Thunder Strike","floor":11,"key":"SMITH"},{"data":"Skim","floor":13,"key":"SMITH"},{"data":"Ball Lightning","floor":15,"key":"SMITH"},{"floor":23,"key":"RECALL"}],"circlet_count":0,"master_deck":["Strike_B","Defend_B+1","Defend_B","Defend_B","Defend_B","Zap+1","Dualcast","Streamline+1","Ball Lightning+1","Go for the Eyes","Thunder Strike+1","Skim+1","All For One","Conserve Battery"],"relics":["Cracked Core","NeowsBlessing","Gremlin Horn","Singing Bowl","Toy Ornithopter","MealTicket","Empty Cage","Medical Kit"],"acts_visited":["Exordium","TheCity"],"potions_floor_usage":[24],"damage_taken":[{"damage":0,"enemies":"Cultist","floor":1,"turns":1},{"damage":0,"enemies":"2 Louse","floor":4,"turns":1},{"damage":0,"enemies":"Gremlin Nob","floor":6,"turns":1},{"damage":22,"enemies":"Lagavulin","floor":8,"turns":5},{"damage":7,"enemies":"Jaw Worm","floor":12,"turns":2},{"damage":0,"enemies":"Slime Boss","floor":16,"turns":7},{"damage":38,"enemies":"2 Thieves","floor":18,"turns":4},{"damage":4,"enemies":"Chosen","floor":19,"turns":4},{"damage":6,"enemies":"Snecko","floor":20,"turns":5},{"damage":46,"enemies":"Gremlin Leader","floor":24,"turns":4}],"seed_played":"-4471746161853122364","potions_obtained":[{"floor":4,"key":"BlessingOfTheForge"},{"floor":12,"key":"Block Potion"},{"floor":16,"key":"LiquidBronze"},{"floor":18,"key":"AttackPotion"}],"is_trial":false,"path_per_floor":["M","T","?","M","?","E","R","E","T","$","R","M","R","?","R","B",null,"M","M","M","?","$","R","E"],"character_chosen":"DEFECT","items_purchased":["Medical Kit"],"campfire_rested":0,"item_purchase_floors":[22],"current_hp_per_floor":[68,68,68,68,53,53,53,31,31,31,31,24,24,24,24,24,62,24,22,18,18,33,33,0,0],"gold":37,"neow_bonus":"THREE_ENEMY_KILL","is_daily":false,"chose_seed":false,"campfire_upgraded":4,"win_rate":0.0,"timestamp":1610202647,"path_taken":["M","?","?","M","?","E","R","E","T","?","R","M","R","?","R","BOSS","M","M","M","?","$","R","E"],"items_purchased_type":["Relic"],"build_version":"2020-12-22","purchased_purges":2,"victory":false,"max_hp_per_floor":[75,75,75,75,75,75,75,75,75,75,75,75,75,75,75,75,75,75,77,79,79,79,79,79,79],"card_choices":[{"not_picked":["Barrage","Leap"],"picked":"Streamline","floor":1},{"not_picked":["Hello World","Force Field"],"picked":"Ball Lightning","floor":4},{"not_picked":["Fission","Reinforced Body"],"picked":"Go for the Eyes","floor":6},{"not_picked":["Hello World","Lockon"],"picked":"Thunder Strike","floor":8},{"not_picked":["Turbo","Sweeping Beam"],"picked":"Skim","floor":12},{"not_picked":["Hyperbeam","Seek"],"picked":"All For One","floor":16},{"not_picked":["Double Energy","Reinforced Body"],"picked":"Conserve Battery","floor":18},{"not_picked":["Barrage","Turbo","Sweeping Beam+1"],"picked":"Singing Bowl","floor":19},{"not_picked":["Cold Snap","Reprogram+1","Static Discharge"],"picked":"Singing Bowl","floor":20}],"player_experience":391261,"relics_obtained":[{"floor":6,"key":"Gremlin Horn"},{"floor":8,"key":"Singing Bowl"},{"floor":9,"key":"Toy Ornithopter"}],"event_choices":[{"damage_healed":0,"gold_gain":73,"player_choice":"Gained Gold","damage_taken":0,"max_hp_gain":0,"max_hp_loss":0,"event_name":"Golden Wing","floor":3,"gold_loss":0},{"damage_healed":0,"gold_gain":0,"player_choice":"Entered Light","damage_taken":15,"max_hp_gain":0,"max_hp_loss":0,"event_name":"Shining Light","floor":5,"gold_loss":0,"cards_upgraded":["Zap","Defend_B"]},{"damage_healed":0,"gold_gain":0,"player_choice":"Paid Gold","damage_taken":0,"relics_obtained":["MealTicket"],"max_hp_gain":0,"max_hp_loss":0,"event_name":"WeMeetAgain","floor":14,"gold_loss":111},{"damage_healed":0,"gold_gain":0,"player_choice":"Smashed Altar","damage_taken":0,"max_hp_gain":0,"max_hp_loss":0,"event_name":"Forgotten Altar","floor":21,"gold_loss":0,"cards_obtained":["Decay"]}],"is_beta":false,"boss_relics":[{"not_picked":["SlaversCollar","Tiny House"],"picked":"Empty Cage"}],"items_purged_floors":[10,22],"is_endless":false,"potions_floor_spawned":[4,12,16,18,19],"killed_by":"Gremlin Leader","ascension_level":7}}