{"host":"ig7tc0uedzltt2sr","time":1610236109,"event":{"mods":["BaseMod","Better Twitch Integration","Block Reminder","Colored Map","Colored Powertips","Communication Mod","Current Relic Mod","GifTheSpireLib","HexUI Lib","Minty Spire (QoL Compilation)","Quick Restart","Random Character Button","Rare Cards Sparkle","Relic Sorter","Relic Stats","Slay the Relics Exporter","StSLib","SuperFastMode","Synergy Search","Twitch Decklist","Twitch Utils","everything is the same but u backflip on backflip","slay the spire mod where everything is the same but ironclad has a cowboy hat"],"gold_per_floor":[111,111,125,138,156,156,156],"floor_reached":6,"playtime":40,"items_purged":[],"score":38,"play_id":"87331dbe-15f3-46d3-8cb4-eb623a1fdbd0","local_time":"20210109154829","is_ascension_mode":false,"campfire_choices":[],"circlet_count":0,"master_deck":["Strike_R","Strike_R","Strike_R","Strike_R","Strike_R","Defend_R","Defend_R","Defend_R","Defend_R","Bash","Regret"],"relics":["Burning Blood","Blood Vial"],"acts_visited":["Exordium"],"potions_floor_usage":[],"damage_taken":[{"damage":5,"enemies":"2 Louse","floor":1,"turns":3},{"damage":35,"enemies":"Jaw Worm","floor":3,"turns":5},{"damage":13,"enemies":"Cultist","floor":4,"turns":4},{"damage":48,"enemies":"3 Louse","floor":5,"turns":5},{"damage":18,"enemies":"Gremlin Nob","floor":6,"turns":2}],"seed_played":"-6246455611343513093","potions_obtained":[{"floor":5,"key":"Energy Potion"}],"is_trial":false,"path_per_floor":["M","?","M","M","M","E"],"character_chosen":"IRONCLAD","items_purchased":[],"campfire_rested":0,"item_purchase_floors":[],"current_hp_per_floor":[88,88,59,54,14,0,0],"gold":156,"neow_bonus":"TEN_PERCENT_HP_BONUS","is_daily":false,"chose_seed":false,"campfire_upgraded":0,"win_rate":0.0,"timestamp":1610236109,"path_taken":["M","?","M","M","M","E"],"items_purchased_type":[],"build_version":"2020-12-22","purchased_purges":0,"victory":false,"max_hp_per_floor":[88,88,88,88,88,88,88],"relic_stats":{"Blood Vial":6,"counters":[5,19],"obtain_stats":[{"Blood Vial":2,"Burning Blood":0},{"Blood Vial":1,"Burning Blood":0},{"Blood Vial":3,"Burning Blood":0}],"Burning Blood":23},"card_choices":[{"not_picked":["Sword Boomerang","Shrug It Off","Warcry"],"picked":"SKIP","floor":1},{"not_picked":["Dropkick","Headbutt","Pommel Strike"],"picked":"SKIP","floor":3},{"not_picked":["Whirlwind","Burning Pact","Clothesline"],"picked":"SKIP","floor":4},{"not_picked":["Power Through","Uppercut","Warcry"],"picked":"SKIP","floor":5}],"player_experience":1475135,"relics_obtained":[],"event_choices":[{"damage_healed":0,"gold_gain":0,"player_choice":"Box","damage_taken":0,"relics_obtained":["Blood Vial"],"max_hp_gain":0,"max_hp_loss":0,"event_name":"Big Fish","floor":2,"gold_loss":0,"cards_obtained":["Regret"]}],"is_beta":false,"boss_relics":[],"items_purged_floors":[],"is_endless":false,"potions_floor_spawned":[5],"killed_by":"Gremlin Nob","ascension_level":0}}