{"host":"r6da5kb9dzaaglw2","time":1610203913,"event":{"mods":["AchievementEnabler","BaseMod","Colored Powertips","Duelist Mod","GifTheSpireLib","Minty Spire (QoL Compilation)","StSLib"],"gold_per_floor":[11,22,22,22,22,56,74,74,97,124,138,156,182,192,192,290,290,290,164,164,164,164,164,164,164,164,164,164,164,164,164,164,164,164,164,64,64,64,64,64,64,64,64,64,38,38,38,0,0,0,0,0,0,0,0],"floor_reached":56,"playtime":4593,"items_purged":["theDuelist:CastleWalls","theDuelist:PsiCurse"],"score":1595,"play_id":"c75eb036-6f9f-48b5-ba8b-769160f294b4","local_time":"20210109155153","is_ascension_mode":true,"campfire_choices":[{"floor":15,"key":"REST"},{"data":"theDuelist:ToonRollback","floor":27,"key":"SMITH"},{"data":"theDuelist:MillenniumShield","floor":32,"key":"SMITH"},{"floor":40,"key":"RECALL"},{"data":"theDuelist:MillenniumSpellbook","floor":42,"key":"SMITH"},{"data":"theDuelist:TrapHole","floor":49,"key":"SMITH"},{"data":"theDuelist:ToonSummonedSkull","floor":52,"key":"SMITH"}],"circlet_count":0,"master_deck":["theDuelist:CastleWalls+1","theDuelist:RainbowKuriboh","theDuelist:ToonAncientGear","theDuelist:Sparks","theDuelist:GoldenApples+1","theDuelist:BlockGolem+1","theDuelist:ToonDarkMagician+1","theDuelist:ToonSummonedSkull+1","theDuelist:GoldenApples+1","theDuelist:MillenniumShield+1","theDuelist:GauntletWarrior+1","theDuelist:TrapHole+1"],"relics":["theDuelist:MillenniumPuzzle","theDuelist:CardPoolRelic","theDuelist:CardPoolBasicRelic","theDuelist:BoosterPackPoolRelic","theDuelist:CardPoolAddRelic","theDuelist:CardPoolMinusRelic","theDuelist:CardPoolSaveRelic","theDuelist:CardPoolOptionsRelic","Lantern","Potion Belt","Red Skull","Ectoplasm","Dream Catcher","theDuelist:SummonAnchor","Blood Vial","theDuelist:MillenniumRing","Whetstone","Coffee Dripper","Bird Faced Urn","Pocketwatch","Mango","War Paint","CeramicFish","Art of War","theDuelist:FatMaxHPRelic","Ice Cream"],"acts_visited":["Exordium","TheCity","TheBeyond","TheEnding"],"potions_floor_usage":[12,16,18,18,23,25,30,33,35,38,44,50,55,55],"damage_taken":[{"damage":2,"enemies":"Jaw Worm","floor":1,"turns":2},{"damage":3,"enemies":"Small Slimes","floor":2,"turns":2},{"damage":29,"enemies":"Gremlin Nob","floor":6,"turns":4},{"damage":6,"enemies":"2 Louse","floor":7,"turns":2},{"damage":18,"enemies":"3 Sentries","floor":10,"turns":7},{"damage":4,"enemies":"Exordium Thugs","floor":11,"turns":2},{"damage":2,"enemies":"Blue Slaver","floor":12,"turns":3},{"damage":5,"enemies":"Gremlin Nob","floor":13,"turns":3},{"damage":3,"enemies":"3 Louse","floor":14,"turns":2},{"damage":10,"enemies":"The Guardian","floor":16,"turns":8},{"damage":15,"enemies":"3 Byrds","floor":18,"turns":6},{"damage":7,"enemies":"Shell Parasite","floor":22,"turns":3},{"damage":6,"enemies":"Book of Stabbing","floor":23,"turns":6},{"damage":19,"enemies":"Slavers","floor":25,"turns":6},{"damage":0,"enemies":"Gremlin Leader","floor":30,"turns":4},{"damage":9,"enemies":"Snake Plant","floor":31,"turns":4},{"damage":4,"enemies":"Champ","floor":33,"turns":10},{"damage":0,"enemies":"3 Darklings","floor":35,"turns":3},{"damage":4,"enemies":"Orb Walker","floor":37,"turns":3},{"damage":10,"enemies":"Orb Walker","floor":38,"turns":8},{"damage":27,"enemies":"Giant Head","floor":41,"turns":8},{"damage":78,"enemies":"Nemesis","floor":44,"turns":7},{"damage":30,"enemies":"Giant Head","floor":46,"turns":10},{"damage":2,"enemies":"Sphere and 2 Shapes","floor":47,"turns":3},{"damage":7,"enemies":"Time Eater","floor":50,"turns":7},{"damage":3,"enemies":"Shield and Spear","floor":54,"turns":6},{"damage":58,"enemies":"The Heart","floor":55,"turns":10}],"seed_played":"-6972238153670863282","potions_obtained":[{"floor":1,"key":"theDuelist:SealedPackB"},{"floor":6,"key":"theDuelist:TokenPotionB"},{"floor":10,"key":"EntropicBrew"},{"floor":11,"key":"theDuelist:BigOrbBottle"},{"floor":13,"key":"theDuelist:DebuffFuryPotion"},{"floor":23,"key":"BlessingOfTheForge"},{"floor":25,"key":"Block Potion"},{"floor":31,"key":"theDuelist:WaterBottle"},{"floor":41,"key":"CultistPotion"},{"floor":44,"key":"SpeedPotion"},{"floor":46,"key":"theDuelist:WhiteBottle"}],"is_trial":false,"path_per_floor":["M","M","$","?","?","E","M","?","T","E","M","M","E","M","R","B",null,"M","$","?","?","M","E","?","E","T","R","?","?","E","M","R","B",null,"M","$","M","?","?","R","E","R","T","E","$","E","M","?","R","B",null,"R","$","E","B",null],"character_chosen":"THE_DUELIST","items_purchased":["theDuelist:ToonAncientGear","theDuelist:FatMaxHPRelic"],"campfire_rested":1,"item_purchase_floors":[19,45],"current_hp_per_floor":[78,75,75,75,86,57,51,51,51,33,29,27,22,19,46,36,91,76,76,76,76,69,63,63,44,44,44,44,44,46,39,39,37,91,91,91,87,93,93,93,72,72,72,21,221,195,195,195,195,194,305,305,305,302,251],"gold":0,"neow_bonus":"REMOVE_TWO","is_daily":false,"chose_seed":false,"campfire_upgraded":5,"win_rate":0.0,"timestamp":1610203913,"path_taken":["M","M","$","?","?","E","M","?","T","E","?","M","E","M","R","BOSS","M","$","?","?","?","E","?","E","T","R","?","?","E","M","R","BOSS","M","?","?","?","?","R","E","R","T","E","$","E","?","?","R","BOSS","R","$","E","BOSS"],"items_purchased_type":["Card","Relic"],"build_version":"2020-12-22","purchased_purges":2,"victory":true,"max_hp_per_floor":[80,80,80,80,91,91,91,91,91,91,91,91,91,91,91,91,91,91,91,91,91,91,91,91,91,91,91,91,91,91,91,91,91,91,91,91,91,105,105,105,105,105,105,105,305,305,305,305,305,305,305,305,305,305,305],"card_choices":[{"not_picked":["theDuelist:ToonBriefcase","theDuelist:DarkMirrorForce","theDuelist:RainbowGravity","theDuelist:Wiretap"],"picked":"theDuelist:GoldenApples","floor":1},{"not_picked":["theDuelist:ToonMermaid","theDuelist:CheerfulCoffin","theDuelist:ToonBarrelDragon","theDuelist:SpellShatteringArrow","theDuelist:MangaRyuRan"],"picked":"SKIP","floor":2},{"not_picked":["theDuelist:CheerfulCoffin","theDuelist:ToonAncientGear","theDuelist:ToonTable","theDuelist:AncientGearFist"],"picked":"theDuelist:ToonDarkMagician","floor":6},{"not_picked":["theDuelist:Hinotama","theDuelist:DarkFactory","theDuelist:SphereKuriboh","theDuelist:ChangeHeart","theDuelist:WormWarlord"],"picked":"SKIP","floor":7},{"not_picked":["theDuelist:BattleguardKing","theDuelist:Fissure","theDuelist:GilfordLegend","theDuelist:Sangan","theDuelist:Raigeki"],"picked":"SKIP","floor":10},{"not_picked":["theDuelist:Mudora","theDuelist:DokiDoki","theDuelist:DarkCreator","theDuelist:HarpieFeather","theDuelist:JamBreeding"],"picked":"SKIP","floor":11},{"not_picked":["theDuelist:DummyGolem","theDuelist:GiantSoldierSteel","theDuelist:RainbowOverdragon","theDuelist:Blockman"],"picked":"theDuelist:RainbowKuriboh","floor":12},{"not_picked":["theDuelist:MangaRyuRan","theDuelist:ToonBarrelDragon","theDuelist:ToonDefense","theDuelist:ShadowToon"],"picked":"theDuelist:ToonDarkMagicianGirl","floor":13},{"not_picked":["theDuelist:ComicHand","theDuelist:Mathematician","theDuelist:SmashingGround"],"picked":"SKIP","floor":14},{"not_picked":["theDuelist:SwordsConcealing","theDuelist:HeartUnderdog","theDuelist:Blockman","theDuelist:UltraPolymerization"],"picked":"theDuelist:MillenniumShield","floor":16},{"not_picked":["theDuelist:ToonSummonedSkull","theDuelist:AncientGearFist","theDuelist:ComicHand+1","theDuelist:ToonMask+1","theDuelist:FeatherShot"],"picked":"SKIP","floor":18},{"not_picked":["theDuelist:BattleOx+1","theDuelist:Reload","theDuelist:EarthEffigy","theDuelist:HammerShot","theDuelist:DarkHole"],"picked":"SKIP","floor":22},{"not_picked":["theDuelist:GilfordLegend+1","theDuelist:Hinotama","theDuelist:Mudora","theDuelist:PowerGiant","theDuelist:GaiaMidNightSun+1"],"picked":"SKIP","floor":23},{"not_picked":["theDuelist:AncientGearFist","theDuelist:SpellShatteringArrow","theDuelist:ToonTable","theDuelist:TributeDoomed"],"picked":"theDuelist:ToonRollback","floor":25},{"not_picked":["theDuelist:Blockman","theDuelist:ForbiddenLance","theDuelist:OrbMetronome","theDuelist:RainbowJar","theDuelist:SmashingGround"],"picked":"SKIP","floor":30},{"not_picked":["theDuelist:GaiaMidNightSun","theDuelist:DummyGolem","theDuelist:WormWarlord+1","theDuelist:MagicalStone"],"picked":"theDuelist:FluteKuriboh+1","floor":31},{"not_picked":["theDuelist:ToonMaskedSorcerer","theDuelist:GiantTrunade+1","theDuelist:ToonCannonSoldier","theDuelist:ComicHand","theDuelist:ToonTable+1"],"picked":"SKIP","floor":35},{"not_picked":["theDuelist:Blockman","theDuelist:LabyrinthWall+1","theDuelist:MudGolem+1","theDuelist:RainbowOverdragon+1","theDuelist:PotForbidden"],"picked":"SKIP","floor":37},{"not_picked":["theDuelist:ToonBriefcase+1","theDuelist:ToonWorld+1","theDuelist:SwordsConcealing+1","theDuelist:HeartUnderdog+1"],"picked":"theDuelist:ToonKingdom+1","floor":38},{"not_picked":["theDuelist:WormWarlord","theDuelist:FlameTiger+1","theDuelist:DianKeto","theDuelist:DokiDoki"],"picked":"theDuelist:BlockGolem+1","floor":41},{"not_picked":["theDuelist:AncientGearFist","theDuelist:ToonCannonSoldier","theDuelist:ToonDefense","theDuelist:SwordsConcealing"],"picked":"theDuelist:ShadowToon+1","floor":44},{"not_picked":["theDuelist:BattleguardKing+1","theDuelist:LightningDarts+1","theDuelist:RainbowOverdragon","theDuelist:SmashingGround+1"],"picked":"theDuelist:GauntletWarrior+1","floor":46},{"not_picked":["theDuelist:MangaRyuRan+1","theDuelist:CheerfulCoffin+1","theDuelist:RedEyesToon+1","theDuelist:SpellShatteringArrow+1","theDuelist:ToonMaskedSorcerer+1"],"picked":"SKIP","floor":47},{"not_picked":["theDuelist:ToonDarkMagician+1","theDuelist:ShadowToon+1","theDuelist:RedEyesToon+1","theDuelist:ToonCannonSoldier+1","theDuelist:ToonMaskedSorcerer+1"],"picked":"SKIP","floor":54}],"player_experience":488666,"relics_obtained":[{"floor":6,"key":"Lantern"},{"floor":10,"key":"Potion Belt"},{"floor":13,"key":"Red Skull"},{"floor":23,"key":"Dream Catcher"},{"floor":25,"key":"theDuelist:SummonAnchor"},{"floor":26,"key":"Blood Vial"},{"floor":30,"key":"Whetstone"},{"floor":38,"key":"Bird Faced Urn"},{"floor":38,"key":"Pocketwatch"},{"floor":38,"key":"Mango"},{"floor":41,"key":"War Paint"},{"floor":43,"key":"CeramicFish"},{"floor":44,"key":"Art of War"},{"floor":46,"key":"Ice Cream"}],"event_choices":[{"damage_healed":0,"gold_gain":0,"player_choice":"Grow","damage_taken":0,"max_hp_gain":0,"max_hp_loss":0,"event_name":"Living Wall","floor":4,"gold_loss":0,"cards_upgraded":["theDuelist:GoldenApples"]},{"total_magic_score":48,"gold_gain":0,"duelist":true,"damage_taken":0,"relics_obtained":[],"points":10,"max_hp_gain":11,"max_hp_loss":0,"spent_points":{"magic":2,"greed":0,"war":0,"power":4,"hunger":4},"event_name":"Nameless Tomb","hunger_reward":4,"floor":5,"gold_loss":0,"cards_obtained":[]},{"damage_healed":0,"gold_gain":0,"player_choice":"Upgraded","damage_taken":0,"max_hp_gain":0,"max_hp_loss":0,"event_name":"Upgrade Shrine","floor":8,"gold_loss":0,"cards_upgraded":["theDuelist:ToonDarkMagician"]},{"damage_healed":0,"gold_gain":0,"player_choice":"Leave","duelist":true,"damage_taken":0,"max_hp_gain":0,"max_hp_loss":0,"event_name":"Tomb of the Nameless","floor":20,"gold_loss":0},{"damage_healed":0,"gold_gain":100,"player_choice":"Pray","damage_taken":0,"max_hp_gain":0,"max_hp_loss":0,"event_name":"Golden Shrine","floor":21,"gold_loss":0},{"damage_healed":0,"gold_gain":0,"player_choice":"Leave","duelist":true,"damage_taken":0,"max_hp_gain":0,"max_hp_loss":0,"event_name":"Relic Duplicator","floor":24,"gold_loss":0},{"damage_healed":0,"gold_gain":0,"player_choice":"Took item - Received: Millennium Ring","duelist":true,"damage_taken":0,"max_hp_gain":0,"max_hp_loss":0,"event_name":"Millennium Items","floor":28,"gold_loss":0},{"damage_healed":0,"gold_gain":0,"player_choice":"Copied","damage_taken":0,"max_hp_gain":0,"max_hp_loss":0,"event_name":"Duplicator","floor":29,"gold_loss":0,"cards_obtained":["theDuelist:GoldenApples"]},{"damage_healed":0,"gold_gain":0,"player_choice":"Fight","duelist":true,"damage_taken":0,"max_hp_gain":0,"max_hp_loss":0,"event_name":"Battle City","floor":38,"gold_loss":0},{"damage_healed":0,"gold_gain":0,"player_choice":"Took item - Received: Millennium Spellbook","duelist":true,"damage_taken":0,"max_hp_gain":0,"max_hp_loss":0,"event_name":"Millennium Items","floor":39,"gold_loss":0},{"damage_healed":0,"gold_gain":0,"player_choice":"Purchased Trap Hole for 38 Gold.","duelist":true,"damage_taken":0,"max_hp_gain":0,"max_hp_loss":0,"event_name":"Card Trader","floor":48,"gold_loss":0}],"is_beta":false,"boss_relics":[{"not_picked":["Snecko Eye","Empty Cage"],"picked":"Ectoplasm"},{"not_picked":["Philosopher\u0027s Stone","theDuelist:MillenniumKey"],"picked":"Coffee Dripper"}],"items_purged_floors":[19,36],"is_endless":false,"potions_floor_spawned":[1,6,10,11,13,23,25,31,41,44,46],"ascension_level":2}}