{"host":"14y9n3v2xxmmniak","time":1610204375,"event":{"mods":["BaseMod","Colored Map","Colored Powertips","Dark Map","Dio Mod","Minty Spire (QoL Compilation)","Rare Cards Sparkle","Relic Stats","StSLib","The Vixen"],"gold_per_floor":[114,134,150,170,184,184,164,193,220,246,268,280,302,314,326,338,338],"floor_reached":16,"playtime":905,"items_purged":[],"score":106,"play_id":"aa9aa7b3-8481-46ad-b1b2-dc7ad8186e30","local_time":"20210109085935","is_ascension_mode":false,"campfire_choices":[{"data":"dioMod:LaserVision","floor":6,"key":"SMITH"},{"data":"dioMod:HeavyLifting","floor":15,"key":"SMITH"}],"circlet_count":0,"master_deck":["dioMod:Strike","dioMod:Strike","dioMod:Strike","dioMod:Strike","Bite","dioMod:Defend","dioMod:Defend","dioMod:Defend","dioMod:Defend","dioMod:ComboFever","dioMod:HeavyLifting+1","dioMod:Diversion","dioMod:FlyAway","dioMod:LaserVision+1","dioMod:Regeneration","dioMod:GoodbyeJojo","dioMod:LaserVision","dioMod:BlendIn"],"relics":["dioMod:VampireBlood","NeowsBlessing","Gambling Chip","MawBank","Pen Nib"],"acts_visited":["Exordium"],"potions_floor_usage":[8,8,8,16,16],"damage_taken":[{"damage":0,"enemies":"2 Louse","floor":1,"turns":1},{"damage":0,"enemies":"Cultist","floor":2,"turns":1},{"damage":0,"enemies":"Jaw Worm","floor":3,"turns":1},{"damage":25,"enemies":"Lots of Slimes","floor":4,"turns":6},{"damage":17,"enemies":"2 Fungi Beasts","floor":5,"turns":5},{"damage":28,"enemies":"Gremlin Nob","floor":8,"turns":5},{"damage":5,"enemies":"Large Slime","floor":10,"turns":6},{"damage":0,"enemies":"Lots of Slimes","floor":11,"turns":1},{"damage":5,"enemies":"Exordium Wildlife","floor":13,"turns":2},{"damage":96,"enemies":"The Guardian","floor":16,"turns":13}],"seed_played":"-4421039099238827128","potions_obtained":[{"floor":3,"key":"dioMod:HumanBlood"},{"floor":4,"key":"BlessingOfTheForge"},{"floor":7,"key":"Swift Potion"},{"floor":8,"key":"LiquidMemories"},{"floor":10,"key":"LiquidMemories"},{"floor":11,"key":"DistilledChaos"}],"is_trial":false,"path_per_floor":["M","M","M","M","M","R","?","E","T","M","M","?","M","$","R","B"],"character_chosen":"THE_DEFAULT","items_purchased":[],"campfire_rested":0,"item_purchase_floors":[],"current_hp_per_floor":[75,75,75,66,59,59,59,45,45,51,66,66,67,67,67,0,0],"gold":338,"neow_bonus":"THREE_ENEMY_KILL","is_daily":false,"chose_seed":false,"campfire_upgraded":2,"win_rate":0.0,"timestamp":1610204375,"path_taken":["M","M","M","M","M","R","?","E","T","?","M","?","?","$","R","BOSS"],"items_purchased_type":[],"build_version":"2020-12-22","purchased_purges":0,"victory":false,"max_hp_per_floor":[75,75,75,75,75,75,75,75,75,75,75,75,75,75,75,75,75],"relic_stats":{"counters":[10,41],"Gambling Chip":[11],"Pen Nib":[2],"MawBank":84,"obtain_stats":[{"NeowsBlessing":0,"dioMod:VampireBlood":0,"Gambling Chip":8,"Pen Nib":12,"MawBank":9},{"NeowsBlessing":0,"dioMod:VampireBlood":0,"Gambling Chip":6,"Pen Nib":8,"MawBank":6},{"NeowsBlessing":0,"dioMod:VampireBlood":0,"Gambling Chip":19,"Pen Nib":26,"MawBank":19}]},"card_choices":[{"not_picked":["dioMod:BloodShield","dioMod:CoffinBath"],"picked":"dioMod:ComboFever","floor":1},{"not_picked":["dioMod:StreetSign","dioMod:Minions"],"picked":"dioMod:HeavyLifting","floor":2},{"not_picked":["dioMod:WRYYY","dioMod:HeavyLifting"],"picked":"dioMod:Diversion","floor":3},{"not_picked":["dioMod:SadisticLaugh","dioMod:DisarmingVoice"],"picked":"dioMod:FlyAway","floor":4},{"not_picked":["dioMod:MudaMudaMuda","dioMod:SecretPlan"],"picked":"dioMod:LaserVision","floor":5},{"not_picked":["dioMod:HeavyLifting","dioMod:Minions"],"picked":"dioMod:Regeneration","floor":8},{"not_picked":["dioMod:FlyAway","dioMod:BloodTransfusion"],"picked":"dioMod:GoodbyeJojo","floor":10},{"not_picked":["dioMod:ComposedMuda","dioMod:BloodSplash"],"picked":"dioMod:LaserVision","floor":11},{"not_picked":["dioMod:ComboFever","dioMod:GoodbyeJojo"],"picked":"dioMod:BlendIn","floor":13}],"player_experience":1069,"relics_obtained":[{"floor":8,"key":"Gambling Chip"},{"floor":9,"key":"MawBank"}],"event_choices":[{"damage_healed":0,"gold_gain":0,"player_choice":"Bought 1 Potion","damage_taken":0,"max_hp_gain":0,"max_hp_loss":0,"event_name":"The Woman in Blue","floor":7,"gold_loss":0},{"damage_healed":0,"gold_gain":0,"player_choice":"Gave Potion","damage_taken":0,"relics_obtained":["Pen Nib"],"max_hp_gain":0,"max_hp_loss":0,"event_name":"WeMeetAgain","floor":12,"gold_loss":0}],"is_beta":false,"boss_relics":[],"items_purged_floors":[],"is_endless":false,"potions_floor_spawned":[3,4,8,10,11],"killed_by":"The Guardian","ascension_level":0}}