{"host":"14y9n3v2xxmmniak","time":1610207841,"event":{"mods":["BaseMod","Colored Map","Colored Powertips","Dark Map","Dio Mod","Minty Spire (QoL Compilation)","Rare Cards Sparkle","Relic Stats","StSLib","The Saiyan","The Vixen","The Wild Card"],"gold_per_floor":[119,119,119,46,61,61,84,84,108,144,162,162,13,27,27,27,27],"floor_reached":16,"playtime":686,"items_purged":[],"score":100,"play_id":"d282c7ca-a777-4ece-8153-6baf83eaefd5","local_time":"20210109095721","is_ascension_mode":false,"campfire_choices":[{"data":"theWildCard:Abstinence","floor":8,"key":"SMITH"},{"data":"theWildCard:Attunement","floor":15,"key":"SMITH"}],"circlet_count":0,"master_deck":["theWildCard:BasicStrike","theWildCard:BasicStrike","theWildCard:BasicStrike","theWildCard:BasicStrike","theWildCard:BasicDefend+1","theWildCard:BasicDefend","theWildCard:BasicDefend","theWildCard:BasicDefend+1","theWildCard:CallToAdventure","theWildCard:Arsene+1","theWildCard:Patience","theWildCard:Abstinence+1","theWildCard:EnergizedStroke","theWildCard:SacrificialStroke","theWildCard:UnendingRitual","theWildCard:Attunement+1","theWildCard:PowerOfTheArcana"],"relics":["theWildCard:VelvetContract","Golden Idol","PreservedInsect","Nunchaku","Membership Card"],"acts_visited":["Exordium"],"potions_floor_usage":[5,5,16,16],"damage_taken":[{"damage":5,"enemies":"Small Slimes","floor":1,"turns":3},{"damage":0,"enemies":"2 Louse","floor":5,"turns":3},{"damage":4,"enemies":"Jaw Worm","floor":7,"turns":3},{"damage":14,"enemies":"Lagavulin","floor":10,"turns":7},{"damage":9,"enemies":"Red Slaver","floor":11,"turns":4},{"damage":10,"enemies":"Blue Slaver","floor":14,"turns":6},{"damage":34,"enemies":"Slime Boss","floor":16,"turns":3}],"seed_played":"6615518042501541094","potions_obtained":[{"floor":5,"key":"EntropicBrew"},{"floor":10,"key":"BlessingOfTheForge"}],"is_trial":false,"path_per_floor":["M","?","?","$","M","$","M","R","T","E","M","?","$","M","R","B"],"character_chosen":"THE_WILD_CARD","items_purchased":["theWildCard:Abstinence","Membership Card"],"campfire_rested":0,"item_purchase_floors":[4,13],"current_hp_per_floor":[61,61,49,49,54,54,50,50,50,36,27,27,27,17,17,0,0],"gold":27,"neow_bonus":"TEN_PERCENT_HP_BONUS","is_daily":false,"chose_seed":false,"campfire_upgraded":2,"win_rate":0.0,"timestamp":1610207841,"path_taken":["M","?","?","?","M","$","?","R","T","E","M","?","?","M","R","BOSS"],"items_purchased_type":["Card","Relic"],"build_version":"2020-12-22","purchased_purges":0,"victory":false,"max_hp_per_floor":[66,61,61,61,66,66,66,66,66,66,66,66,66,66,66,66,66],"relic_stats":{"Nunchaku":[1],"counters":[7,29],"Golden Idol":22,"PreservedInsect":28,"obtain_stats":[{"theWildCard:VelvetContract":0,"Nunchaku":10,"Golden Idol":2,"PreservedInsect":9,"Membership Card":13},{"theWildCard:VelvetContract":0,"Nunchaku":4,"Golden Idol":1,"PreservedInsect":3,"Membership Card":5},{"theWildCard:VelvetContract":0,"Nunchaku":16,"Golden Idol":3,"PreservedInsect":9,"Membership Card":20}]},"card_choices":[{"not_picked":["theWildCard:EnergizedStroke","theWildCard:ManOfManyFaces"],"picked":"theWildCard:Patience","floor":1},{"not_picked":["theWildCard:SeveringSlash","theWildCard:ArcaneArts"],"picked":"theWildCard:EnergizedStroke","floor":5},{"not_picked":["theWildCard:SeveringSlash","theWildCard:StingingStrike"],"picked":"theWildCard:SacrificialStroke","floor":7},{"not_picked":["theWildCard:Impatience","theWildCard:Scathach"],"picked":"theWildCard:UnendingRitual","floor":10},{"not_picked":["theWildCard:TheUniverse","theWildCard:EnergizedStroke"],"picked":"theWildCard:Attunement","floor":11},{"not_picked":["theWildCard:Odin","theWildCard:BladeOfGenerations"],"picked":"theWildCard:PowerOfTheArcana","floor":14}],"player_experience":4275,"relics_obtained":[{"floor":9,"key":"PreservedInsect"},{"floor":10,"key":"Nunchaku"}],"event_choices":[{"damage_healed":0,"gold_gain":0,"player_choice":"Lose Max HP","damage_taken":0,"relics_obtained":["Golden Idol"],"max_hp_gain":0,"max_hp_loss":5,"event_name":"Golden Idol","floor":2,"gold_loss":0},{"damage_healed":0,"gold_gain":0,"player_choice":"Entered Light","damage_taken":12,"max_hp_gain":0,"max_hp_loss":0,"event_name":"Shining Light","floor":3,"gold_loss":0,"cards_upgraded":["theWildCard:BasicDefend","theWildCard:BasicDefend"]},{"damage_healed":0,"gold_gain":0,"player_choice":"Forge","damage_taken":0,"max_hp_gain":0,"max_hp_loss":0,"event_name":"Accursed Blacksmith","floor":12,"gold_loss":0,"cards_upgraded":["theWildCard:Arsene"]}],"is_beta":false,"boss_relics":[],"items_purged_floors":[],"is_endless":false,"potions_floor_spawned":[5,10],"killed_by":"Slime Boss","ascension_level":0}}