{"host":"c97twqu0op5dg8i4","time":1610215164,"event":{"mods":["BaseMod","Minty Spire (QoL Compilation)"],"gold_per_floor":[113,188,199,199,199,199,230,230,256,54,89,108,131,82,82,82,82],"floor_reached":16,"playtime":235,"items_purged":[],"score":157,"play_id":"196fc539-d05d-4dcc-9873-e6619ab67b37","local_time":"20210109125924","is_ascension_mode":true,"campfire_choices":[{"data":"Inflame","floor":6,"key":"SMITH"},{"floor":8,"key":"REST"},{"floor":15,"key":"DIG"}],"circlet_count":0,"master_deck":["Strike_R","Strike_R","Strike_R","Strike_R","Strike_R","Defend_R+1","Defend_R+1","Defend_R","Defend_R","Bash","Cleave","Inflame+1","Flame Barrier","Heavy Blade","Sever Soul","Sentinel","Shrug It Off"],"relics":["Burning Blood","NeowsBlessing","Tiny Chest","Golden Idol","Shovel","Bag of Marbles","Vajra","Charon\u0027s Ashes","Nunchaku","War Paint"],"acts_visited":["Exordium"],"potions_floor_usage":[16,16],"damage_taken":[{"damage":0,"enemies":"Small Slimes","floor":1,"turns":1},{"damage":0,"enemies":"Jaw Worm","floor":3,"turns":1},{"damage":0,"enemies":"3 Sentries","floor":7,"turns":2},{"damage":8,"enemies":"Gremlin Nob","floor":11,"turns":3},{"damage":0,"enemies":"Cultist","floor":12,"turns":2},{"damage":71,"enemies":"The Guardian","floor":16,"turns":10}],"seed_played":"1253219377255429839","potions_obtained":[{"floor":7,"key":"PowerPotion"},{"floor":12,"key":"Swift Potion"}],"is_trial":false,"path_per_floor":["M","?","M","?","?","R","E","R","T","$","E","M","T","$","R","B"],"character_chosen":"IRONCLAD","items_purchased":["Vajra","Heavy Blade","Shrug It Off"],"campfire_rested":1,"item_purchase_floors":[10,10,14],"current_hp_per_floor":[80,69,75,57,37,37,43,67,67,67,65,71,71,71,71,0,0],"gold":82,"neow_bonus":"THREE_ENEMY_KILL","is_daily":false,"chose_seed":false,"campfire_upgraded":1,"win_rate":0.0,"timestamp":1610215164,"path_taken":["M","?","M","?","?","R","E","R","T","?","E","?","?","$","R","BOSS"],"items_purchased_type":["Relic","Card","Card"],"build_version":"2020-12-22","purchased_purges":0,"victory":false,"max_hp_per_floor":[80,80,80,80,80,80,80,80,80,80,80,80,80,80,80,80,80],"card_choices":[{"not_picked":["Hemokinesis","Pommel Strike"],"picked":"Cleave","floor":1},{"not_picked":["Hemokinesis","Carnage"],"picked":"Inflame","floor":3},{"not_picked":["True Grit","Warcry"],"picked":"Flame Barrier","floor":7},{"not_picked":["Shrug It Off","Dropkick"],"picked":"Sever Soul","floor":11},{"not_picked":["Pommel Strike","Iron Wave"],"picked":"Sentinel","floor":12}],"player_experience":266587,"relics_obtained":[{"floor":7,"key":"Shovel"},{"floor":9,"key":"Bag of Marbles"},{"floor":11,"key":"Charon\u0027s Ashes"},{"floor":13,"key":"Nunchaku"},{"floor":15,"key":"War Paint"}],"event_choices":[{"damage_healed":0,"gold_gain":75,"player_choice":"Gather Gold","damage_taken":11,"max_hp_gain":0,"max_hp_loss":0,"event_name":"World of Goop","floor":2,"gold_loss":0},{"damage_healed":0,"gold_gain":0,"player_choice":"Success","damage_taken":18,"relics_obtained":["Tiny Chest"],"max_hp_gain":0,"max_hp_loss":0,"event_name":"Scrap Ooze","floor":4,"gold_loss":0},{"damage_healed":0,"gold_gain":0,"player_choice":"Take Damage","damage_taken":20,"relics_obtained":["Golden Idol"],"max_hp_gain":0,"max_hp_loss":0,"event_name":"Golden Idol","floor":5,"gold_loss":0}],"is_beta":false,"boss_relics":[],"items_purged_floors":[],"is_endless":false,"potions_floor_spawned":[7,12],"killed_by":"The Guardian","ascension_level":4}}