{"host":"my77oq6kb6j47rwl","time":1610232032,"event":{"mods":["BaseMod","Better Third Choice","Curses Come First","Displayed Cursed Tome","Emptier Cage","Hermit","Ironclad Rager","Minty Spire (QoL Compilation)","Quick Restart","Rare Cards Sparkle","StSLib"],"gold_per_floor":[13,29,41,41,58,91,91,122,122,157,172,172,186,214,214,288,288,308,308,335,354,367,399,414,427,427,427,194,207,207,240,240,316,316,328,344,344,344],"floor_reached":37,"playtime":2765,"items_purged":["Dark Embrace"],"score":753,"play_id":"f46746d1-73b4-4271-aa4f-60f969504a7a","local_time":"20210109174032","is_ascension_mode":true,"campfire_choices":[{"data":"Armaments","floor":7,"key":"SMITH"},{"data":"Iron Wave","floor":12,"key":"SMITH"},{"floor":15,"key":"REST"},{"data":"Inflame","floor":30,"key":"SMITH"},{"data":"Iron Wave","floor":32,"key":"SMITH"}],"circlet_count":0,"master_deck":["AscendersBane","Bash","Parasite","Twin Strike","Twin Strike","Twin Strike","Iron Wave+1","Iron Wave+1","Iron Wave","Cleave+1","Burning Pact","Armaments+1","Headbutt","Exhume","Body Slam+1","Body Slam+1","Reaper+1","Flame Barrier+1","Double Tap+1","Clothesline+1","Thunderclap+1","Sever Soul+1","Inflame+1","Dual Wield+1","Pommel Strike+1","Reaper+1","Impervious+1","Spot Weakness+1","Entrench+1","Havoc+1","Dropkick+1"],"relics":["Burning Blood","Torii","Calipers","Toxic Egg 2","Molten Egg 2","Meat on the Bone","Velvet Choker","Red Mask","Sundial","Ginger","StoneCalendar","Black Star"],"acts_visited":["Exordium","TheCity","TheBeyond"],"potions_floor_usage":[16,16,31,37],"damage_taken":[{"damage":0,"enemies":"Small Slimes","floor":1,"turns":2},{"damage":0,"enemies":"Cultist","floor":2,"turns":3},{"damage":0,"enemies":"2 Louse","floor":3,"turns":2},{"damage":2,"enemies":"2 Fungi Beasts","floor":5,"turns":2},{"damage":25,"enemies":"Lagavulin","floor":6,"turns":5},{"damage":11,"enemies":"3 Sentries","floor":8,"turns":5},{"damage":24,"enemies":"Gremlin Nob","floor":10,"turns":5},{"damage":0,"enemies":"Large Slime","floor":11,"turns":4},{"damage":7,"enemies":"Exordium Wildlife","floor":13,"turns":3},{"damage":21,"enemies":"Lagavulin","floor":14,"turns":5},{"damage":2,"enemies":"Slime Boss","floor":16,"turns":9},{"damage":10,"enemies":"Shell Parasite","floor":18,"turns":3},{"damage":21,"enemies":"Masked Bandits","floor":20,"turns":5},{"damage":2,"enemies":"Chosen","floor":21,"turns":3},{"damage":18,"enemies":"Snake Plant","floor":22,"turns":4},{"damage":36,"enemies":"Book of Stabbing","floor":23,"turns":5},{"damage":6,"enemies":"Centurion and Healer","floor":24,"turns":5},{"damage":31,"enemies":"Cultist and Chosen","floor":25,"turns":5},{"damage":13,"enemies":"Sentry and Sphere","floor":29,"turns":4},{"damage":8,"enemies":"Slavers","floor":31,"turns":4},{"damage":72,"enemies":"Automaton","floor":33,"turns":8},{"damage":0,"enemies":"3 Darklings","floor":35,"turns":4},{"damage":8,"enemies":"Orb Walker","floor":36,"turns":2},{"damage":81,"enemies":"2 Orb Walkers","floor":37,"turns":4}],"seed_played":"-434721033742060446","potions_obtained":[{"floor":2,"key":"Fire Potion"},{"floor":3,"key":"LiquidMemories"},{"floor":13,"key":"DistilledChaos"},{"floor":14,"key":"HeartOfIron"},{"floor":24,"key":"FearPotion"},{"floor":25,"key":"DistilledChaos"},{"floor":35,"key":"GamblersBrew"}],"is_trial":false,"path_per_floor":["M","M","M","?","M","E","R","E","T","E","M","R","M","E","R","B",null,"M","?","?","M","M","E","M","M","T","?","$","M","R","E","R","B",null,"M","M","?"],"character_chosen":"IRONCLAD","items_purchased":["Impervious+1"],"campfire_rested":1,"item_purchase_floors":[28],"current_hp_per_floor":[56,62,68,68,68,49,49,44,44,26,32,32,31,16,36,52,64,60,60,48,52,52,34,51,38,38,38,38,43,43,67,67,37,60,66,64,0,0],"gold":344,"neow_bonus":"IRONCLAD_BERSERKER","is_daily":false,"chose_seed":false,"campfire_upgraded":4,"win_rate":0.0,"timestamp":1610232032,"path_taken":["M","M","M","?","M","E","R","E","T","E","M","R","?","E","R","BOSS","M","?","?","M","M","E","M","M","T","?","$","M","R","E","R","BOSS","M","M","?"],"items_purchased_type":["Card"],"build_version":"2020-12-22","purchased_purges":1,"victory":false,"max_hp_per_floor":[68,68,68,68,68,68,68,68,68,68,68,68,68,68,68,68,68,68,68,68,68,68,68,68,68,68,68,68,68,68,68,68,68,68,68,68,68,68],"card_choices":[{"not_picked":["Power Through","True Grit","Thunderclap"],"picked":"SKIP","floor":1},{"not_picked":["Twin Strike","Pummel"],"picked":"Cleave","floor":2},{"not_picked":["Thunderclap","Iron Wave"],"picked":"Burning Pact","floor":3},{"not_picked":["Havoc","Evolve"],"picked":"Armaments","floor":5},{"not_picked":["Heavy Blade","Power Through"],"picked":"Headbutt","floor":6},{"not_picked":["True Grit","Wild Strike"],"picked":"Exhume","floor":8},{"not_picked":["Feel No Pain","Uppercut+1"],"picked":"Body Slam+1","floor":10},{"not_picked":["Clothesline+1","Thunderclap+1"],"picked":"Body Slam+1","floor":11},{"not_picked":["Heavy Blade+1","Clothesline+1"],"picked":"Reaper+1","floor":13},{"not_picked":["Heavy Blade+1","Flex+1"],"picked":"Flame Barrier+1","floor":14},{"not_picked":["Corruption","Fiend Fire+1"],"picked":"Double Tap+1","floor":16},{"not_picked":["Cleave+1","Reckless Charge+1"],"picked":"Clothesline+1","floor":18},{"not_picked":["Clash+1","Dark Embrace"],"picked":"Thunderclap+1","floor":20},{"not_picked":["Seeing Red+1","Twin Strike+1"],"picked":"Sever Soul+1","floor":21},{"not_picked":["Clothesline+1","True Grit+1"],"picked":"Inflame","floor":22},{"not_picked":["Clash+1","Bloodletting+1"],"picked":"Dual Wield+1","floor":23},{"not_picked":["Thunderclap+1","Evolve","Sword Boomerang+1"],"picked":"SKIP","floor":24},{"not_picked":["Anger+1","Flex+1"],"picked":"Pommel Strike+1","floor":25},{"not_picked":["Second Wind+1","Thunderclap+1"],"picked":"Spot Weakness+1","floor":29},{"not_picked":["Fire Breathing+1","ICR:Frenzy+1"],"picked":"Entrench+1","floor":31},{"not_picked":["Sword Boomerang+1","Dropkick+1"],"picked":"Havoc+1","floor":35},{"not_picked":["Anger+1","Bloodletting+1"],"picked":"Dropkick+1","floor":36}],"player_experience":1076378,"relics_obtained":[{"floor":6,"key":"Torii"},{"floor":8,"key":"Calipers"},{"floor":9,"key":"Toxic Egg 2"},{"floor":10,"key":"Molten Egg 2"},{"floor":14,"key":"Meat on the Bone"},{"floor":20,"key":"Red Mask"},{"floor":23,"key":"Sundial"},{"floor":26,"key":"Ginger"},{"floor":31,"key":"StoneCalendar"}],"event_choices":[{"damage_healed":0,"gold_gain":0,"player_choice":"Upgraded","damage_taken":0,"max_hp_gain":0,"max_hp_loss":0,"event_name":"Upgrade Shrine","floor":4,"gold_loss":0,"cards_upgraded":["Cleave"]},{"cards_removed":["Iron Wave"],"damage_healed":0,"gold_gain":0,"player_choice":"Elegance","damage_taken":0,"max_hp_gain":0,"max_hp_loss":0,"event_name":"betterThird:BetterWriting","floor":19,"gold_loss":0},{"damage_healed":0,"gold_gain":0,"player_choice":"Fought Bandits","damage_taken":0,"max_hp_gain":0,"max_hp_loss":0,"event_name":"Masked Bandits","floor":20,"gold_loss":0},{"damage_healed":0,"gold_gain":0,"cards_transformed":["Twin Strike","Twin Strike"],"player_choice":"Became Test Subject","damage_taken":0,"max_hp_gain":0,"max_hp_loss":0,"event_name":"Drug Dealer","floor":27,"gold_loss":0,"cards_obtained":["Dark Embrace","Reaper"]},{"damage_healed":0,"gold_gain":0,"player_choice":"Fight","damage_taken":0,"max_hp_gain":0,"max_hp_loss":0,"event_name":"Mysterious Sphere","floor":37,"gold_loss":0}],"is_beta":false,"boss_relics":[{"not_picked":["Tiny House","Snecko Eye"],"picked":"Velvet Choker"},{"not_picked":["Runic Cube","Runic Dome"],"picked":"Black Star"}],"items_purged_floors":[28],"is_endless":false,"potions_floor_spawned":[2,3,13,14,24,25,29,35],"killed_by":"2 Orb Walkers","ascension_level":14}}