{"host":"9a7cruws131mrp2b","time":1610220650,"event":{"mods":["Act Like it!","BaseMod","Better Third Choice","Hubris","Minty Spire (QoL Compilation)","Reworked Bosses","StSLib","The Jungle"],"gold_per_floor":[119,136,7,20,20,55,67,67,90,118,118,143,143,166,166,166,166],"floor_reached":16,"playtime":680,"items_purged":["Strike_R"],"score":130,"play_id":"7a485156-85ba-488f-83d9-96523efaf28a","local_time":"20210109193050","is_ascension_mode":true,"campfire_choices":[{"data":"Metallicize","floor":8,"key":"SMITH"},{"data":"Body Slam","floor":11,"key":"SMITH"},{"floor":15,"key":"REST"}],"circlet_count":0,"master_deck":["Strike_R","Strike_R","Strike_R","Defend_R","Defend_R","Defend_R","Defend_R","Bash","Metallicize+1","Heavy Blade","True Grit","Body Slam+1","Burning Pact","Armaments","Shrug It Off"],"relics":["Burning Blood","Boot","Molten Egg 2","CeramicFish"],"acts_visited":["Exordium"],"potions_floor_usage":[16],"damage_taken":[{"damage":1,"enemies":"2 Louse","floor":1,"turns":2},{"damage":4,"enemies":"Jaw Worm","floor":2,"turns":5},{"damage":2,"enemies":"Cultist","floor":4,"turns":4},{"damage":56,"enemies":"3 Sentries","floor":6,"turns":15},{"damage":12,"enemies":"2 Fungi Beasts","floor":7,"turns":5},{"damage":3,"enemies":"Blue Slaver","floor":10,"turns":6},{"damage":5,"enemies":"Gremlin Gang","floor":12,"turns":8},{"damage":20,"enemies":"Exordium Wildlife","floor":14,"turns":7},{"damage":23,"enemies":"Hexaghost","floor":16,"turns":16}],"seed_played":"6284617415826050044","potions_obtained":[{"floor":1,"key":"SkillPotion"},{"floor":10,"key":"Energy Potion"},{"floor":12,"key":"Block Potion"},{"floor":14,"key":"Strength Potion"}],"is_trial":false,"path_per_floor":["M","M","$","M","$","E","M","R","T","M","R","M","?","M","R","B"],"character_chosen":"IRONCLAD","items_purchased":["True Grit"],"campfire_rested":1,"item_purchase_floors":[3],"current_hp_per_floor":[80,80,80,80,80,30,24,24,24,27,27,28,28,14,38,15,15],"gold":166,"neow_bonus":"RANDOM_COMMON_RELIC","is_daily":false,"chose_seed":false,"campfire_upgraded":2,"win_rate":0.0,"timestamp":1610220650,"path_taken":["M","M","$","M","$","E","M","R","T","M","R","M","?","M","R","BOSS"],"items_purchased_type":["Card"],"build_version":"2020-12-22","purchased_purges":1,"victory":false,"max_hp_per_floor":[80,80,80,80,80,80,80,80,80,80,80,80,80,80,80,80,80],"card_choices":[{"not_picked":["hubris:SharpeningStone","Wild Strike"],"picked":"Metallicize","floor":1},{"not_picked":["Clothesline","Sword Boomerang"],"picked":"Heavy Blade","floor":2},{"not_picked":["Thunderclap","Warcry"],"picked":"Body Slam","floor":4},{"not_picked":["Clash+1","True Grit","Flex"],"picked":"SKIP","floor":6},{"not_picked":["Rupture","Anger+1","Seeing Red"],"picked":"SKIP","floor":7},{"not_picked":["Blood for Blood+1","Clash+1"],"picked":"Burning Pact","floor":10},{"not_picked":["Carnage+1","Flex"],"picked":"Armaments","floor":12},{"not_picked":["Spot Weakness","Demon Form"],"picked":"Shrug It Off","floor":14}],"player_experience":776250,"relics_obtained":[{"floor":6,"key":"Molten Egg 2"},{"floor":9,"key":"CeramicFish"}],"event_choices":[{"cards_removed":["Strike_R"],"damage_healed":0,"gold_gain":0,"player_choice":"Forget","damage_taken":0,"max_hp_gain":0,"max_hp_loss":0,"event_name":"Living Wall","floor":13,"gold_loss":0}],"is_beta":false,"boss_relics":[],"items_purged_floors":[3],"is_endless":false,"potions_floor_spawned":[1,10,12,14],"killed_by":"Hexaghost","ascension_level":5}}