{"host":"dowi7cgbhepuzvpj","time":1610219100,"event":{"mods":["AchievementEnabler","BaseMod","Colored Map","Highlight Path","Keyboard Shortcuts","Minty Spire (QoL Compilation)","Permanent Neow","Quick Restart","StSLib","SuperFastMode"],"gold_per_floor":[410,40,40,190,202,202,202,202],"floor_reached":7,"playtime":155,"items_purged":["Strike_G"],"score":70,"play_id":"67d2eb53-fd17-4576-bea8-9274ecf41a8d","local_time":"20210110040500","is_ascension_mode":true,"campfire_choices":[{"data":"Neutralize","floor":6,"key":"SMITH"}],"circlet_count":0,"master_deck":["AscendersBane","Strike_G","Strike_G","Strike_G","Defend_G","Defend_G","Defend_G","Defend_G","Defend_G","Survivor","Neutralize+1","CurseOfTheBell","Accuracy","Dash","Outmaneuver","Doubt"],"relics":["Calling Bell","Happy Flower","Ornamental Fan","Old Coin","Vajra"],"acts_visited":["Exordium"],"potions_floor_usage":[],"damage_taken":[{"damage":0,"enemies":"Small Slimes","floor":1,"turns":5},{"damage":0,"enemies":"2 Louse","floor":5,"turns":4},{"damage":0,"enemies":"Gremlin Nob","floor":7,"turns":2}],"seed_played":"5664631805921917304","potions_obtained":[{"floor":5,"key":"Explosive Potion"}],"is_trial":false,"path_per_floor":["M","$","?","?","M","R","E"],"character_chosen":"THE_SILENT","items_purchased":["Vajra","Accuracy","Dash"],"campfire_rested":0,"item_purchase_floors":[2,2,2],"current_hp_per_floor":[59,59,59,59,59,59,59,59],"gold":202,"neow_bonus":"BOSS_RELIC","is_daily":false,"chose_seed":false,"campfire_upgraded":1,"win_rate":0.0,"timestamp":1610219100,"path_taken":["M","$","?","?","M","R","E"],"items_purchased_type":["Relic","Card","Card"],"build_version":"2020-12-22","purchased_purges":1,"victory":false,"max_hp_per_floor":[66,66,66,66,66,66,66,66],"card_choices":[{"not_picked":["Flechettes","Caltrops","Dagger Throw"],"picked":"SKIP","floor":1},{"not_picked":["Bouncing Flask","Heel Hook","Quick Slash"],"picked":"SKIP","floor":5}],"player_experience":788962,"relics_obtained":[{"floor":0,"key":"Happy Flower"},{"floor":0,"key":"Ornamental Fan"},{"floor":0,"key":"Old Coin"}],"event_choices":[{"damage_healed":0,"gold_gain":0,"cards_transformed":["Strike_G"],"player_choice":"Change","damage_taken":0,"max_hp_gain":0,"max_hp_loss":0,"event_name":"Living Wall","floor":3,"gold_loss":0,"cards_obtained":["Outmaneuver"]},{"damage_healed":0,"gold_gain":150,"player_choice":"AGREE","damage_taken":0,"max_hp_gain":0,"max_hp_loss":0,"event_name":"Liars Game","floor":4,"gold_loss":0,"cards_obtained":["Doubt"]}],"is_beta":false,"boss_relics":[],"items_purged_floors":[2],"is_endless":false,"potions_floor_spawned":[5],"killed_by":"Gremlin Nob","ascension_level":16}}