{"host":"rolltorest","time":1610156659,"event":{"mods":["BaseMod","Minty Spire (QoL Compilation)","Relic Stats","Robot Space Explorer","Slay the Relics Exporter","StSLib"],"gold_per_floor":[115,190,84,95,110,135,135,135,135,168,168,198,198,254,254,330,330,346,85,85,97,97,97,129,129,152,186,203,229,133,153,153,229,229,244,194,194,56,0,26,46,46,46,75,100,132,144,178,178,178,178],"floor_reached":50,"playtime":1525,"items_purged":["RobotSpaceExplorer:Strike","RobotSpaceExplorer:Strike","RobotSpaceExplorer:Defend"],"score":1166,"play_id":"64ef87a3-9390-4f07-a228-d4b64f362dfb","local_time":"20210108174419","is_ascension_mode":true,"campfire_choices":[{"floor":8,"key":"DIG"},{"floor":11,"key":"DIG"},{"data":"RobotSpaceExplorer:Discharger","floor":15,"key":"SMITH"},{"floor":23,"key":"REST"},{"floor":25,"key":"REST"},{"floor":32,"key":"REST"},{"floor":42,"key":"DIG"},{"floor":49,"key":"RECALL"}],"circlet_count":0,"master_deck":["AscendersBane","RobotSpaceExplorer:Defend","RobotSpaceExplorer:Defend","RobotSpaceExplorer:Scan","RobotSpaceExplorer:MiniLasers","RobotSpaceExplorer:ScrapMissile+1","RobotSpaceExplorer:Pulsar+1","RobotSpaceExplorer:HighVoltage+1","Trip","RobotSpaceExplorer:Discharger+1","RobotSpaceExplorer:Fix","RobotSpaceExplorer:Asteroid+1","RobotSpaceExplorer:StarLightning+1","RobotSpaceExplorer:SelfCleaning","RobotSpaceExplorer:PowerCollector","RobotSpaceExplorer:TrailblazerForm","RobotSpaceExplorer:MiniDrones+1","RobotSpaceExplorer:StunGrenade+1","RobotSpaceExplorer:StarDust","RobotSpaceExplorer:Blaster+1","RobotSpaceExplorer:ShovelStrike+1","RobotSpaceExplorer:StarLightning+1","RobotSpaceExplorer:MetalStrike+1","RobotSpaceExplorer:Comet","RobotSpaceExplorer:TurboDodge+1","RobotSpaceExplorer:GearShield","RobotSpaceExplorer:TurboDodge+1","RobotSpaceExplorer:TrailblazerForm","RobotSpaceExplorer:BlastShield"],"relics":["Astrolabe","Shovel","Molten Egg 2","Ginger","Juzu Bracelet","Pantograph","Bottled Tornado","Blood Vial","SlaversCollar","OrangePellets","PreservedInsect","Happy Flower","Centennial Puzzle","Smiling Mask","Meat on the Bone","Sozu","Red Mask","Ancient Tea Set","Turnip","Incense Burner","Prayer Wheel","Vajra","Orichalcum"],"acts_visited":["Exordium","TheCity","TheBeyond"],"potions_floor_usage":[16,18],"damage_taken":[{"damage":0,"enemies":"Jaw Worm","floor":1,"turns":2},{"damage":0,"enemies":"Small Slimes","floor":4,"turns":1},{"damage":0,"enemies":"2 Louse","floor":5,"turns":2},{"damage":15,"enemies":"3 Sentries","floor":6,"turns":4},{"damage":16,"enemies":"Lagavulin","floor":10,"turns":6},{"damage":7,"enemies":"Gremlin Nob","floor":12,"turns":3},{"damage":17,"enemies":"Gremlin Nob","floor":14,"turns":4},{"damage":14,"enemies":"Hexaghost","floor":16,"turns":6},{"damage":19,"enemies":"Shell Parasite","floor":18,"turns":3},{"damage":10,"enemies":"3 Byrds","floor":21,"turns":3},{"damage":25,"enemies":"Book of Stabbing","floor":24,"turns":5},{"damage":15,"enemies":"Gremlin Leader","floor":27,"turns":4},{"damage":5,"enemies":"Shelled Parasite and Fungi","floor":28,"turns":3},{"damage":3,"enemies":"Book of Stabbing","floor":29,"turns":2},{"damage":28,"enemies":"3 Cultists","floor":31,"turns":4},{"damage":46,"enemies":"Automaton","floor":33,"turns":8},{"damage":3,"enemies":"3 Shapes","floor":35,"turns":5},{"damage":1,"enemies":"Nemesis","floor":40,"turns":4},{"damage":9,"enemies":"Orb Walker","floor":41,"turns":5},{"damage":21,"enemies":"Giant Head","floor":44,"turns":7},{"damage":0,"enemies":"Mind Bloom Boss Battle","floor":45,"turns":6},{"damage":64,"enemies":"Nemesis","floor":46,"turns":7},{"damage":8,"enemies":"3 Darklings","floor":47,"turns":2},{"damage":13,"enemies":"Reptomancer","floor":48,"turns":4},{"damage":80,"enemies":"Awakened One","floor":50,"turns":9}],"seed_played":"1102791487287225091","potions_obtained":[{"floor":4,"key":"AttackPotion"},{"floor":5,"key":"RobotSpaceExplorer:LiquidFusion"},{"floor":21,"key":"FearPotion"},{"floor":24,"key":"BlessingOfTheForge"},{"floor":27,"key":"SpeedPotion"},{"floor":33,"key":"SpeedPotion"}],"is_trial":false,"path_per_floor":["M","?","$","M","M","E","?","R","T","E","R","E","?","?","R","B",null,"M","$","?","M","?","R","E","R","T","E","M","E","?","M","R","B",null,"M","$","?","$","?","E","M","R","T","E","?","E","M","E","R","B"],"character_chosen":"RobotSpaceExplorer","items_purchased":["Trip","OrangePellets","RobotSpaceExplorer:StunGrenade+1","RobotSpaceExplorer:GearShield"],"campfire_rested":3,"item_purchase_floors":[3,19,19,38],"current_hp_per_floor":[64,53,53,53,53,42,42,42,42,30,30,27,32,19,19,36,66,53,53,53,45,23,47,28,52,52,43,40,39,39,29,53,46,72,71,71,71,71,71,76,73,73,73,58,81,33,39,44,44,0,0],"gold":178,"neow_bonus":"BOSS_RELIC","is_daily":false,"chose_seed":false,"campfire_upgraded":1,"win_rate":0.0,"timestamp":1610156659,"path_taken":["M","?","$","M","M","E","?","R","T","E","R","E","?","?","R","BOSS","M","$","?","M","?","R","E","R","T","E","M","E","?","M","R","BOSS","M","?","?","$","?","E","M","R","T","E","?","E","M","E","R","BOSS"],"items_purchased_type":["Card","Relic","Card","Card"],"build_version":"2020-12-18","purchased_purges":3,"victory":false,"max_hp_per_floor":[71,71,71,71,71,71,71,71,71,71,71,71,76,76,76,76,76,76,76,76,76,81,81,81,81,81,81,81,81,81,81,81,81,81,81,81,81,81,81,81,81,81,81,81,81,81,81,81,81,81,81],"relic_stats":{"Happy Flower":[23],"counters":[25,109],"Astrolabe":["RobotSpaceExplorer:ScrapMissile","RobotSpaceExplorer:Pulsar","RobotSpaceExplorer:HighVoltage"],"PreservedInsect":382,"Juzu Bracelet":1,"Ginger":[26],"Orichalcum":[0],"Smiling Mask":125,"Blood Vial":34,"Sozu":3,"OrangePellets":[1],"Centennial Puzzle":[36],"Shovel":3,"Pantograph":96,"Prayer Wheel":1,"Turnip":[0],"obtain_stats":[{"Happy Flower":26,"Astrolabe":0,"Vajra":46,"RobotSpaceExplorer:RoboCore":0,"PreservedInsect":24,"Juzu Bracelet":10,"Incense Burner":44,"Ginger":9,"Bottled Tornado":12,"Orichalcum":48,"Smiling Mask":29,"Ancient Tea Set":40,"Blood Vial":14,"Sozu":34,"SlaversCollar":17,"OrangePellets":19,"Centennial Puzzle":27,"Shovel":6,"Pantograph":11,"Molten Egg 2":8,"Prayer Wheel":45,"Turnip":42,"Red Mask":39,"Meat on the Bone":30},{"Happy Flower":11,"Astrolabe":0,"Vajra":22,"RobotSpaceExplorer:RoboCore":0,"PreservedInsect":11,"Juzu Bracelet":5,"Incense Burner":20,"Ginger":4,"Bottled Tornado":6,"Orichalcum":24,"Smiling Mask":14,"Ancient Tea Set":18,"Blood Vial":7,"Sozu":16,"SlaversCollar":8,"OrangePellets":9,"Centennial Puzzle":12,"Shovel":4,"Pantograph":5,"Molten Egg 2":4,"Prayer Wheel":21,"Turnip":19,"Red Mask":17,"Meat on the Bone":14},{"Happy Flower":39,"Astrolabe":0,"Vajra":94,"RobotSpaceExplorer:RoboCore":0,"PreservedInsect":39,"Juzu Bracelet":15,"Incense Burner":81,"Ginger":9,"Bottled Tornado":18,"Orichalcum":100,"Smiling Mask":48,"Ancient Tea Set":69,"Blood Vial":22,"Sozu":60,"SlaversCollar":28,"OrangePellets":31,"Centennial Puzzle":43,"Shovel":9,"Pantograph":15,"Molten Egg 2":9,"Prayer Wheel":87,"Turnip":74,"Red Mask":65,"Meat on the Bone":48}],"Meat on the Bone":60},"card_choices":[{"not_picked":["RobotSpaceExplorer:ImprovisedAttack","RobotSpaceExplorer:MiniBoosters","RobotSpaceExplorer:GlueShot"],"picked":"SKIP","floor":1},{"not_picked":["RobotSpaceExplorer:SurgingStrike","RobotSpaceExplorer:ShockKick"],"picked":"RobotSpaceExplorer:Discharger","floor":4},{"not_picked":["RobotSpaceExplorer:Jetpack","RobotSpaceExplorer:Ammunition"],"picked":"RobotSpaceExplorer:Fix","floor":5},{"not_picked":["RobotSpaceExplorer:Discharger","RobotSpaceExplorer:DoubleFind"],"picked":"RobotSpaceExplorer:Asteroid","floor":6},{"not_picked":["RobotSpaceExplorer:GlueShot","RobotSpaceExplorer:StunGrenade+1"],"picked":"RobotSpaceExplorer:StarLightning+1","floor":10},{"not_picked":["RobotSpaceExplorer:Ammunition","RobotSpaceExplorer:RigExplosive"],"picked":"RobotSpaceExplorer:SelfCleaning","floor":12},{"not_picked":["RobotSpaceExplorer:SurgingShield","RobotSpaceExplorer:MiniDrones+1"],"picked":"RobotSpaceExplorer:PowerCollector","floor":14},{"not_picked":["RobotSpaceExplorer:ChargingLaser+1","RobotSpaceExplorer:Wormhole"],"picked":"RobotSpaceExplorer:TrailblazerForm","floor":16},{"not_picked":["RobotSpaceExplorer:FranticSearch","RobotSpaceExplorer:SurgingShield"],"picked":"RobotSpaceExplorer:MiniDrones+1","floor":18},{"not_picked":["RobotSpaceExplorer:Jetpack","RobotSpaceExplorer:Ammunition+1"],"picked":"RobotSpaceExplorer:StarDust","floor":21},{"not_picked":["RobotSpaceExplorer:StunGrenade+1","RobotSpaceExplorer:GearShield"],"picked":"RobotSpaceExplorer:Blaster+1","floor":24},{"not_picked":["RobotSpaceExplorer:ScrapToss+1","RobotSpaceExplorer:SurgingShield"],"picked":"RobotSpaceExplorer:ShovelStrike+1","floor":27},{"not_picked":["RobotSpaceExplorer:ShovelStrike+1","RobotSpaceExplorer:SurgingShield","RobotSpaceExplorer:SwiftStep"],"picked":"SKIP","floor":28},{"not_picked":["RobotSpaceExplorer:IronShell","RobotSpaceExplorer:BlastShield"],"picked":"RobotSpaceExplorer:StarLightning+1","floor":29},{"not_picked":["RobotSpaceExplorer:MiniDrones+1","RobotSpaceExplorer:ToxicBomb+1"],"picked":"RobotSpaceExplorer:MetalStrike+1","floor":31},{"not_picked":["RobotSpaceExplorer:ChargingLaser+1","RobotSpaceExplorer:DroneSwarm"],"picked":"RobotSpaceExplorer:Comet","floor":33},{"not_picked":["RobotSpaceExplorer:MetalStrike+1","RobotSpaceExplorer:MiniDrones+1"],"picked":"RobotSpaceExplorer:TurboDodge+1","floor":35},{"not_picked":["RobotSpaceExplorer:Fix","RobotSpaceExplorer:PlasmaMissile+1"],"picked":"RobotSpaceExplorer:TurboDodge+1","floor":40},{"not_picked":["RobotSpaceExplorer:ScrapMissile+1","RobotSpaceExplorer:PowerGlove","RobotSpaceExplorer:TurboDodge"],"picked":"SKIP","floor":41},{"not_picked":["RobotSpaceExplorer:Smokescreen","RobotSpaceExplorer:MiniDrones+1","RobotSpaceExplorer:SurgingShield"],"picked":"SKIP","floor":44},{"not_picked":["RobotSpaceExplorer:FranticSearch","RobotSpaceExplorer:Ammunition"],"picked":"RobotSpaceExplorer:TrailblazerForm","floor":46},{"not_picked":["RobotSpaceExplorer:SlimeMissile+1","RobotSpaceExplorer:LuckyStrike+1","RobotSpaceExplorer:TurboDodge"],"picked":"SKIP","floor":47},{"not_picked":["RobotSpaceExplorer:ShockKick+1","RobotSpaceExplorer:FrostMissile+1","RobotSpaceExplorer:ScrapMissile+1"],"picked":"SKIP","floor":47},{"not_picked":["RobotSpaceExplorer:Discharger","RobotSpaceExplorer:ShockKick+1"],"picked":"RobotSpaceExplorer:BlastShield","floor":48}],"player_experience":1790666,"relics_obtained":[{"floor":6,"key":"Shovel"},{"floor":8,"key":"Molten Egg 2"},{"floor":9,"key":"Ginger"},{"floor":10,"key":"Juzu Bracelet"},{"floor":11,"key":"Pantograph"},{"floor":12,"key":"Bottled Tornado"},{"floor":14,"key":"Blood Vial"},{"floor":24,"key":"PreservedInsect"},{"floor":26,"key":"Happy Flower"},{"floor":27,"key":"Centennial Puzzle"},{"floor":29,"key":"Smiling Mask"},{"floor":40,"key":"Ancient Tea Set"},{"floor":42,"key":"Turnip"},{"floor":44,"key":"Incense Burner"},{"floor":45,"key":"Prayer Wheel"},{"floor":46,"key":"Vajra"},{"floor":48,"key":"Orichalcum"}],"event_choices":[{"damage_healed":0,"gold_gain":75,"player_choice":"Gather Gold","damage_taken":11,"max_hp_gain":0,"max_hp_loss":0,"event_name":"World of Goop","floor":2,"gold_loss":0},{"damage_healed":0,"gold_gain":0,"player_choice":"Grow","damage_taken":0,"max_hp_gain":0,"max_hp_loss":0,"event_name":"Living Wall","floor":7,"gold_loss":0,"cards_upgraded":["RobotSpaceExplorer:Asteroid"]},{"damage_healed":0,"gold_gain":0,"player_choice":"Donut","damage_taken":0,"max_hp_gain":5,"max_hp_loss":0,"event_name":"Big Fish","floor":13,"gold_loss":0},{"damage_healed":0,"gold_gain":0,"player_choice":"Searched \u00271\u0027 times","damage_taken":0,"max_hp_gain":0,"max_hp_loss":0,"event_name":"Dead Adventurer","floor":14,"gold_loss":0},{"damage_healed":0,"gold_gain":0,"player_choice":"Ignored","damage_taken":0,"max_hp_gain":0,"max_hp_loss":0,"event_name":"Vampires","floor":20,"gold_loss":0},{"damage_healed":0,"gold_gain":0,"player_choice":"Shed Blood","damage_taken":27,"max_hp_gain":5,"max_hp_loss":0,"event_name":"Forgotten Altar","floor":22,"gold_loss":0},{"damage_healed":0,"gold_gain":0,"player_choice":"Paid Gold","damage_taken":0,"relics_obtained":["Meat on the Bone"],"max_hp_gain":0,"max_hp_loss":0,"event_name":"WeMeetAgain","floor":30,"gold_loss":96},{"damage_healed":0,"gold_gain":0,"player_choice":"Memory 1","damage_taken":0,"max_hp_gain":0,"max_hp_loss":0,"event_name":"SensoryStone","floor":37,"gold_loss":0},{"damage_healed":0,"gold_gain":0,"player_choice":"Paid","damage_taken":0,"relics_obtained":["Red Mask"],"max_hp_gain":0,"max_hp_loss":0,"event_name":"Tomb of Lord Red Mask","floor":39,"gold_loss":56},{"damage_healed":0,"gold_gain":0,"player_choice":"Fight","damage_taken":0,"max_hp_gain":0,"max_hp_loss":0,"event_name":"MindBloom","floor":45,"gold_loss":0}],"is_beta":true,"boss_relics":[{"not_picked":["Busted Crown","Empty Cage"],"picked":"SlaversCollar"},{"not_picked":["Coffee Dripper","Fusion Hammer"],"picked":"Sozu"}],"items_purged_floors":[19,36,38],"is_endless":false,"potions_floor_spawned":[4,5,21,24,27,31,33,40,41,44,45],"killed_by":"Awakened One","ascension_level":17}}