{"host":"88gj1a6q1iuldet9","time":1610165500,"event":{"mods":["Act Like it!","Arknights The Spire","BaseMod","Better Note","Better Third Choice","BetterRewards","Conspire","Downfall","Energized Spire","Gensokyo","GungeonMod","Hubris","Jorbs\u0027s Wanderer Trilogy","Magitek Elite","Melee Mod","Minty Spire (QoL Compilation)","Quick Restart","Reimu??????","Replay The Spire","Robot Space Explorer","Shop Mod","StSLib","The Administrix","The Dragon Tamer","The Hayseed","The Marked","The Mystic","The Necromancer","The Runesmith","The Sage","TheArtist","TheFirefly","Wandering Minibosses","Yakumo Yukari mod"],"gold_per_floor":[109,109,123,136,96,127,77,53,53,53,53,63,63,63],"floor_reached":13,"playtime":3068,"items_purged":[],"score":83,"play_id":"25e5c0c7-9866-457e-9103-6153aa56d1a7","local_time":"20210108231140","is_ascension_mode":false,"campfire_choices":[{"data":"stsjorbsmod:FranticSearch","floor":10,"key":"SMITH"}],"circlet_count":0,"master_deck":["stsjorbsmod:ForbiddenGrimoire+1","stsjorbsmod:Strike_Wanderer","stsjorbsmod:Strike_Wanderer","stsjorbsmod:Strike_Wanderer","stsjorbsmod:Defend_Wanderer","stsjorbsmod:Defend_Wanderer","stsjorbsmod:Defend_Wanderer","stsjorbsmod:Defend_Wanderer","stsjorbsmod:FreshAdventure","stsjorbsmod:EyeOfTheStorm","stsjorbsmod:ChainLightning","stsjorbsmod:FracturedMind","stsjorbsmod:BookOfTongues","stsjorbsmod:FranticSearch+1","stsjorbsmod:Prestidigitation","theMarked:HeightenedSenses"],"relics":["stsjorbsmod:GrimoireRelic","NeowsBlessing","hubris:DisguiseKit","PaintedHorse:ReiMu","Garlic","DemoMod:MonsterBlood"],"acts_visited":["Exordium"],"potions_floor_usage":[13],"damage_taken":[{"damage":0,"enemies":"Small Slimes","floor":1,"turns":1},{"damage":0,"enemies":"Jaw Worm","floor":3,"turns":1},{"damage":0,"enemies":"conspire:RoseBush","floor":4,"turns":1},{"damage":5,"enemies":"Gremlin Nob","floor":6,"turns":3},{"damage":0,"enemies":"3 Louse","floor":12,"turns":3},{"damage":7,"enemies":"Lagavulin","floor":13,"turns":7}],"seed_played":"8176376776842521794","potions_obtained":[{"floor":6,"key":"SkillPotion"},{"floor":12,"key":"Weak Potion"}],"is_trial":false,"path_per_floor":["M","?","M","M","?","E","?","$","T","R","?","M","E"],"character_chosen":"WANDERER","items_purchased":["stsjorbsmod:Prestidigitation"],"campfire_rested":0,"item_purchase_floors":[8],"current_hp_per_floor":[68,68,68,68,68,64,64,64,71,71,71,72,65,65],"gold":63,"neow_bonus":"THREE_ENEMY_KILL","is_daily":false,"chose_seed":false,"campfire_upgraded":1,"win_rate":0.0,"timestamp":1610165500,"path_taken":["M","?","M","M","?","E","?","$","T","R","?","M","E"],"items_purchased_type":["Card"],"build_version":"2020-12-22","purchased_purges":0,"victory":false,"max_hp_per_floor":[68,68,68,68,68,68,68,68,75,75,75,75,75,75],"card_choices":[{"not_picked":["stsjorbsmod:Channel","stsjorbsmod:BlackTentacles"],"picked":"stsjorbsmod:ChainLightning","floor":1},{"not_picked":["stsjorbsmod:Will","stsjorbsmod:Hibernate","theMarked:Overcharge"],"picked":"stsjorbsmod:FracturedMind","floor":3},{"not_picked":["stsjorbsmod:ArcaneWeapon","stsjorbsmod:Trauma","theMarked:Parkour"],"picked":"stsjorbsmod:BookOfTongues","floor":4},{"not_picked":["stsjorbsmod:RayOfFrost","stsjorbsmod:Hibernate","theMarked:SummonStrength"],"picked":"stsjorbsmod:FranticSearch","floor":6},{"not_picked":["stsjorbsmod:Hibernate","stsjorbsmod:ChainLightning","stsjorbsmod:Prepare"],"picked":"theMarked:HeightenedSenses","floor":12}],"player_experience":1082722,"relics_obtained":[{"floor":6,"key":"Garlic"},{"floor":9,"key":"DemoMod:MonsterBlood"}],"event_choices":[{"damage_healed":0,"gold_gain":0,"player_choice":"Donate","damage_taken":0,"relics_obtained":["PaintedHorse:ReiMu"],"max_hp_gain":0,"max_hp_loss":0,"event_name":"yidonshenshe","floor":5,"gold_loss":40},{"cards_removed":["stsjorbsmod:Strike_Wanderer"],"damage_healed":0,"gold_gain":0,"player_choice":"Card Removal","damage_taken":0,"max_hp_gain":0,"max_hp_loss":0,"event_name":"The Cleric","floor":7,"gold_loss":50},{"damage_healed":0,"gold_gain":0,"player_choice":"Leave","damage_taken":0,"max_hp_gain":0,"max_hp_loss":0,"event_name":"conspire:Investor","floor":11,"gold_loss":0}],"is_beta":false,"boss_relics":[],"items_purged_floors":[],"is_endless":false,"potions_floor_spawned":[6,12],"killed_by":"Lagavulin","ascension_level":0}}