{"host":"08t08ld674si40tv","time":1610188376,"event":{"mods":["AchievementEnabler","BaseMod","Colored Map","Minty Spire (QoL Compilation)","StSLib","SuperFastMode"],"gold_per_floor":[19,19,32,56,56,56,91,115,166,181,27,58,8,31,31,154,154,168,78,78,96,96,96],"floor_reached":22,"playtime":502,"items_purged":["Defend_P"],"score":309,"play_id":"e9258b46-f644-499b-9701-f453cbf37c64","local_time":"20210109193256","is_ascension_mode":true,"campfire_choices":[{"data":"Eruption","floor":6.0,"key":"SMITH"},{"data":"Prostrate","floor":15.0,"key":"SMITH"}],"circlet_count":0,"master_deck":["Strike_P","Strike_P","Defend_P","Defend_P","Eruption+1","Vigilance","Brilliance","SashWhip","Prostrate+1","SandsOfTime","MentalFortress","WheelKick","Devotion+1"],"relics":["PureWater","Golden Idol","Meat on the Bone","Akabeko","Runic Dome"],"acts_visited":["Exordium","TheCity"],"potions_floor_usage":[18,21],"damage_taken":[{"damage":7.0,"enemies":"Jaw Worm","floor":1.0,"turns":4.0},{"damage":2.0,"enemies":"Small Slimes","floor":3.0,"turns":3.0},{"damage":0.0,"enemies":"Cultist","floor":4.0,"turns":2.0},{"damage":0.0,"enemies":"Lagavulin","floor":7.0,"turns":4.0},{"damage":2.0,"enemies":"Red Slaver","floor":8.0,"turns":3.0},{"damage":19.0,"enemies":"3 Louse","floor":10.0,"turns":4.0},{"damage":11.0,"enemies":"Gremlin Nob","floor":12.0,"turns":3.0},{"damage":3.0,"enemies":"Looter","floor":14.0,"turns":3.0},{"damage":14,"enemies":"Hexaghost","floor":16,"turns":7},{"damage":18,"enemies":"2 Thieves","floor":18,"turns":3},{"damage":2,"enemies":"Shell Parasite","floor":21,"turns":3},{"damage":45,"enemies":"Shelled Parasite and Fungi","floor":22,"turns":3}],"seed_played":"-2110601230387886463","potions_obtained":[{"floor":3.0,"key":"Ancient Potion"},{"floor":7.0,"key":"SkillPotion"},{"floor":14.0,"key":"DuplicationPotion"},{"floor":16,"key":"PowerPotion"},{"floor":18,"key":"DistilledChaos"}],"is_trial":false,"path_per_floor":["M","?","M","M","?","R","E","M","T","M","$","E","?","M","R","B",null,"M","?","$","M","M"],"character_chosen":"WATCHER","items_purchased":["MentalFortress"],"campfire_rested":0,"item_purchase_floors":[11],"current_hp_per_floor":[58,40,38,38,38,38,38,48,48,41,41,42,42,39,39,37,63,45,45,45,43,0,0],"gold":96,"neow_bonus":"THREE_RARE_CARDS","is_daily":false,"chose_seed":false,"campfire_upgraded":2,"win_rate":0.0,"timestamp":1610188376,"path_taken":["M","?","M","M","?","R","E","?","T","M","?","E","?","M","R","BOSS","M","?","$","?","M"],"items_purchased_type":["Card"],"build_version":"2020-12-22","purchased_purges":1,"victory":false,"max_hp_per_floor":[72,72,72,72,72,72,72,72,72,72,72,72,72,72,72,72,72,72,72,72,72,72,72],"card_choices":[{"not_picked":["Wish","MasterReality"],"picked":"Brilliance","floor":0.0},{"not_picked":["FlyingSleeves","FollowUp"],"picked":"SashWhip","floor":1.0},{"not_picked":["FollowUp","CrushJoints"],"picked":"Prostrate","floor":3.0},{"not_picked":["Meditate","Tantrum"],"picked":"SandsOfTime","floor":4.0},{"not_picked":["FlurryOfBlows","SashWhip","LikeWater"],"picked":"SKIP","floor":7.0},{"not_picked":["Nirvana","CrushJoints","Collect"],"picked":"SKIP","floor":8.0},{"not_picked":["ThirdEye","EmptyFist","Sanctity"],"picked":"SKIP","floor":10.0},{"not_picked":["ClearTheMind","FollowUp"],"picked":"WheelKick","floor":12.0},{"not_picked":["SandsOfTime","Establishment","Vengeance"],"picked":"SKIP","floor":14.0},{"not_picked":["SpiritShield","Establishment"],"picked":"Devotion","floor":16},{"not_picked":["Pray","FlyingSleeves","Consecrate"],"picked":"SKIP","floor":18},{"not_picked":["WindmillStrike","Tantrum+1","Weave"],"picked":"SKIP","floor":21}],"player_experience":209677,"relics_obtained":[{"floor":7.0,"key":"Meat on the Bone"},{"floor":12.0,"key":"Akabeko"}],"event_choices":[{"damage_healed":0.0,"max_hp_gain":0.0,"max_hp_loss":0.0,"gold_gain":0.0,"event_name":"Golden Idol","player_choice":"Take Damage","floor":2.0,"gold_loss":0.0,"damage_taken":18.0,"relics_obtained":["Golden Idol"]},{"cards_removed":["Defend_P"],"damage_healed":0.0,"max_hp_gain":0.0,"max_hp_loss":0.0,"gold_gain":0.0,"event_name":"Purifier","player_choice":"Purged","floor":5.0,"gold_loss":0.0,"damage_taken":0.0},{"cards_removed":["Strike_P"],"damage_healed":0.0,"max_hp_gain":0.0,"max_hp_loss":0.0,"gold_gain":0.0,"event_name":"The Cleric","player_choice":"Card Removal","floor":13.0,"gold_loss":50.0,"damage_taken":0.0},{"cards_removed":["Strike_P"],"damage_healed":0,"gold_gain":0,"player_choice":"Upgrade and Remove","damage_taken":0,"max_hp_gain":0,"max_hp_loss":0,"event_name":"Designer","floor":19,"gold_loss":90,"cards_upgraded":["Devotion"]}],"is_beta":false,"boss_relics":[{"not_picked":["Tiny House","Snecko Eye"],"picked":"Runic Dome"}],"items_purged_floors":[11],"is_endless":false,"potions_floor_spawned":[3,7,14,16,18],"killed_by":"Shelled Parasite and Fungi","ascension_level":8}}