{"host":"ueaobptuyu87ouwy","time":1610173618,"event":{"mods":["Aspiration","Bard","BaseMod","Better Altar","Better Match","Better Note","Better Sensory Stone","Better Skull","Better Third Choice","BetterRewards","CCEM","Colored Map","Conspire","Downfall","GifTheSpireLib","GungeonMod","Halation","Hermit","Highlight Path","Hubris","Infinite Spire","Jedi Mod","Jorbs\u0027s Wanderer Trilogy","Marisa????????","Marked Mod","Mimic Mod","Minty Spire (QoL Compilation)","Permanent Neow","Replay The Spire","Shop Mod","Small Relic Pack","StSLib","Stuff the Spire","The Runesmith","Unceasing Turn Reminder","everything is the same but u backflip on backflip","slay the spire mod where everything is the same but ironclad has a cowboy hat"],"gold_per_floor":[116,26,26,26,41,77,101,101,101,44,44,65,65,99,99,99,99],"floor_reached":16,"playtime":923,"items_purged":[],"score":113,"play_id":"e4dccf06-0244-43dd-94ac-4ebb9662af78","local_time":"20210109142658","is_ascension_mode":true,"campfire_choices":[{"floor":8,"key":"REST"},{"data":"Well Laid Plans","floor":11,"key":"SMITH"},{"data":"Cloak And Dagger","floor":13,"key":"SMITH"},{"data":"Fluid Movement","floor":15,"key":"SMITH"}],"circlet_count":0,"master_deck":["Strike_G","Strike_G","Strike_G","Strike_G","Defend_G","Defend_G","Defend_G","Defend_G","Defend_G","Survivor","Neutralize+1","Backflip","Cloak And Dagger+1","Masterful Stab","Dagger Throw","Well Laid Plans+1","Fluid Movement+1","Fluid Movement"],"relics":["Ring of the Snake","Golden Idol","Singing Bowl","DemoMod:Orange","The Courier"],"acts_visited":["Exordium"],"potions_floor_usage":[16,16],"damage_taken":[{"damage":0,"enemies":"conspire:RoseBush","floor":1,"turns":4},{"damage":0,"enemies":"2 Louse","floor":5,"turns":2},{"damage":38,"enemies":"3 Sentries","floor":6,"turns":11},{"damage":0,"enemies":"Cultist","floor":7,"turns":3},{"damage":4,"enemies":"Red Slaver","floor":12,"turns":6},{"damage":4,"enemies":"Replay:BlueRogue","floor":14,"turns":8},{"damage":59,"enemies":"Slime Boss","floor":16,"turns":15}],"seed_played":"4447681423530479816","potions_obtained":[{"floor":1,"key":"LifebloodPotion"},{"floor":6,"key":"Milkshake"}],"is_trial":false,"path_per_floor":["M","$","?","?","M","E","M","R","T","$","R","M","R","E","R","B"],"character_chosen":"THE_SILENT","items_purchased":["Cloak And Dagger","Masterful Stab","Fluid Movement"],"campfire_rested":1,"item_purchase_floors":[2,2,10],"current_hp_per_floor":[70,70,65,65,65,27,29,49,61,61,61,59,59,57,57,0,0],"gold":99,"neow_bonus":"UPGRADE_CARD","is_daily":false,"chose_seed":false,"campfire_upgraded":3,"win_rate":0.0,"timestamp":1610173618,"path_taken":["M","$","?","?","?","E","?","R","T","$","R","?","R","E","R","BOSS"],"items_purchased_type":["Card","Card","Card"],"build_version":"2020-12-13","purchased_purges":0,"victory":false,"max_hp_per_floor":[70,70,65,65,65,65,67,67,79,79,79,81,81,83,83,83,83],"card_choices":[{"not_picked":["Dagger Spray","Sneak Up"],"picked":"Backflip","floor":1},{"not_picked":["Choke","Underhanded Strike"],"picked":"Dagger Throw","floor":5},{"not_picked":["Poisoned Stab","Catalyst"],"picked":"Well Laid Plans","floor":6},{"not_picked":["Dodge and Roll","Sneak Up","Dagger Throw"],"picked":"Singing Bowl","floor":7},{"not_picked":["Poisoned Stab","Dagger Throw","StuffTheSpire:Sprint"],"picked":"Singing Bowl","floor":12},{"not_picked":["Envenom","Poisoned Stab","jedi:pocketpoison"],"picked":"Singing Bowl","floor":14}],"player_experience":91747,"relics_obtained":[{"floor":6,"key":"Singing Bowl"},{"floor":9,"key":"DemoMod:Orange"},{"floor":14,"key":"The Courier"}],"event_choices":[{"damage_healed":0,"gold_gain":0,"player_choice":"Lose Max HP","damage_taken":0,"relics_obtained":["Golden Idol"],"max_hp_gain":0,"max_hp_loss":5,"event_name":"Golden Idol","floor":3,"gold_loss":0},{"cards_removed":["Strike_G"],"damage_healed":0,"gold_gain":0,"player_choice":"Purged","damage_taken":0,"max_hp_gain":0,"max_hp_loss":0,"event_name":"Purifier","floor":4,"gold_loss":0}],"is_beta":false,"boss_relics":[],"items_purged_floors":[],"is_endless":false,"potions_floor_spawned":[1,6],"killed_by":"Slime Boss","ascension_level":1}}