{"host":"g01l53quoe6lrer0","time":1610218569,"event":{"mods":["2.2 Compatiblity","AchievementEnabler","BaseMod","Colored Map","Highlight Path","Keyboard Shortcuts","Minty Spire (QoL Compilation)","Permanent Neow","StSLib","SuperFastMode","everything is the same but u backflip on backflip"],"gold_per_floor":[113,113,38,38,14,43,43,76,103,118,136,36,36,47,47,121,121,131,141,43,43,43,43,75,20,20,20,33,52,52,69,69,69],"floor_reached":32,"playtime":914,"items_purged":["Defend_R","Defend_R"],"score":636,"play_id":"f114ac20-3668-45cc-89eb-5efd2bc6a16e","local_time":"20210110035609","is_ascension_mode":true,"campfire_choices":[{"data":"Bloodletting","floor":7.0,"key":"SMITH"},{"data":"Bash","floor":15.0,"key":"SMITH"},{"data":"Inflame","floor":23.0,"key":"SMITH"}],"circlet_count":0,"master_deck":["AscendersBane","Strike_R","Strike_R","Strike_R","Defend_R","Defend_R","Bash+1","Bloodletting+1","Shrug It Off","Dropkick","Battle Trance","Inflame+1","Purity"],"relics":["Burning Blood","NeowsBlessing","CaptainsWheel","Champion Belt","Orichalcum","Runic Pyramid","Nunchaku","TungstenRod","Kunai"],"acts_visited":["Exordium","TheCity"],"potions_floor_usage":[24,29,30],"damage_taken":[{"damage":0.0,"enemies":"Small Slimes","floor":1.0,"turns":1.0},{"damage":0.0,"enemies":"3 Sentries","floor":6.0,"turns":2.0},{"damage":0.0,"enemies":"Gremlin Nob","floor":8.0,"turns":1.0},{"damage":0.0,"enemies":"Cultist","floor":10.0,"turns":4.0},{"damage":3.0,"enemies":"Jaw Worm","floor":11.0,"turns":2.0},{"damage":8.0,"enemies":"3 Louse","floor":14.0,"turns":4.0},{"damage":23.0,"enemies":"Hexaghost","floor":16.0,"turns":6.0},{"damage":3.0,"enemies":"Chosen","floor":18.0,"turns":3.0},{"damage":6.0,"enemies":"Spheric Guardian","floor":19.0,"turns":4.0},{"damage":66,"enemies":"Slavers","floor":24,"turns":8},{"damage":2,"enemies":"Centurion and Healer","floor":28,"turns":5},{"damage":14,"enemies":"Shelled Parasite and Fungi","floor":29,"turns":4},{"damage":7,"enemies":"Colosseum Slavers","floor":30,"turns":4},{"damage":15,"enemies":"Chosen and Byrds","floor":31,"turns":5}],"seed_played":"-8023153587027136319","potions_obtained":[{"floor":8.0,"key":"SkillPotion"},{"floor":10.0,"key":"FairyPotion"},{"floor":18.0,"key":"LiquidBronze"},{"floor":19.0,"key":"Dexterity Potion"},{"floor":24,"key":"Weak Potion"},{"floor":29,"key":"SpeedPotion"}],"is_trial":false,"path_per_floor":["M","?","$","?","$","E","R","E","T","M","M","$","?","M","R","B",null,"M","M","$","?","?","R","E","$","T","T","M","M","?","M","R"],"character_chosen":"IRONCLAD","items_purchased":["Shrug It Off","Purity","ColorlessPotion"],"campfire_rested":0,"item_purchase_floors":[5,20,25],"current_hp_per_floor":[74,74,74,74,74,75,75,75,75,75,75,75,75,73,73,56,70,73,73,73,75,75,75,15,15,15,15,19,11,10,28,28,28],"gold":69,"neow_bonus":"THREE_ENEMY_KILL","is_daily":false,"chose_seed":false,"campfire_upgraded":3,"win_rate":0.0,"timestamp":1610218569,"path_taken":["M","?","?","?","?","E","R","E","T","M","M","$","?","M","R","BOSS","M","M","$","?","?","R","E","?","T","?","?","M","?","M","R"],"items_purchased_type":["Card","Card","Potion"],"build_version":"2020-12-22","purchased_purges":2,"victory":false,"max_hp_per_floor":[75,75,75,75,75,75,75,75,75,75,75,75,75,75,75,75,75,75,75,75,75,75,75,75,75,75,75,75,75,75,75,75,75],"card_choices":[{"not_picked":["Armaments","Shockwave"],"picked":"Bloodletting","floor":1.0},{"not_picked":["Berserk","Inflame"],"picked":"Dropkick","floor":6.0},{"not_picked":["Hemokinesis","Infernal Blade","Rage"],"picked":"SKIP","floor":8.0},{"not_picked":["Metallicize","Wild Strike"],"picked":"Battle Trance","floor":10.0},{"not_picked":["Sword Boomerang","Warcry","Iron Wave"],"picked":"SKIP","floor":11.0},{"not_picked":["Rage","Seeing Red"],"picked":"Inflame","floor":14.0},{"not_picked":["Heavy Blade","Bloodletting+1","Clash"],"picked":"SKIP","floor":18.0},{"not_picked":["Iron Wave","Hemokinesis","Anger+1"],"picked":"SKIP","floor":19.0},{"not_picked":["Thunderclap","Anger","Iron Wave"],"picked":"SKIP","floor":24},{"not_picked":["Whirlwind","Body Slam","True Grit"],"picked":"SKIP","floor":28},{"not_picked":["Clash","Hemokinesis","Headbutt"],"picked":"SKIP","floor":29},{"not_picked":["Searing Blow","Flex","Thunderclap"],"picked":"SKIP","floor":31}],"player_experience":118496,"relics_obtained":[{"floor":6.0,"key":"CaptainsWheel"},{"floor":8.0,"key":"Champion Belt"},{"floor":9.0,"key":"Orichalcum"},{"floor":24,"key":"Nunchaku"},{"floor":26,"key":"TungstenRod"},{"floor":27,"key":"Kunai"}],"event_choices":[{"cards_removed":["Strike_R"],"damage_healed":0.0,"max_hp_gain":0.0,"max_hp_loss":0.0,"gold_gain":0.0,"event_name":"Purifier","player_choice":"Purged","floor":2.0,"gold_loss":0.0,"damage_taken":0.0},{"cards_removed":["Strike_R"],"damage_healed":0.0,"max_hp_gain":0.0,"max_hp_loss":0.0,"gold_gain":0.0,"event_name":"Living Wall","player_choice":"Forget","floor":4.0,"gold_loss":0.0,"damage_taken":0.0},{"damage_healed":0.0,"max_hp_gain":0.0,"max_hp_loss":0.0,"gold_gain":0.0,"event_name":"Liars Game","player_choice":"Ignored","floor":13.0,"gold_loss":0.0,"damage_taken":0.0},{"damage_healed":15.0,"max_hp_gain":0.0,"max_hp_loss":0.0,"gold_gain":0.0,"event_name":"The Library","player_choice":"Heal","floor":21.0,"gold_loss":0.0,"damage_taken":0.0},{"damage_healed":0.0,"max_hp_gain":0.0,"max_hp_loss":0.0,"gold_gain":0.0,"event_name":"Vampires","player_choice":"Ignored","floor":22.0,"gold_loss":0.0,"damage_taken":0.0},{"damage_healed":0,"gold_gain":0,"player_choice":"Fight","damage_taken":0,"max_hp_gain":0,"max_hp_loss":0,"event_name":"Colosseum","floor":30,"gold_loss":0},{"damage_healed":0,"gold_gain":0,"player_choice":"Fled From Nobs","damage_taken":0,"max_hp_gain":0,"max_hp_loss":0,"event_name":"Colosseum","floor":30,"gold_loss":0}],"is_beta":false,"boss_relics":[{"not_picked":["Calling Bell","Snecko Eye"],"picked":"Runic Pyramid"}],"items_purged_floors":[3,12],"is_endless":false,"potions_floor_spawned":[8,10,11,18,19,24,29],"ascension_level":20}}