{"host":"ya062ahhhuj9au1o","time":1610216153,"event":{"mods":["BaseMod","Better Third Choice","Downfall","Filter the Spire","Hermit","Minty Spire (QoL Compilation)","Random Character Button","Robot Space Explorer","Somnambulant","StSLib","The Bug Knight","The Cursed","The Marked","The Servant 0.9.4"],"gold_per_floor":[113,113,38,113,131,131,148,148,148,161,161,190,201,201,201,201,201],"floor_reached":16,"playtime":938,"items_purged":["hermit:Strike_Hermit"],"score":135,"play_id":"32e6b06f-952a-47bf-8368-278450cfb614","local_time":"20210109131553","is_ascension_mode":true,"campfire_choices":[{"data":"hermit:Snapshot","floor":6.0,"key":"SMITH"},{"data":"hermit:WideOpen","floor":8.0,"key":"SMITH"},{"data":"hermit:Ricochet","floor":11.0,"key":"SMITH"},{"floor":15.0,"key":"REST"}],"circlet_count":0,"master_deck":["hermit:Strike_Hermit","hermit:Strike_Hermit","hermit:Strike_Hermit","hermit:Defend_Hermit","hermit:Defend_Hermit","hermit:Defend_Hermit","hermit:Snapshot+1","hermit:Covet","Panache","hermit:Ricochet+1","hermit:Spite","hermit:WideOpen+1","hermit:LuckOfTheDraw","hermit:Coalescence"],"relics":["hermit:Momento","Molten Egg 2","FossilizedHelix","Anchor"],"acts_visited":["Exordium"],"potions_floor_usage":[],"damage_taken":[{"damage":4.0,"enemies":"Small Slimes","floor":1.0,"turns":4.0},{"damage":7.0,"enemies":"Jaw Worm","floor":5.0,"turns":2.0},{"damage":1.0,"enemies":"Cultist","floor":7.0,"turns":3.0},{"damage":14.0,"enemies":"Red Slaver","floor":10.0,"turns":2.0},{"damage":10.0,"enemies":"Lagavulin","floor":12.0,"turns":4.0},{"damage":0.0,"enemies":"Looter","floor":13.0,"turns":2.0},{"damage":26,"enemies":"Slime Boss","floor":16,"turns":8}],"seed_played":"-3568088772943648778","potions_obtained":[{"floor":1.0,"key":"SpeedPotion"},{"floor":12.0,"key":"CultistPotion"}],"is_trial":false,"path_per_floor":["M","?","$","?","M","R","M","R","T","M","R","E","M","?","R","B"],"character_chosen":"HERMIT","items_purchased":[],"campfire_rested":1,"item_purchase_floors":[],"current_hp_per_floor":[64,64,64,53,46,46,45,45,45,31,31,21,21,3,23,0,0],"gold":201,"neow_bonus":"RANDOM_COLORLESS_2","is_daily":false,"chose_seed":false,"campfire_upgraded":3,"win_rate":0.0,"timestamp":1610216153,"path_taken":["M","?","$","?","M","R","M","R","T","M","R","E","M","?","R","BOSS"],"items_purchased_type":[],"build_version":"2020-12-22","purchased_purges":1,"victory":false,"max_hp_per_floor":[68,68,68,68,68,68,68,68,68,68,68,68,68,68,68,68,68],"card_choices":[{"not_picked":["Apotheosis","Metamorphosis"],"picked":"Panache","floor":0.0},{"not_picked":["hermit:ShadowCloak","hermit:Manifest"],"picked":"hermit:Ricochet","floor":1.0},{"not_picked":["hermit:CalledShot","hermit:Manifest"],"picked":"hermit:Spite","floor":5.0},{"not_picked":["hermit:Roulette","hermit:Manifest"],"picked":"hermit:WideOpen","floor":7.0},{"not_picked":["hermit:Malice+1","hermit:Purgatory+1"],"picked":"hermit:LuckOfTheDraw","floor":10.0},{"not_picked":["hermit:BodyArmor","hermit:Reprieve"],"picked":"hermit:Coalescence","floor":12.0},{"not_picked":["hermit:ItchyTrigger+1","hermit:Gestalt","hermit:Dive"],"picked":"SKIP","floor":13.0}],"player_experience":1784843,"relics_obtained":[{"floor":9.0,"key":"Molten Egg 2"},{"floor":12.0,"key":"FossilizedHelix"}],"event_choices":[{"cards_removed":["hermit:Defend_Hermit"],"damage_healed":0.0,"max_hp_gain":0.0,"max_hp_loss":0.0,"gold_gain":0.0,"event_name":"Living Wall","player_choice":"Forget","floor":2.0,"gold_loss":0.0,"damage_taken":0.0},{"damage_healed":0.0,"max_hp_gain":0.0,"max_hp_loss":0.0,"gold_gain":75.0,"event_name":"betterThird:BetterGoop","player_choice":"Gold","floor":4.0,"gold_loss":0.0,"damage_taken":11.0},{"damage_healed":0.0,"max_hp_gain":0.0,"max_hp_loss":0.0,"gold_gain":0.0,"event_name":"betterThird:BetterScrap","player_choice":"Relic ","floor":14.0,"gold_loss":0.0,"damage_taken":18.0,"cards_obtained":["Second Wind"]}],"is_beta":false,"boss_relics":[],"items_purged_floors":[3],"is_endless":false,"potions_floor_spawned":[1,12],"killed_by":"Slime Boss","ascension_level":7}}