{"host":"8u7tvcybuv0u72fd","time":1610174234,"event":{"mods":["BaseMod","BetterRewards","Colored Map","Colored Powertips","Minty Spire (QoL Compilation)","Quick Restart","Shop Mod"],"gold_per_floor":[117,117,117,137,45,45,70,88,142,142,153,184,246,261,261,366,366,379,379,399,417,430,430,430,430,430,205,224,224,224,237,237,341,341,351,351,173,173,189,189,222,222,222,239,239,239,255,1,1,1,1,1,25,55,55],"floor_reached":56,"playtime":3361,"items_purged":["Strike_R"],"score":1585,"play_id":"8ba93046-4b8a-4c8d-bd24-36cc9aa8bca7","local_time":"20210109013714","is_ascension_mode":false,"campfire_choices":[{"data":"Feed","floor":6.0,"key":"SMITH"},{"data":"Body Slam","floor":10.0,"key":"SMITH"},{"data":"Shrug It Off","floor":15.0,"key":"SMITH"},{"data":"Barricade","floor":23.0,"key":"SMITH"},{"data":"Rampage","floor":25.0,"key":"SMITH"},{"data":"Swift Strike","floor":29.0,"key":"SMITH"},{"data":"Dropkick","floor":30.0,"key":"SMITH"},{"data":"Iron Wave","floor":32.0,"key":"SMITH"},{"data":"Offering","floor":40.0,"key":"SMITH"},{"floor":42,"key":"RECALL"},{"data":"Defend_R","floor":45,"key":"SMITH"},{"data":"Defend_R","floor":49,"key":"SMITH"},{"data":"Defend_R","floor":52,"key":"SMITH"}],"circlet_count":0,"master_deck":["Strike_R","Strike_R","Strike_R","Defend_R","Defend_R+1","Defend_R+1","Defend_R+1","Bash+1","Feed+1","Dropkick+1","Headbutt","Swift Strike+1","Shrug It Off+1","Body Slam+1","Rampage+1","Iron Wave+1","Barricade+1","CurseOfTheBell","Flame Barrier+1","Uppercut+1","Offering+1","Battle Trance+1"],"relics":["Burning Blood","Ginger","Gambling Chip","Medical Kit","Red Skull","Happy Flower","Oddly Smooth Stone","Mercury Hourglass","Sling","MerchantsRug","Mark of Pain","Bag of Preparation","StoneCalendar","Bag of Marbles","Shuriken","Toy Ornithopter","Du-Vu Doll"],"acts_visited":["TheCity","TheBeyond","TheEnding"],"potions_floor_usage":[54,55,55],"damage_taken":[{"damage":3.0,"enemies":"Small Slimes","floor":1.0,"turns":5.0},{"damage":0.0,"enemies":"Cultist","floor":4.0,"turns":3.0},{"damage":8.0,"enemies":"Lagavulin","floor":7.0,"turns":3.0},{"damage":1.0,"enemies":"2 Louse","floor":8.0,"turns":2.0},{"damage":0.0,"enemies":"Gremlin Gang","floor":11.0,"turns":4.0},{"damage":12.0,"enemies":"3 Sentries","floor":12.0,"turns":7.0},{"damage":8.0,"enemies":"Gremlin Nob","floor":13.0,"turns":3.0},{"damage":1.0,"enemies":"2 Fungi Beasts","floor":14.0,"turns":3.0},{"damage":64.0,"enemies":"Hexaghost","floor":16.0,"turns":9.0},{"damage":20.0,"enemies":"Shell Parasite","floor":18.0,"turns":5.0},{"damage":44.0,"enemies":"Spheric Guardian","floor":20.0,"turns":7.0},{"damage":5.0,"enemies":"Snake Plant","floor":21.0,"turns":3.0},{"damage":11.0,"enemies":"Cultist and Chosen","floor":22.0,"turns":7.0},{"damage":8.0,"enemies":"Centurion and Healer","floor":28.0,"turns":6.0},{"damage":1.0,"enemies":"Snecko","floor":31.0,"turns":5.0},{"damage":84.0,"enemies":"Collector","floor":33.0,"turns":12.0},{"damage":9.0,"enemies":"Orb Walker","floor":35.0,"turns":3.0},{"damage":6.0,"enemies":"3 Shapes","floor":39.0,"turns":3.0},{"damage":6,"enemies":"Giant Head","floor":41,"turns":6},{"damage":8,"enemies":"Spire Growth","floor":44,"turns":3},{"damage":6,"enemies":"Maw","floor":47,"turns":5},{"damage":47,"enemies":"Donu and Deca","floor":50,"turns":8},{"damage":15,"enemies":"Shield and Spear","floor":54,"turns":5},{"damage":180,"enemies":"The Heart","floor":55,"turns":10}],"seed_played":"-8869068500094406953","potions_obtained":[{"floor":8.0,"key":"Explosive Potion"},{"floor":11.0,"key":"Fruit Juice"},{"floor":16.0,"key":"Energy Potion"},{"floor":21.0,"key":"SpeedPotion"},{"floor":22.0,"key":"BloodPotion"},{"floor":28.0,"key":"Fire Potion"}],"is_trial":false,"path_per_floor":["M","?","?","M","$","R","E","M","T","R","M","E","?","M","R","B",null,"M","?","M","M","M","R","?","R","T","$","M","R","R","M","R","B",null,"M","?","$","?","M","R","E","R","T","M","R","$","M","$","R","B",null,"R","$","E","B",null],"character_chosen":"IRONCLAD","items_purchased":["Ginger","Feed","EntropicBrew","Medical Kit","Red Skull","Swift Strike","Sling","MerchantsRug","Bag of Preparation","Block Potion","Bag of Marbles","Shuriken","Toy Ornithopter"],"campfire_rested":0,"item_purchase_floors":[0,0,0,0,0,5,27,27,37,37,48,48,53],"current_hp_per_floor":[54,54,54,63,63,63,61,72,79,79,96,96,96,107,107,55,118,108,108,76,83,84,84,84,84,84,84,88,88,88,95,95,23,142,143,143,143,143,149,149,150,150,150,148,148,148,154,154,154,117,158,158,158,158,26],"gold":55,"neow_bonus":"","is_daily":false,"chose_seed":false,"campfire_upgraded":12,"win_rate":0.0,"timestamp":1610174234,"path_taken":["M","?","?","?","$","R","E","M","T","R","M","E","?","M","R","BOSS","M","?","?","M","M","R","?","R","T","$","?","R","R","M","R","BOSS","M","?","$","?","M","R","E","R","T","?","R","$","M","$","R","BOSS","R","$","E","BOSS"],"items_purchased_type":["Relic","Card","Potion","Relic","Relic","Card","Relic","Relic","Relic","Potion","Relic","Relic","Relic"],"build_version":"2020-12-22","purchased_purges":1,"victory":true,"max_hp_per_floor":[83,83,83,86,86,86,86,90,97,97,106,110,110,114,114,118,118,122,122,126,130,134,134,134,134,134,134,138,138,138,138,138,142,142,146,146,146,146,150,150,150,150,150,150,150,150,154,154,154,158,158,158,158,162,162],"card_choices":[{"not_picked":["Sever Soul","Intimidate"],"picked":"Dropkick","floor":1.0},{"not_picked":["Carnage","Pommel Strike"],"picked":"Headbutt","floor":4.0},{"not_picked":["Perfected Strike","Warcry"],"picked":"Shrug It Off","floor":7.0},{"not_picked":["Pommel Strike","Havoc"],"picked":"Body Slam","floor":8.0},{"not_picked":["Corruption","Warcry","Dark Embrace"],"picked":"SKIP","floor":11.0},{"not_picked":["Intimidate","Battle Trance"],"picked":"Rampage","floor":12.0},{"not_picked":["Flex","Armaments"],"picked":"Iron Wave","floor":13.0},{"not_picked":["Heavy Blade","Thunderclap","Shrug It Off"],"picked":"SKIP","floor":14.0},{"not_picked":["Fiend Fire","Double Tap"],"picked":"Barricade","floor":16.0},{"not_picked":["Twin Strike+1","Perfected Strike+1","Searing Blow+1"],"picked":"SKIP","floor":18.0},{"not_picked":["Rupture+1","True Grit"],"picked":"Flame Barrier+1","floor":20.0},{"not_picked":["Iron Wave+1","Clash+1","Bloodletting"],"picked":"SKIP","floor":21.0},{"not_picked":["Wild Strike+1","Clothesline+1"],"picked":"Uppercut+1","floor":22.0},{"not_picked":["Clash+1","Anger+1","Twin Strike+1"],"picked":"SKIP","floor":28.0},{"not_picked":["Flex","Wild Strike+1","Rupture"],"picked":"SKIP","floor":31.0},{"not_picked":["Fiend Fire+1","Corruption"],"picked":"Offering","floor":33.0},{"not_picked":["Wild Strike+1","Thunderclap+1","Cleave+1"],"picked":"SKIP","floor":35.0},{"not_picked":["Wild Strike+1","Combust+1","Searing Blow+1"],"picked":"SKIP","floor":39.0},{"not_picked":["Thunderclap+1","Demon Form"],"picked":"Battle Trance+1","floor":41},{"not_picked":["Iron Wave+1","Feel No Pain+1","Perfected Strike+1"],"picked":"SKIP","floor":44},{"not_picked":["Wild Strike+1","Clothesline+1","Iron Wave+1"],"picked":"SKIP","floor":47},{"not_picked":["Bludgeon","Thunderclap","Perfected Strike+1"],"picked":"SKIP","floor":54},{"not_picked":["Bludgeon","Thunderclap","Perfected Strike+1"],"picked":"SKIP","floor":54}],"player_experience":1288343,"relics_obtained":[{"floor":7.0,"key":"Blood Vial"},{"floor":9.0,"key":"Strawberry"},{"floor":12.0,"key":"Dead Branch"},{"floor":17.0,"key":"Happy Flower"},{"floor":17.0,"key":"Molten Egg 2"},{"floor":17.0,"key":"WingedGreaves"},{"floor":26.0,"key":"Mercury Hourglass"},{"floor":41,"key":"StoneCalendar"},{"floor":54,"key":"Du-Vu Doll"}],"event_choices":[{"damage_healed":0.0,"max_hp_gain":0.0,"max_hp_loss":0.0,"gold_gain":0.0,"event_name":"Living Wall","player_choice":"Grow","floor":2.0,"gold_loss":0.0,"damage_taken":0.0,"cards_upgraded":["Bash"]},{"cards_removed":["Strike_R"],"damage_healed":0.0,"max_hp_gain":0.0,"max_hp_loss":0.0,"gold_gain":0.0,"event_name":"Purifier","player_choice":"Purged","floor":3.0,"gold_loss":0.0,"damage_taken":0.0},{"damage_healed":0.0,"max_hp_gain":0.0,"max_hp_loss":0.0,"gold_gain":30.0,"event_name":"Dead Adventurer","player_choice":"Searched \u00273\u0027 times","floor":13.0,"gold_loss":0.0,"damage_taken":0.0,"relics_obtained":["Girya"]},{"damage_healed":0.0,"max_hp_gain":0.0,"max_hp_loss":0.0,"gold_gain":0.0,"event_name":"Transmorgrifier","player_choice":"Ignored","floor":19.0,"gold_loss":0.0,"damage_taken":0.0},{"damage_healed":0.0,"max_hp_gain":0.0,"max_hp_loss":0.0,"gold_gain":0.0,"event_name":"WeMeetAgain","player_choice":"Gave Potion","floor":24.0,"gold_loss":0.0,"damage_taken":0.0,"relics_obtained":["Oddly Smooth Stone"]},{"damage_healed":0.0,"max_hp_gain":0.0,"max_hp_loss":0.0,"gold_gain":0.0,"event_name":"Tomb of Lord Red Mask","player_choice":"Ignored","floor":36.0,"gold_loss":0.0,"damage_taken":0.0},{"damage_healed":0.0,"max_hp_gain":0.0,"max_hp_loss":0.0,"gold_gain":0.0,"event_name":"Duplicator","player_choice":"Ignored","floor":38.0,"gold_loss":0.0,"damage_taken":0.0}],"is_beta":false,"boss_relics":[{"not_picked":["Pandora\u0027s Box","Sozu"],"picked":"Calling Bell"},{"not_picked":["Coffee Dripper","Velvet Choker"],"picked":"Mark of Pain"}],"items_purged_floors":[0],"is_endless":false,"potions_floor_spawned":[1,8,11,16,21,22,28,35],"ascension_level":0}}