{"host":"T","time":1610188329,"event":{"mods":["Aspiration","BaseMod","Downfall","GungeonMod","Hunter ¡‘»À","Minty Spire (QoL Compilation)","READ ME - Guardian Mod","Relic Stats","StSLib","The Alterego","The Cursed","The Jungle","The Poker Player","The Runesmith","The Servant 0.9.4"],"gold_per_floor":[113,63,338,358,358,368,398,473,473,486,456,456,456,467,467,572,572,572,572],"floor_reached":18,"playtime":2453,"items_purged":[],"score":160,"play_id":"f48b2a45-544c-4cfd-a99a-42a0d5c4b5bf","local_time":"20210109183209","is_ascension_mode":false,"campfire_choices":[{"data":"Runesmith:UnlimitedPower","floor":13,"key":"SMITH"},{"floor":15,"key":"REST"}],"circlet_count":0,"master_deck":["Runesmith:CraftFirestone","Runesmith:Fortify","Runesmith:Repurpose","Regret","Runesmith:LithiumIon","Runesmith:UnlimitedPower+1","Runesmith:Refine","Pain","Runesmith:ReplicatingBarrier","Runesmith:ElementalConversion","Runesmith:CraftObretio","Runesmith:CraftProtectio","Runesmith:Superposition","Runesmith:PoweredAnvil","Runesmith:FieryHammer","Runesmith:Malloc"],"relics":["Runesmith:BrokenRuby","Ornamental Fan","Meat on the Bone","WarpedTongs","Pandora\u0027s Box"],"acts_visited":["Exordium","Exordium"],"potions_floor_usage":[7,7,16],"damage_taken":[{"damage":0,"enemies":"Jaw Worm","floor":1,"turns":5},{"damage":2,"enemies":"2 Louse","floor":4,"turns":3},{"damage":6,"enemies":"Cultist","floor":6,"turns":5},{"damage":20,"enemies":"Gremlin Nob","floor":7,"turns":4},{"damage":7,"enemies":"Large Slime","floor":10,"turns":7},{"damage":7,"enemies":"Looter","floor":11,"turns":4},{"damage":7,"enemies":"2 Fungi Beasts","floor":14,"turns":4},{"damage":49,"enemies":"Hexaghost","floor":16,"turns":10},{"damage":20,"enemies":"theJungle:5_Spyders","floor":18,"turns":10}],"seed_played":"8379186589632188407","potions_obtained":[{"floor":1,"key":"Fire Potion"},{"floor":4,"key":"GamblersBrew"},{"floor":6,"key":"Strength Potion"},{"floor":16,"key":"Strength Potion"}],"is_trial":false,"path_per_floor":["M","?","?","M","?","M","E","?","T","M","M","?","R","M","R","B",null,"M"],"character_chosen":"RUNESMITH_CLASS","items_purchased":[],"campfire_rested":1,"item_purchase_floors":[],"current_hp_per_floor":[77,77,77,75,80,74,54,43,43,48,53,53,53,46,70,33,82,62,62],"gold":572,"neow_bonus":"TEN_PERCENT_HP_BONUS","is_daily":false,"chose_seed":false,"campfire_upgraded":1,"win_rate":0.0,"timestamp":1610188329,"path_taken":["M","?","?","?","?","M","E","?","T","M","M","?","R","M","R","BOSS","M"],"items_purchased_type":[],"build_version":"2020-12-18","purchased_purges":0,"victory":false,"max_hp_per_floor":[77,77,77,77,82,82,82,82,82,82,82,82,82,82,82,82,82,82,82],"relic_stats":{"counters":[9,52],"Ornamental Fan":[0],"Pandora\u0027s Box":["Runesmith:ElementalConversion","Runesmith:CraftObretio","Runesmith:CraftProtectio","Runesmith:Superposition","Runesmith:PoweredAnvil","Runesmith:FieryHammer","Runesmith:Malloc"],"obtain_stats":[{"Runesmith:BrokenRuby":0,"Ornamental Fan":7,"Pandora\u0027s Box":17,"DemoMod:GlassGuonStoneRelic":1,"Meat on the Bone":9,"WarpedTongs":12},{"Runesmith:BrokenRuby":0,"Ornamental Fan":4,"Pandora\u0027s Box":8,"DemoMod:GlassGuonStoneRelic":1,"Meat on the Bone":4,"WarpedTongs":6},{"Runesmith:BrokenRuby":0,"Ornamental Fan":17,"Pandora\u0027s Box":42,"DemoMod:GlassGuonStoneRelic":5,"Meat on the Bone":17,"WarpedTongs":28}],"Meat on the Bone":36,"WarpedTongs":[23]},"card_choices":[{"not_picked":["Runesmith:ShiftingStrike","Runesmith:EnergizedChisel"],"picked":"Runesmith:Repurpose","floor":1},{"not_picked":["Runesmith:MakeshiftArmor","Runesmith:EnergizedChisel","Runesmith:ChiselStab"],"picked":"SKIP","floor":4},{"not_picked":["Runesmith:ChiselStab","Runesmith:HammerThrow"],"picked":"Runesmith:LithiumIon","floor":6},{"not_picked":["Runesmith:ChiselStab","Runesmith:StaticCage"],"picked":"Runesmith:UnlimitedPower","floor":7},{"not_picked":["Runesmith:PerfectChisel","Runesmith:BackupBattery"],"picked":"Runesmith:Refine","floor":10},{"not_picked":["Runesmith:Refine","Runesmith:HammerThrow","Runesmith:Grindstone"],"picked":"SKIP","floor":11},{"not_picked":["Runesmith:Grindstone","Runesmith:CraftMagma","Runesmith:MakeshiftArmor"],"picked":"SKIP","floor":14},{"not_picked":["Runesmith:GrandSlam","Runesmith:FissionHammer"],"picked":"Runesmith:ReplicatingBarrier","floor":16}],"player_experience":376950,"relics_obtained":[{"floor":7,"key":"Ornamental Fan"},{"floor":9,"key":"Meat on the Bone"}],"event_choices":[{"cards_removed":["Runesmith:Strike_RS"],"damage_healed":0,"gold_gain":0,"player_choice":"Card Removal","damage_taken":0,"max_hp_gain":0,"max_hp_loss":0,"event_name":"The Cleric","floor":2,"gold_loss":50},{"damage_healed":0,"gold_gain":275,"player_choice":"Desecrate","damage_taken":0,"max_hp_gain":0,"max_hp_loss":0,"event_name":"Golden Shrine","floor":3,"gold_loss":0,"cards_obtained":["Regret"]},{"damage_healed":0,"gold_gain":0,"player_choice":"Donut","damage_taken":0,"max_hp_gain":5,"max_hp_loss":0,"event_name":"Big Fish","floor":5,"gold_loss":0},{"damage_healed":0,"gold_gain":75,"player_choice":"Gather Gold","damage_taken":11,"max_hp_gain":0,"max_hp_loss":0,"event_name":"World of Goop","floor":8,"gold_loss":0},{"damage_healed":0,"gold_gain":0,"player_choice":"Rummage","damage_taken":0,"relics_obtained":["WarpedTongs"],"max_hp_gain":0,"max_hp_loss":0,"event_name":"Accursed Blacksmith","floor":12,"gold_loss":0,"cards_obtained":["Pain"]}],"is_beta":true,"boss_relics":[{"not_picked":["Runesmith:PocketReactor","Coffee Dripper"],"picked":"Pandora\u0027s Box"}],"items_purged_floors":[],"is_endless":false,"potions_floor_spawned":[1,4,6,16],"killed_by":"theJungle:5_Spyders","ascension_level":0}}