{"host":"dyggtcpod2kd5hqt","time":1610170561,"event":{"mods":["2.2 Compatiblity","AchievementEnabler","BaseMod","Bestiary","Block Reminder","Colored Map","Colored Powertips","Minty Spire (QoL Compilation)","Quick Restart","Rare Cards Sparkle","Relic Stats","Unknown Chances"],"gold_per_floor":[115,131,38,213,57,57,114,43,89,89,123,138,151,169,169,274,274,291,52,52,71,82,114,114,139,139,149,149,149],"floor_reached":28,"playtime":2614,"items_purged":["Doubt"],"score":399,"play_id":"3bbf0bdd-c877-4ca7-affa-b1f3744732d7","local_time":"20210109003601","is_ascension_mode":true,"campfire_choices":[{"data":"Melter","floor":6.0,"key":"SMITH"},{"data":"Defragment","floor":10.0,"key":"SMITH"},{"data":"Defragment","floor":15.0,"key":"SMITH"},{"floor":24.0,"key":"REST"}],"circlet_count":0,"master_deck":["Strike_B","Strike_B","Strike_B","Defend_B","Defend_B","Defend_B","Zap","Dualcast","Sweeping Beam+1","Sweeping Beam","Melter+1","Doom and Gloom+1","Defragment+1","Coolheaded","Defragment+1","Multi-Cast","Defragment","Capacitor","Doom and Gloom","Conserve Battery","Coolheaded","Doom and Gloom","Conserve Battery+1","Doom and Gloom"],"relics":["FrozenCore","NeowsBlessing","Happy Flower","Nunchaku","Whetstone","Orichalcum","Symbiotic Virus","Omamori","Eternal Feather"],"acts_visited":["Exordium","TheCity"],"potions_floor_usage":[28],"damage_taken":[{"damage":0.0,"enemies":"Cultist","floor":1.0,"turns":1.0},{"damage":0.0,"enemies":"Small Slimes","floor":2.0,"turns":1.0},{"damage":0.0,"enemies":"Lagavulin Event","floor":7.0,"turns":1.0},{"damage":30.0,"enemies":"3 Sentries","floor":11.0,"turns":6.0},{"damage":6.0,"enemies":"Jaw Worm","floor":12.0,"turns":2.0},{"damage":2.0,"enemies":"Blue Slaver","floor":13.0,"turns":2.0},{"damage":0.0,"enemies":"Lots of Slimes","floor":14.0,"turns":1.0},{"damage":19.0,"enemies":"Hexaghost","floor":16.0,"turns":8.0},{"damage":17.0,"enemies":"3 Byrds","floor":18.0,"turns":5.0},{"damage":0.0,"enemies":"Chosen","floor":21.0,"turns":6.0},{"damage":14.0,"enemies":"3 Cultists","floor":22.0,"turns":6.0},{"damage":23.0,"enemies":"Book of Stabbing","floor":23.0,"turns":7.0},{"damage":21.0,"enemies":"Gremlin Leader","floor":25.0,"turns":6.0},{"damage":4.0,"enemies":"Cultist and Chosen","floor":27.0,"turns":4.0},{"damage":4,"enemies":"Snake Plant","floor":28,"turns":1}],"seed_played":"-7847533429937068924","potions_obtained":[{"floor":7.0,"key":"Energy Potion"},{"floor":12.0,"key":"Block Potion"},{"floor":13.0,"key":"Weak Potion"},{"floor":16.0,"key":"Swift Potion"},{"floor":25.0,"key":"DuplicationPotion"}],"is_trial":false,"path_per_floor":["M","M","$","?","$","R","?","$","T","R","E","M","M","M","R","B",null,"M","$","?","M","M","E","R","E","T","M","M"],"character_chosen":"DEFECT","items_purchased":["Sweeping Beam","Melter","Happy Flower","Defragment","Capacitor","Doom and Gloom","Conserve Battery"],"campfire_rested":1,"item_purchase_floors":[3,3,5,8,19,19,19],"current_hp_per_floor":[68,68,68,68,68,68,68,68,68,68,38,32,30,30,30,11,59,42,42,42,42,28,5,27,6,6,2,0,0],"gold":149,"neow_bonus":"THREE_ENEMY_KILL","is_daily":false,"chose_seed":false,"campfire_upgraded":3,"win_rate":0.0,"timestamp":1610170561,"path_taken":["M","?","$","?","$","R","?","?","T","R","E","M","M","?","R","BOSS","M","$","?","M","M","E","R","E","T","M","M"],"items_purchased_type":["Card","Card","Relic","Card","Card","Card","Card"],"build_version":"2020-12-22","purchased_purges":1,"victory":false,"max_hp_per_floor":[75,75,75,75,75,75,75,75,75,75,75,75,75,75,75,75,75,75,75,75,75,75,75,75,75,75,75,75,75],"relic_stats":{"Nunchaku":[7],"Happy Flower":[18],"counters":[15,57],"Eternal Feather":0,"Whetstone":["Sweeping Beam","Doom and Gloom"],"Orichalcum":[144],"obtain_stats":[{"Nunchaku":7,"NeowsBlessing":0,"Happy Flower":5,"Eternal Feather":26,"Omamori":25,"Whetstone":9,"Orichalcum":11,"Cracked Core":0,"Symbiotic Virus":23,"FrozenCore":17},{"Nunchaku":3,"NeowsBlessing":0,"Happy Flower":2,"Eternal Feather":13,"Omamori":13,"Whetstone":3,"Orichalcum":4,"Cracked Core":0,"Symbiotic Virus":12,"FrozenCore":8},{"Nunchaku":3,"NeowsBlessing":0,"Happy Flower":2,"Eternal Feather":52,"Omamori":52,"Whetstone":3,"Orichalcum":9,"Cracked Core":0,"Symbiotic Virus":46,"FrozenCore":22}],"FrozenCore":[15]},"card_choices":[{"not_picked":["Redo","Barrage","Skim"],"picked":"SKIP","floor":1.0},{"not_picked":["Hello World","Recycle"],"picked":"Sweeping Beam","floor":2.0},{"not_picked":["Melter","Skim"],"picked":"Doom and Gloom","floor":7.0},{"not_picked":["Amplify","Steam","Compile Driver"],"picked":"SKIP","floor":11.0},{"not_picked":["Barrage","Beam Cell"],"picked":"Coolheaded","floor":12.0},{"not_picked":["Stack","Beam Cell","Steam"],"picked":"SKIP","floor":13.0},{"not_picked":["Steam","Undo"],"picked":"Defragment","floor":14.0},{"not_picked":["Biased Cognition","Reboot"],"picked":"Multi-Cast","floor":16.0},{"not_picked":["Genetic Algorithm","Redo+1"],"picked":"Defragment","floor":18.0},{"not_picked":["Streamline","Leap","Gash"],"picked":"SKIP","floor":21.0},{"not_picked":["FTL","Rip and Tear+1"],"picked":"Conserve Battery+1","floor":22.0},{"not_picked":["Heatsinks","Streamline","Fusion"],"picked":"SKIP","floor":23.0},{"not_picked":["Gash","Rip and Tear"],"picked":"Doom and Gloom","floor":25.0},{"not_picked":["Turbo","Stack","Beam Cell+1"],"picked":"SKIP","floor":27.0}],"player_experience":570348,"relics_obtained":[{"floor":7.0,"key":"Nunchaku"},{"floor":9.0,"key":"Whetstone"},{"floor":11.0,"key":"Orichalcum"},{"floor":23.0,"key":"Symbiotic Virus"},{"floor":25.0,"key":"Omamori"},{"floor":26.0,"key":"Eternal Feather"}],"event_choices":[{"damage_healed":0.0,"max_hp_gain":0.0,"max_hp_loss":0.0,"gold_gain":175.0,"event_name":"Liars Game","player_choice":"AGREE","floor":4.0,"gold_loss":0.0,"damage_taken":0.0,"cards_obtained":["Doubt"]},{"damage_healed":0.0,"max_hp_gain":0.0,"max_hp_loss":0.0,"gold_gain":30.0,"event_name":"Dead Adventurer","player_choice":"Searched \u00273\u0027 times","floor":7.0,"gold_loss":0.0,"damage_taken":0.0},{"damage_healed":0.0,"max_hp_gain":0.0,"max_hp_loss":0.0,"gold_gain":0.0,"cards_transformed":["Defend_B","Strike_B"],"event_name":"Drug Dealer","player_choice":"Became Test Subject","floor":20.0,"gold_loss":0.0,"damage_taken":0.0,"cards_obtained":["Coolheaded","Doom and Gloom"]}],"is_beta":false,"boss_relics":[{"not_picked":["Pandora\u0027s Box","Busted Crown"],"picked":"FrozenCore"}],"items_purged_floors":[19],"is_endless":false,"potions_floor_spawned":[7,12,13,16,25],"killed_by":"Snake Plant","ascension_level":9}}