{"host":"u2tvzagmhndpcfhq","time":1610154799,"event":{"mods":["BaseMod","BetterRewards","Card Forge","Colored Powertips","Friendly Minions","Halation","Highlight Path","Hubris","Minty Spire (QoL Compilation)","Permanent Neow","Quick Restart","Replay The Spire","StSLib","The Gatherer","The Vixen"],"gold_per_floor":[117,117,117,117,142,177,252,286,286,286,320,343,181,206,206,327,327,345,359,359,359,359,359,397,397,423,572,596,199,199,232,232,363,363,385,385,385,411,411,473,473,179,179,179,179,258,103,3,3,17],"floor_reached":51,"playtime":2237,"items_purged":["Delirium","Thunderclap"],"score":1003,"play_id":"8aa2530a-32eb-49b5-b04b-1f0654763ca4","local_time":"20210108181319","daily_mods":["SealedDeck","Heirloom","Time Dilation","Flight"],"is_ascension_mode":false,"campfire_choices":[{"data":"Inflame","floor":10,"key":"SMITH"},{"data":"Inflame","floor":15,"key":"SMITH"},{"data":"Seeing Red","floor":23,"key":"SMITH"},{"data":"Battle Trance","floor":25,"key":"SMITH"},{"data":"ReplayTheSpireMod:Muscle Training","floor":32,"key":"SMITH"},{"data":"Heavy Blade","floor":41,"key":"SMITH"},{"data":"Twin Strike","floor":49,"key":"SMITH"}],"circlet_count":0,"master_deck":["Thunderclap","Sword Boomerang+1","Twin Strike+1","Clash","Battle Trance+1","Spot Weakness+1","Inflame+1","ReplayTheSpireMod:Muscle Training+1","Inflame+1","Heavy Blade+1"],"relics":["Burning Blood","Hammer of Thor","Seething Fire","Anvil of the Gods","Replay:PocketPolymizer","Golden Idol","hubris:Towel","halation:StarCompass","hubris:OldNail","Nunchaku","Centennial Puzzle","Mirror","halation:LettersToHer","ReplayTheSpireMod:CursedCoin","halation:Prosthetics","Mercury Hourglass","Boot","Omamori","Bottled Tornado","Replay:Bandana","hubris:Potato","Bottled Lightning","Replay:Towering Pillar of Hats","WarpedTongs","hubris:VirtuousBlindfold","ReplayFunnel","halation:Thesaurus","Art of War","Bag of Preparation","Gremlin Horn","Champion Belt","Bronze Scales"],"acts_visited":["Exordium","TheCity","TheBeyond"],"potions_floor_usage":[16],"damage_taken":[{"damage":0,"enemies":"Cultist","floor":1,"turns":1},{"damage":18,"enemies":"3 Sentries","floor":6,"turns":3},{"damage":0,"enemies":"Lagavulin","floor":8,"turns":3},{"damage":0,"enemies":"Gremlin Nob","floor":11,"turns":2},{"damage":0,"enemies":"2 Louse","floor":12,"turns":1},{"damage":0,"enemies":"Small Slimes","floor":14,"turns":1},{"damage":38,"enemies":"Hexaghost","floor":16,"turns":4},{"damage":6,"enemies":"3 Byrds","floor":18,"turns":2},{"damage":10,"enemies":"Shell Parasite","floor":19,"turns":2},{"damage":0,"enemies":"Gremlin Leader","floor":24,"turns":3},{"damage":0,"enemies":"Colosseum Slavers","floor":27,"turns":1},{"damage":3,"enemies":"Colosseum Nobs","floor":27,"turns":2},{"damage":0,"enemies":"Snake Plant","floor":28,"turns":2},{"damage":0,"enemies":"3 Cultists","floor":31,"turns":2},{"damage":11,"enemies":"Champ","floor":33,"turns":2},{"damage":0,"enemies":"Orb Walker","floor":35,"turns":1},{"damage":0,"enemies":"3 Shapes","floor":38,"turns":1},{"damage":10,"enemies":"R_Hoarder","floor":40,"turns":3},{"damage":0,"enemies":"2 Orb Walkers","floor":46,"turns":1},{"damage":0,"enemies":"Awakened One","floor":50,"turns":2}],"seed_played":"903590085953370820","potions_obtained":[{"floor":6,"key":"FearPotion"},{"floor":14,"key":"AttackPotion"},{"floor":27,"key":"Cursed Concoction"},{"floor":28,"key":"BlessingOfTheForge"},{"floor":31,"key":"FearPotion"}],"is_trial":true,"path_per_floor":["M","?","?","?","T","E","?","E","T","R","E","M","$","M","R","B",null,"M","M","?","$","T","R","E","R","T","?","M","$","?","M","R","B",null,"M","?","$","M","?","E","R","$","T","?","$","?","$","NS","R","B",null],"character_chosen":"IRONCLAD","items_purchased":["Inflame","ReplayTheSpireMod:CursedCoin","War Paint","Replay:Towering Pillar of Hats","halation:Thesaurus","Bag of Preparation","Bronze Scales"],"campfire_rested":0,"item_purchase_floors":[13,13,13,29,42,42,47],"current_hp_per_floor":[80,60,60,60,60,48,40,46,46,46,52,58,58,64,64,32,45,45,41,41,41,41,41,45,45,45,45,45,45,45,45,45,40,45,45,45,45,45,45,41,41,41,41,41,41,45,45,45,45,45],"gold":17,"neow_bonus":"","is_daily":false,"chose_seed":false,"campfire_upgraded":7,"win_rate":0.0,"timestamp":1610154799,"path_taken":["M","?","?","?","?","E","?","E","T","R","E","?","$","M","R","BOSS","M","M","?","$","?","R","E","R","T","?","?","$","?","?","R","BOSS","M","?","$","M","?","E","R","$","T","?","?","?","?","NS","R","BOSS"],"items_purchased_type":["Card","Relic","Relic","Relic","Relic","Relic","Relic"],"build_version":"2020-12-22","purchased_purges":2,"victory":true,"max_hp_per_floor":[80,80,80,80,80,80,80,80,80,80,80,80,80,80,80,80,45,45,45,45,45,45,45,45,45,45,45,45,45,45,45,45,45,45,45,45,45,45,45,45,45,45,45,45,45,45,45,45,45,45],"card_choices":[{"not_picked":["Infernal Blade","Run Through","Pommel Strike"],"picked":"SKIP","floor":1},{"not_picked":["Eclipse","Rupture","ReplayTheSpireMod:LeadingStrike"],"picked":"SKIP","floor":6},{"not_picked":["Metallicize","Shrug It Off","Warcry"],"picked":"SKIP","floor":8},{"not_picked":["Havoc","Uppercut","hubris:ReadiedAction"],"picked":"SKIP","floor":11},{"not_picked":["Sever Soul","Pummel"],"picked":"ReplayTheSpireMod:Muscle Training","floor":12},{"not_picked":["Armaments","Body Slam","Hemokinesis"],"picked":"SKIP","floor":14},{"not_picked":["Thunderclap+1","Anger","Perfected Strike+1"],"picked":"SKIP","floor":18},{"not_picked":["Thunderclap","Uppercut"],"picked":"Heavy Blade","floor":19},{"not_picked":["Entrench+1","Run Through","Cleave+1"],"picked":"SKIP","floor":24},{"not_picked":["Clash","Replay:Undeath\u0027s Touch+1","Body Slam"],"picked":"SKIP","floor":28},{"not_picked":["Flex","Anger","Headbutt"],"picked":"SKIP","floor":31},{"not_picked":["Havoc+1","Sword Boomerang+1","Heavy Blade+1"],"picked":"SKIP","floor":35},{"not_picked":["Headbutt","hubris:ReadiedAction","Abandon"],"picked":"SKIP","floor":38},{"not_picked":["Rage","Anger+1","Sentinel"],"picked":"SKIP","floor":40},{"not_picked":["Rage","Anger+1","Sentinel"],"picked":"SKIP","floor":40}],"player_experience":657364,"relics_obtained":[{"floor":5,"key":"hubris:OldNail"},{"floor":6,"key":"Nunchaku"},{"floor":8,"key":"Centennial Puzzle"},{"floor":9,"key":"Mirror"},{"floor":11,"key":"halation:LettersToHer"},{"floor":22,"key":"Boot"},{"floor":22,"key":"Omamori"},{"floor":24,"key":"Bottled Tornado"},{"floor":26,"key":"halation:LettersToHer"},{"floor":26,"key":"Replay:Bandana"},{"floor":27,"key":"hubris:Potato"},{"floor":27,"key":"Bottled Lightning"},{"floor":40,"key":"ReplayFunnel"},{"floor":43,"key":"Gremlin Horn"},{"floor":43,"key":"halation:LettersToHer"},{"floor":46,"key":"Champion Belt"}],"event_choices":[{"damage_healed":0,"gold_gain":0,"player_choice":"Take Damage","damage_taken":20,"relics_obtained":["Golden Idol"],"max_hp_gain":0,"max_hp_loss":0,"event_name":"Golden Idol","floor":2,"gold_loss":0},{"damage_healed":0,"gold_gain":75,"player_choice":"Touch","damage_taken":8,"max_hp_gain":0,"max_hp_loss":0,"event_name":"FaceTrader","floor":7,"gold_loss":0},{"damage_healed":0,"gold_gain":0,"player_choice":"Gave Potion","damage_taken":0,"relics_obtained":["Mercury Hourglass"],"max_hp_gain":0,"max_hp_loss":0,"event_name":"WeMeetAgain","floor":20,"gold_loss":0},{"damage_healed":0,"gold_gain":0,"player_choice":"Fight","damage_taken":0,"max_hp_gain":0,"max_hp_loss":0,"event_name":"Colosseum","floor":27,"gold_loss":0},{"damage_healed":0,"gold_gain":0,"player_choice":"Fought Nobs","damage_taken":0,"max_hp_gain":0,"max_hp_loss":0,"event_name":"Colosseum","floor":27,"gold_loss":0},{"damage_healed":0,"gold_gain":0,"player_choice":"Rummage","damage_taken":0,"relics_obtained":["WarpedTongs"],"max_hp_gain":0,"max_hp_loss":0,"event_name":"Accursed Blacksmith","floor":30,"gold_loss":0,"cards_obtained":["Pain"]},{"damage_healed":0,"gold_gain":0,"player_choice":"Fight","damage_taken":0,"max_hp_gain":0,"max_hp_loss":0,"event_name":"Mysterious Sphere","floor":46,"gold_loss":0}],"is_beta":false,"boss_relics":[{"not_picked":["Electric Blood","Honey Jar"],"picked":"halation:Prosthetics"},{"not_picked":["hubris:CrackedHourglass","halation:CatFaceCupcake"],"picked":"hubris:VirtuousBlindfold"}],"items_purged_floors":[13,29],"is_endless":false,"potions_floor_spawned":[6,14,27,27,28,31],"ascension_level":0}}