{"host":"raai0vtvcfkt8csp","time":1610208309,"event":{"mods":["2.2 Compatiblity","BaseMod","Beaked The Cultist","Block Reminder","Booster Modes","DeckTracker","Defective Defect","Defuse TimeMaze Blight","Dio Mod","Downfall","GifTheSpireLib","Infinite Spire","Minty Spire (QoL Compilation)","Quick Restart","Random Character Button","Rare Cards Sparkle","StSLib","Unceasing Turn Reminder"],"gold_per_floor":[117,137,137,156,175,205,205,229,229,260,260,260,8,36,36,132,132,152,251,251,265,275,275,305,305,305,305,336,19,36,49,49,146,146,160,160,176,190,202,202,230,250,250,278,278,294,66,92,92,187,187,192,190,228,220,201,214,214,223,223,223,514,589,81,81,81,159,159,157,157,157,157,158,159,152,157,184,176,176,173,184,184,184,249,249,244,244,227,267,279,266,273,256,268,280,289,297,310,346,358,431,443,454,454],"floor_reached":103,"playtime":14963,"items_purged":[],"score":2638,"play_id":"5804fc53-ab07-4948-b971-42aa8127921f","local_time":"20210109170509","is_ascension_mode":true,"campfire_choices":[{"data":"beaked:Ceremony","floor":7.0,"key":"SMITH"},{"data":"beaked:Ceremony","floor":11.0,"key":"SMITH"},{"floor":15.0,"key":"RECALL"},{"floor":23.0,"key":"REST"},{"floor":25.0,"key":"REST"},{"data":"1","floor":32.0,"key":"LIFT"},{"data":"2","floor":40.0,"key":"LIFT"},{"data":"3","floor":49.0,"key":"LIFT"},{"floor":66.0,"key":"REST"},{"data":"Writhe","floor":83.0,"key":"PURGE"},{"data":"infinitespire:Starlight+1","floor":100.0,"key":"PURGE"}],"circlet_count":0,"master_deck":["beaked:Strike_Y","beaked:Strike_Y","beaked:Strike_Y","beaked:Strike_Y","beaked:Strike_Y","beaked:Defend_Y","beaked:Defend_Y","beaked:Defend_Y","beaked:Defend_Y","beaked:Ceremony+1","beaked:Ceremony+1","beaked:Ceremony+1","beaked:DigDeep","beaked:BraceForImpact","beaked:VigorBurst","beaked:StunningBlow","beaked:Foresight+1","beaked:KnowThyFoe","beaked:SurvivalInstinct","beaked:Brace","beaked:BounceBack","beaked:LiftOff","beaked:MaddeningMurmurs","beaked:BarbedWire+1","beaked:Evade+1","infinitespire:Gouge","beaked:MaddeningMurmurs","beaked:Hexing","Flash of Steel","beaked:Windmill","beaked:WarriorEssence+1","beaked:ScreechingChant","infinitespire:Menacing","Terror+1","beaked:Brace","expansioncontent:DefensiveStance+1","Prostrate+1","beaked:Insight","expansioncontent:QuickStudy","beaked:LiftOff","Outmaneuver","beaked:BloodForTheGods","WindmillStrike","Guardian:TimeBomb","ConjureBlade","Prostrate+1","BattleHymn","Guardian:BronzeOrb","expansioncontent:AwakenDeath+1","beaked:AwakenedForm","infinitespire:UltimateForm","beaked:MachineSpirit+1","infinitespire:Execution+1","beaked:ScreechingChant+1"],"relics":["beaked:MendingPlumage","infinitespire:Lucky Rock","Odd Mushroom","infinitespire:WardingShard","Eternal Feather","Unceasing Top","Fusion Hammer","Enchiridion","beaked:ShinyBauble","infinitespire:BottledMercury","Girya","ClockworkSouvenir","beaked:MawFillet","Black Star","PrismaticShard","Incense Burner","infinitespire:ShieldingShard","infinitespire:FocusingShard","Peace Pipe","Ice Cream","Happy Flower","HornCleat","Philosopher\u0027s Stone","Centennial Puzzle","Meat on the Bone","Smiling Mask","Pear","Potion Belt","Toy Ornithopter","infinitespire:PuzzleCube","The Courier","InkBottle","Matryoshka","Art of War","Old Coin","Letter Opener","Bronze Scales","Bottled Tornado","Guardian:BottledAnomaly","Coffee Dripper","Toxic Egg 2","Question Card","Bag of Preparation","StrikeDummy","infinitespire:Eraser","CaptainsWheel","Prayer Wheel","Strawberry","Lantern","Tiny Chest","Anchor","infinitespire:CheckeredPen","Blood Vial","Juzu Bracelet","Pantograph","infinitespire:Cupcake","infinitespire:Lychee Nut","MawBank","Pocketwatch","Calipers","Omamori","Bird Faced Urn","Bottled Flame","Bottled Lightning","CeramicFish","Du-Vu Doll","Busted Crown"],"acts_visited":["Exordium","TheCity","TheBeyond","TheCity","TheBeyond","Exordium"],"potions_floor_usage":[],"damage_taken":[{"damage":10.0,"enemies":"Jaw Worm","floor":1.0,"turns":5.0},{"damage":7.0,"enemies":"2 Louse","floor":2.0,"turns":5.0},{"damage":4.0,"enemies":"Small Slimes","floor":4.0,"turns":5.0},{"damage":23.0,"enemies":"2 Fungi Beasts","floor":5.0,"turns":6.0},{"damage":54.0,"enemies":"3 Sentries","floor":6.0,"turns":11.0},{"damage":44.0,"enemies":"The Mushroom Lair","floor":8.0,"turns":7.0},{"damage":8.0,"enemies":"Lagavulin","floor":10.0,"turns":10.0},{"damage":59.0,"enemies":"3 Sentries","floor":14.0,"turns":17.0},{"damage":41.0,"enemies":"Slime Boss","floor":16.0,"turns":10.0},{"damage":19.0,"enemies":"Chosen","floor":18.0,"turns":11.0},{"damage":47.0,"enemies":"3 Byrds","floor":21.0,"turns":10.0},{"damage":25.0,"enemies":"Centurion and Healer","floor":22.0,"turns":7.0},{"damage":75.0,"enemies":"Slavers","floor":24.0,"turns":7.0},{"damage":57.0,"enemies":"Nightmare","floor":28.0,"turns":10.0},{"damage":27.0,"enemies":"Snake Plant","floor":30.0,"turns":7.0},{"damage":22.0,"enemies":"Shelled Parasite and Fungi","floor":31.0,"turns":10.0},{"damage":12.0,"enemies":"Champ","floor":33.0,"turns":22.0},{"damage":13.0,"enemies":"3 Shapes","floor":35.0,"turns":11.0},{"damage":67.0,"enemies":"3 Darklings","floor":37.0,"turns":8.0},{"damage":38.0,"enemies":"Jaw Worm Horde","floor":38.0,"turns":8.0},{"damage":49.0,"enemies":"Writhing Mass","floor":39.0,"turns":8.0},{"damage":12.0,"enemies":"Giant Head","floor":41.0,"turns":11.0},{"damage":1.0,"enemies":"Transient","floor":42.0,"turns":5.0},{"damage":16.0,"enemies":"Nemesis","floor":44.0,"turns":10.0},{"damage":6.0,"enemies":"Jaw Worm Horde","floor":46.0,"turns":7.0},{"damage":13.0,"enemies":"Reptomancer","floor":48.0,"turns":8.0},{"damage":0.0,"enemies":"Donu and Deca","floor":50.0,"turns":9.0},{"damage":0.0,"enemies":"Cultist","floor":52.0,"turns":3.0},{"damage":0.0,"enemies":"Small Slimes","floor":53.0,"turns":2.0},{"damage":0.0,"enemies":"3 Sentries","floor":54.0,"turns":5.0},{"damage":15.0,"enemies":"3 Sentries","floor":55.0,"turns":7.0},{"damage":0.0,"enemies":"Jaw Worm","floor":56.0,"turns":8.0},{"damage":0.0,"enemies":"Gremlin Nob","floor":57.0,"turns":5.0},{"damage":13.0,"enemies":"3 Sentries","floor":59.0,"turns":5.0},{"damage":4.0,"enemies":"Lagavulin","floor":61.0,"turns":6.0},{"damage":29.0,"enemies":"3 Sentries","floor":62.0,"turns":6.0},{"damage":6.0,"enemies":"Slime Boss","floor":67.0,"turns":6.0},{"damage":0.0,"enemies":"Spheric Guardian","floor":69.0,"turns":4.0},{"damage":64.0,"enemies":"Slavers","floor":73.0,"turns":6.0},{"damage":40.0,"enemies":"Gremlin Leader","floor":74.0,"turns":5.0},{"damage":0.0,"enemies":"3 Byrds","floor":75.0,"turns":4.0},{"damage":1.0,"enemies":"Book of Stabbing","floor":76.0,"turns":5.0},{"damage":0.0,"enemies":"Snake Plant","floor":78.0,"turns":3.0},{"damage":13.0,"enemies":"Slavers","floor":79.0,"turns":6.0},{"damage":0.0,"enemies":"Chosen and Byrds","floor":80.0,"turns":5.0},{"damage":0.0,"enemies":"Book of Stabbing","floor":81.0,"turns":4.0},{"damage":0.0,"enemies":"Collector","floor":84.0,"turns":6.0},{"damage":0.0,"enemies":"Orb Walker","floor":86.0,"turns":4.0},{"damage":11.0,"enemies":"3 Shapes","floor":88.0,"turns":6.0},{"damage":14.0,"enemies":"infinitespire:Three Voidlings","floor":89.0,"turns":4.0},{"damage":41.0,"enemies":"Nightmare_Alpha","floor":89.0,"turns":12.0},{"damage":3.0,"enemies":"Nemesis","floor":91.0,"turns":6.0},{"damage":18.0,"enemies":"3 Darklings","floor":92.0,"turns":3.0},{"damage":11.0,"enemies":"Maw","floor":93.0,"turns":7.0},{"damage":60.0,"enemies":"Reptomancer","floor":95.0,"turns":5.0},{"damage":0.0,"enemies":"4 Shapes","floor":96.0,"turns":3.0},{"damage":0.0,"enemies":"Giant Head","floor":97.0,"turns":7.0},{"damage":0.0,"enemies":"Reptomancer","floor":98.0,"turns":5.0},{"damage":0.0,"enemies":"Mind Bloom Boss Battle","floor":99.0,"turns":5.0},{"damage":0.0,"enemies":"Jotaro","floor":101.0,"turns":7.0},{"damage":0,"enemies":"infinitespire:Voidling","floor":103,"turns":1}],"seed_played":"3273872881310722664","potions_obtained":[{"floor":2.0,"key":"SpeedPotion"},{"floor":5.0,"key":"Dexterity Potion"},{"floor":14.0,"key":"Strength Potion"},{"floor":21.0,"key":"Regen Potion"},{"floor":30.0,"key":"LiquidBronze"},{"floor":35.0,"key":"SneckoOil"},{"floor":42.0,"key":"Guardian:BlockOnCardUsePotion"},{"floor":44.0,"key":"Slimebound:ThreeZeroPotion"},{"floor":50.0,"key":"Weak Potion"},{"floor":53.0,"key":"Fire Potion"},{"floor":62.0,"key":"FearPotion"},{"floor":73.0,"key":"Dexterity Potion"},{"floor":74.0,"key":"SpeedPotion"},{"floor":78.0,"key":"SteroidPotion"},{"floor":96.0,"key":"Fire Potion"},{"floor":97.0,"key":"SpeedPotion"}],"is_trial":false,"path_per_floor":["M","M","?","M","M","E","R","?","T","E","R","?","$","E","R","B",null,"M","?","?","M","M","R","E","R","T","?","NM","$","M","M","R","B",null,"M","AVR","M","M","M","R","E","M","T","E","?","M","$","E","R","B",null,"M","M","?","E","M","E","?","E","T","E","E","?","$","?","R","B",null,"M","AVR","?","?","E","E","M","E","T","M","E","M","E","T","R","B",null,"M","?","M","?","?","E","M","M","T","E","M","E","E","?","R","B",null,"M"],"character_chosen":"BEAKED_THE_CULTIST","items_purchased":["Eternal Feather","beaked:Hexing","ClockworkSouvenir","Flash of Steel","beaked:Insight","expansioncontent:QuickStudy","Bronze Scales","Bottled Tornado","Guardian:BottledAnomaly","beaked:MendingBrew"],"campfire_rested":3,"item_purchase_floors":[13,29,29,29,47,47,64,64,64,64],"current_hp_per_floor":[50,55,55,55,55,39,39,29,29,55,55,55,55,42,54,49,55,55,55,39,39,53,55,36,55,55,55,39,39,42,53,55,55,55,53,53,30,36,48,55,53,55,55,55,55,55,55,55,55,55,55,55,55,55,55,55,65,58,65,65,65,59,48,48,48,65,61,65,65,65,65,65,56,65,65,65,72,72,72,72,72,72,72,72,72,72,72,72,54,41,54,54,54,54,54,54,54,54,54,54,54,54,54,54],"gold":454,"neow_bonus":"TRANSFORM_CARD","is_daily":false,"chose_seed":false,"campfire_upgraded":2,"win_rate":0.0,"timestamp":1610208309,"path_taken":["M","M","?","M","M","E","R","?","T","E","R","?","$","E","R","BOSS","M","?","?","M","M","R","E","R","T","?","NM","$","M","M","R","BOSS","M","AVR","M","M","M","R","E","M","T","E","?","?","?","E","R","BOSS","M","?","?","E","M","E","?","E","T","E","E","?","?","?","R","BOSS","M","AVR","?","?","E","E","M","E","T","M","E","M","E","?","R","BOSS","BOSS","M","?","M","?","?","E","M","M","T","E","M","E","E","?","R","BOSS","M"],"items_purchased_type":["Relic","Card","Relic","Card","Card","Card","Relic","Relic","Relic","Potion"],"build_version":"2020-12-22","purchased_purges":0,"victory":false,"max_hp_per_floor":[50,55,55,55,55,55,55,55,55,55,55,55,55,55,55,55,55,55,55,55,55,55,55,55,55,55,55,55,55,55,55,55,55,55,55,55,55,55,55,55,55,55,55,55,55,55,55,55,55,55,55,55,55,55,55,55,65,65,65,65,65,65,65,65,65,65,65,65,65,65,65,65,65,65,65,65,72,72,72,72,72,72,72,72,72,72,72,72,54,54,54,54,54,54,54,54,54,54,54,54,54,54,54,54],"card_choices":[{"not_picked":["beaked:Pecker","beaked:Redirect"],"picked":"beaked:BraceForImpact","floor":1.0},{"not_picked":["beaked:Tradeoff","beaked:Poke"],"picked":"beaked:VigorBurst","floor":2.0},{"not_picked":["beaked:Pecker","beaked:Tradeoff"],"picked":"beaked:StunningBlow","floor":4.0},{"not_picked":["beaked:Windmill","beaked:Tweet"],"picked":"beaked:Foresight","floor":5.0},{"not_picked":["beaked:Insight","beaked:CursingBlood"],"picked":"beaked:KnowThyFoe","floor":6.0},{"not_picked":["beaked:MimicWarrior","beaked:Windmill"],"picked":"beaked:SurvivalInstinct","floor":8.0},{"not_picked":["beaked:SacrificialScars","beaked:Poke"],"picked":"beaked:Brace","floor":10.0},{"not_picked":["beaked:SacrificialScars","beaked:FeelMyPain"],"picked":"beaked:BounceBack","floor":14.0},{"not_picked":["beaked:DarkPact","beaked:ShadowFade"],"picked":"beaked:LiftOff","floor":16.0},{"not_picked":["beaked:Insight","beaked:BloodRitual"],"picked":"beaked:MaddeningMurmurs","floor":18.0},{"not_picked":["beaked:Brace","beaked:Mantra+1"],"picked":"beaked:BarbedWire+1","floor":21.0},{"not_picked":["beaked:WindBringer","beaked:RuinSticks","beaked:TuckingFeathers+1"],"picked":"SKIP","floor":22.0},{"not_picked":["beaked:WarriorSpirit","beaked:Cower"],"picked":"beaked:Evade+1","floor":24.0},{"not_picked":["infinitespire:FutureSight","infinitespire:NeuralNetwork"],"picked":"infinitespire:Gouge","floor":28.0},{"not_picked":["beaked:DarkTribute","beaked:FeelMyPain"],"picked":"beaked:MaddeningMurmurs","floor":28.0},{"not_picked":["beaked:Cower","beaked:Redirect+1"],"picked":"beaked:Windmill","floor":30.0},{"not_picked":["beaked:MimicWarrior","beaked:RitualOfBody"],"picked":"beaked:WarriorEssence+1","floor":31.0},{"not_picked":["beaked:Sacrifice","beaked:WildInstinct"],"picked":"beaked:ScreechingChant","floor":33.0},{"not_picked":["beaked:Windmill","beaked:Poke+1","beaked:MimicWarrior"],"picked":"SKIP","floor":35.0},{"not_picked":["champ:Encircle","expansioncontent:Hexaburn"],"picked":"Terror+1","floor":37.0},{"not_picked":["sneckomod:DefensiveFlair","beaked:Tradeoff+1","champ:TornadoPunch"],"picked":"SKIP","floor":38.0},{"not_picked":["champ:GutPunch+1","hexamod:ThirdSeal","Sanctity"],"picked":"SKIP","floor":39.0},{"not_picked":["hexamod:DynamicBlow","Lockon+1"],"picked":"beaked:Brace","floor":41.0},{"not_picked":["Heel Hook","Guardian:Planning"],"picked":"expansioncontent:DefensiveStance+1","floor":42.0},{"not_picked":["Gash","champ:PerfectForm","Guardian:TemporalShield+1"],"picked":"SKIP","floor":44.0},{"not_picked":["JustLucky+1","sneckomod:SlitherStrike+1"],"picked":"Prostrate+1","floor":46.0},{"not_picked":["beaked:Roost+1","hexamod:NightmareGuise","champ:ViciousMockery+1"],"picked":"SKIP","floor":48.0},{"not_picked":["Biased Cognition","infinitespire:Neurotoxin"],"picked":"beaked:LiftOff","floor":50.0},{"not_picked":["dioMod:SlashThroughTime","beaked:FeelMyPain"],"picked":"Outmaneuver","floor":52.0},{"not_picked":["Headbutt","Coolheaded","hexamod:SpectralAdrenaline"],"picked":"SKIP","floor":53.0},{"not_picked":["dioMod:FlyAway","champ:Aggression"],"picked":"beaked:BloodForTheGods","floor":55.0},{"not_picked":["sneckomod:QuickMove","Slimebound:ViciousTackle","Clothesline"],"picked":"SKIP","floor":56.0},{"not_picked":["Guardian:PrismaticBeam","sneckomod:SnekBeam"],"picked":"WindmillStrike","floor":57.0},{"not_picked":["champ:HeartStrike","beaked:WarriorSpirit"],"picked":"Guardian:TimeBomb","floor":59.0},{"not_picked":["expansioncontent:PolyBeam","Protect","beaked:Brace"],"picked":"SKIP","floor":61.0},{"not_picked":["beaked:Recite","Calculated Gamble","dioMod:FlyAway"],"picked":"SKIP","floor":62.0},{"not_picked":["Slimebound:RallyTheTroops","Slimebound:DouseInSlime"],"picked":"ConjureBlade","floor":67.0},{"not_picked":["Perfected Strike","Slimebound:SlimeSpikes"],"picked":"Prostrate+1","floor":69.0},{"not_picked":["Guardian:PrismaticBarrier+1","beaked:DarkTribute+1","champ:StanceDance+1"],"picked":"SKIP","floor":73.0},{"not_picked":["Spot Weakness+1","beaked:Insight","Guardian:CrystalBeam"],"picked":"BattleHymn","floor":74.0},{"not_picked":["Headbutt","Evolve+1","hexamod:GhostShield+1","BowlingBash"],"picked":"SKIP","floor":75.0},{"not_picked":["sneckomod:UnknownExhaust+1","champ:AdrenalArmor+1","beaked:DigDeep+1"],"picked":"Guardian:BronzeOrb","floor":76.0},{"not_picked":["beaked:Poke","Outmaneuver+1","champ:TornadoPunch","beaked:MimicMachine+1"],"picked":"SKIP","floor":78.0},{"not_picked":["Worship+1","sneckomod:UnknownWeak+1","Beam Cell","beaked:BarbedWire+1"],"picked":"SKIP","floor":78.0},{"not_picked":["Defragment","Wild Strike","beaked:Mantra"],"picked":"expansioncontent:AwakenDeath+1","floor":79.0},{"not_picked":["Coolheaded+1","Outmaneuver+1","Guardian:PiercingHide+1","hexamod:SuperheatedStrike"],"picked":"SKIP","floor":80.0},{"not_picked":["Intimidate+1","FlurryOfBlows","Tools of the Trade","Flying Knee"],"picked":"SKIP","floor":80.0},{"not_picked":["champ:GladiatorStyle","infinitespire:OneForAll","Flex+1","ClearTheMind+1"],"picked":"SKIP","floor":81.0},{"not_picked":["Guardian:ExploitGems+1","champ:SteelEdge","Unload"],"picked":"beaked:AwakenedForm","floor":84.0},{"not_picked":["Shrug It Off+1","CutThroughFate+1","dioMod:CautiousMuda","champ:FocusedGladiator+1"],"picked":"SKIP","floor":86.0},{"not_picked":["champ:RisingSlash+1","CutThroughFate","Conserve Battery+1","Shrug It Off+1"],"picked":"SKIP","floor":86.0},{"not_picked":["CrushJoints","Headbutt","champ:IronFortress+1","Mind Blast+1"],"picked":"SKIP","floor":88.0},{"not_picked":["Cold Snap+1","dioMod:HeavyLifting+1","Guardian:Gem_White","Bandage Up+1"],"picked":"SKIP","floor":88.0},{"not_picked":["infinitespire:NeuralNetwork","infinitespire:Gouge"],"picked":"infinitespire:Starlight","floor":89.0},{"not_picked":["infinitespire:Execution","infinitespire:SealOfDarkness+"],"picked":"infinitespire:UltimateForm","floor":90.0},{"not_picked":["Finesse+1","Slimebound:HungryTackle+1","Consecrate+1","Slimebound:GoopTackle+1"],"picked":"SKIP","floor":91.0},{"not_picked":["champ:Duel","dioMod:BloodSplash+1","Warcry+1","Flechettes+1"],"picked":"SKIP","floor":92.0},{"not_picked":["Guardian:Planning+1","sneckomod:Nope+1","champ:Control+1","expansioncontent:PrepareCrush+1"],"picked":"SKIP","floor":92.0},{"not_picked":["champ:Improvising","dioMod:Freeze+1","beaked:Evade+1","sneckomod:UnknownWeak+1"],"picked":"SKIP","floor":93.0},{"not_picked":["Purity+1","Heel Hook+1","Guardian:ShieldSpikes+1","Steam+1"],"picked":"SKIP","floor":93.0},{"not_picked":["hexamod:GhostOfSpirePast","champ:RisingSlash","sneckomod:UnknownUncommonAttack+1","Melter+1"],"picked":"SKIP","floor":95.0},{"not_picked":["Slimebound:RejuvenatingLick+1","sneckomod:Unknown0Cost+1","Blade Dance+1","Thunderclap"],"picked":"SKIP","floor":96.0},{"not_picked":["InnerPeace+1","hexamod:RetreatToShadows+1","sneckomod:SoulDraw+1","beaked:Insight"],"picked":"SKIP","floor":96.0},{"not_picked":["Crescendo+1","Expertise+1","beaked:Roost+1","Conserve Battery+1"],"picked":"SKIP","floor":97.0},{"not_picked":["Crescendo+1","Expertise+1","beaked:Roost+1","Conserve Battery+1"],"picked":"SKIP","floor":97.0},{"not_picked":["Cold Snap","Guardian:EvasiveProtocol","champ:PerfectForm"],"picked":"beaked:MachineSpirit+1","floor":98.0},{"not_picked":["infinitespire:NeuralNetwork","infinitespire:FinalStrike"],"picked":"infinitespire:Execution","floor":99.0},{"not_picked":["Impervious+1","Immolate","Hyperbeam"],"picked":"beaked:ScreechingChant+1","floor":101.0}],"player_experience":870208,"relics_obtained":[{"floor":6.0,"key":"infinitespire:Lucky Rock"},{"floor":8.0,"key":"Odd Mushroom"},{"floor":10.0,"key":"infinitespire:WardingShard"},{"floor":14.0,"key":"Unceasing Top"},{"floor":20.0,"key":"Enchiridion"},{"floor":24.0,"key":"beaked:ShinyBauble"},{"floor":26.0,"key":"infinitespire:BottledMercury"},{"floor":28.0,"key":"Girya"},{"floor":41.0,"key":"Incense Burner"},{"floor":41.0,"key":"infinitespire:ShieldingShard"},{"floor":43.0,"key":"infinitespire:FocusingShard"},{"floor":44.0,"key":"Peace Pipe"},{"floor":44.0,"key":"Ice Cream"},{"floor":48.0,"key":"Happy Flower"},{"floor":48.0,"key":"HornCleat"},{"floor":55.0,"key":"Meat on the Bone"},{"floor":55.0,"key":"Smiling Mask"},{"floor":57.0,"key":"Pear"},{"floor":57.0,"key":"Potion Belt"},{"floor":59.0,"key":"infinitespire:PuzzleCube"},{"floor":59.0,"key":"The Courier"},{"floor":60.0,"key":"InkBottle"},{"floor":61.0,"key":"Matryoshka"},{"floor":61.0,"key":"Art of War"},{"floor":62.0,"key":"Old Coin"},{"floor":62.0,"key":"Letter Opener"},{"floor":73.0,"key":"Question Card"},{"floor":73.0,"key":"Bag of Preparation"},{"floor":74.0,"key":"StrikeDummy"},{"floor":74.0,"key":"infinitespire:Eraser"},{"floor":76.0,"key":"CaptainsWheel"},{"floor":76.0,"key":"Prayer Wheel"},{"floor":77.0,"key":"Strawberry"},{"floor":77.0,"key":"Lantern"},{"floor":79.0,"key":"Tiny Chest"},{"floor":79.0,"key":"Anchor"},{"floor":81.0,"key":"infinitespire:CheckeredPen"},{"floor":81.0,"key":"Blood Vial"},{"floor":82.0,"key":"Juzu Bracelet"},{"floor":82.0,"key":"Pantograph"},{"floor":89.0,"key":"infinitespire:Lychee Nut"},{"floor":89.0,"key":"MawBank"},{"floor":94.0,"key":"Pocketwatch"},{"floor":95.0,"key":"Calipers"},{"floor":95.0,"key":"Omamori"},{"floor":97.0,"key":"Bird Faced Urn"},{"floor":97.0,"key":"Bottled Flame"},{"floor":98.0,"key":"Bottled Lightning"},{"floor":98.0,"key":"CeramicFish"},{"floor":99.0,"key":"Du-Vu Doll"}],"event_choices":[{"damage_healed":0.0,"max_hp_gain":0.0,"max_hp_loss":0.0,"gold_gain":0.0,"event_name":"Mushrooms","player_choice":"Fought Mushrooms","floor":8.0,"gold_loss":0.0,"damage_taken":0.0},{"damage_healed":0.0,"max_hp_gain":0.0,"max_hp_loss":0.0,"gold_gain":0.0,"event_name":"Living Wall","player_choice":"Grow","floor":12.0,"gold_loss":0.0,"damage_taken":0.0,"cards_upgraded":["beaked:Ceremony"]},{"damage_healed":0.0,"max_hp_gain":0.0,"max_hp_loss":0.0,"gold_gain":99.0,"event_name":"Nest","player_choice":"Stole From Cult","floor":19.0,"gold_loss":0.0,"damage_taken":0.0},{"damage_healed":0.0,"max_hp_gain":0.0,"max_hp_loss":0.0,"gold_gain":0.0,"event_name":"Cursed Tome","player_choice":"Obtained Book","floor":20.0,"gold_loss":0.0,"damage_taken":16.0},{"damage_healed":0.0,"max_hp_gain":0.0,"max_hp_loss":0.0,"gold_gain":0.0,"event_name":"Purifier","player_choice":"Ignored","floor":45.0,"gold_loss":0.0,"damage_taken":0.0},{"damage_healed":0.0,"max_hp_gain":0.0,"max_hp_loss":0.0,"gold_gain":0.0,"event_name":"Dead Adventurer","player_choice":"Searched \u00272\u0027 times","floor":54.0,"gold_loss":0.0,"damage_taken":0.0,"relics_obtained":["Centennial Puzzle"]},{"damage_healed":0.0,"max_hp_gain":0.0,"max_hp_loss":0.0,"gold_gain":0.0,"event_name":"Scrap Ooze","player_choice":"Success","floor":58.0,"gold_loss":0.0,"damage_taken":7.0,"relics_obtained":["Toy Ornithopter"]},{"damage_healed":0.0,"max_hp_gain":0.0,"max_hp_loss":0.0,"gold_gain":75.0,"event_name":"World of Goop","player_choice":"Gather Gold","floor":63.0,"gold_loss":0.0,"damage_taken":11.0},{"damage_healed":0.0,"max_hp_gain":0.0,"max_hp_loss":0.0,"gold_gain":0.0,"event_name":"Beggar","player_choice":"Ignored","floor":71.0,"gold_loss":0.0,"damage_taken":0.0},{"damage_healed":0.0,"max_hp_gain":0.0,"max_hp_loss":0.0,"gold_gain":0.0,"event_name":"The Mausoleum","player_choice":"Opened","floor":72.0,"gold_loss":0.0,"damage_taken":0.0,"relics_obtained":["Toxic Egg 2"],"cards_obtained":["Writhe"]},{"damage_healed":0.0,"max_hp_gain":0.0,"max_hp_loss":0.0,"gold_gain":0.0,"event_name":"Tomb of Lord Red Mask","player_choice":"Ignored","floor":87.0,"gold_loss":0.0,"damage_taken":0.0},{"damage_healed":0.0,"max_hp_gain":0.0,"max_hp_loss":0.0,"gold_gain":0.0,"event_name":"MindBloom","player_choice":"Fight","floor":99.0,"gold_loss":0.0,"damage_taken":0.0}],"is_beta":false,"boss_relics":[{"not_picked":["SlaversCollar","Velvet Choker"],"picked":"Fusion Hammer"},{"not_picked":["Sozu","Runic Dome"],"picked":"beaked:MawFillet"},{"not_picked":["Coffee Dripper","beaked:FlawlessSticks"],"picked":"Philosopher\u0027s Stone"},{"not_picked":["SlaversCollar","Snecko Eye"],"picked":"Coffee Dripper"},{"not_picked":["Tiny House","Cursed Key"],"picked":"infinitespire:Cupcake"},{"not_picked":["beaked:FlawlessSticks","Calling Bell"],"picked":"Busted Crown"}],"items_purged_floors":[],"is_endless":true,"potions_floor_spawned":[2,5,14,21,30,35,42,44,50,53,54,56,62,73,74,78,80,81,88,89,92,96,97],"killed_by":"infinitespire:Voidling","ascension_level":1}}