{"host":"g7trc0x2teqyd8ye","time":1610194190,"event":{"mods":["BaseMod","Key Reminder","Minty Spire (QoL Compilation)","Relic Stats"],"gold_per_floor":[119,134,146,321,332,332,360,360,360,360,30,43,43,43],"floor_reached":13,"playtime":575,"items_purged":["Doubt"],"score":132,"play_id":"9876be2a-49c2-4af2-94f0-20fcb0f4987f","local_time":"20210109130950","is_ascension_mode":true,"campfire_choices":[{"data":"Defragment","floor":6,"key":"SMITH"},{"floor":10,"key":"REST"}],"circlet_count":0,"master_deck":["AscendersBane","Strike_B","Strike_B","Strike_B","Strike_B","Defend_B","Defend_B","Defend_B","Defend_B+1","Zap","Dualcast","Defragment+1","Coolheaded","Aggregate","Redo","Consume+1"],"relics":["Inserter","Letter Opener","Gambling Chip","War Paint"],"acts_visited":["Exordium"],"potions_floor_usage":[7,13],"damage_taken":[{"damage":4,"enemies":"2 Louse","floor":1,"turns":4},{"damage":6,"enemies":"Jaw Worm","floor":2,"turns":5},{"damage":11,"enemies":"Small Slimes","floor":3,"turns":6},{"damage":6,"enemies":"Exordium Wildlife","floor":5,"turns":5},{"damage":37,"enemies":"3 Sentries","floor":7,"turns":7},{"damage":1,"enemies":"2 Fungi Beasts","floor":12,"turns":3},{"damage":38,"enemies":"Gremlin Nob","floor":13,"turns":4}],"seed_played":"8204935030562737479","potions_obtained":[{"floor":1,"key":"PowerPotion"},{"floor":5,"key":"Ancient Potion"}],"is_trial":false,"path_per_floor":["M","M","M","?","M","R","E","?","T","R","$","M","E"],"character_chosen":"DEFECT","items_purchased":["War Paint","EssenceOfDarkness"],"campfire_rested":1,"item_purchase_floors":[11,11],"current_hp_per_floor":[64,58,47,47,41,41,4,4,4,26,26,25,0,0],"gold":43,"neow_bonus":"BOSS_RELIC","is_daily":false,"chose_seed":false,"campfire_upgraded":1,"win_rate":0.0,"timestamp":1610194190,"path_taken":["M","M","M","?","M","R","E","?","T","R","$","M","E"],"items_purchased_type":["Relic","Potion"],"build_version":"2020-12-22","purchased_purges":1,"victory":false,"max_hp_per_floor":[75,75,75,75,75,75,75,75,75,75,75,75,75,75],"relic_stats":{"Inserter":[17],"counters":[7,34],"Gambling Chip":[4],"Letter Opener":[10],"War Paint":["Defend_B","Consume"],"obtain_stats":[{"Inserter":0,"Gambling Chip":9,"Letter Opener":7,"War Paint":11,"Cracked Core":0},{"Inserter":0,"Gambling Chip":5,"Letter Opener":5,"War Paint":5,"Cracked Core":0},{"Inserter":0,"Gambling Chip":27,"Letter Opener":27,"War Paint":27,"Cracked Core":0}]},"card_choices":[{"not_picked":["Sweeping Beam","Barrage"],"picked":"Defragment","floor":1},{"not_picked":["Beam Cell","BootSequence"],"picked":"Coolheaded","floor":2},{"not_picked":["Rebound","Gash"],"picked":"Aggregate","floor":3},{"not_picked":["Barrage","Buffer"],"picked":"Redo","floor":5},{"not_picked":["Redo","Thunder Strike"],"picked":"Consume","floor":7},{"not_picked":["Steam","Recycle","Steam Power"],"picked":"SKIP","floor":12}],"player_experience":894446,"relics_obtained":[{"floor":7,"key":"Letter Opener"},{"floor":9,"key":"Gambling Chip"}],"event_choices":[{"damage_healed":0,"gold_gain":175,"player_choice":"AGREE","damage_taken":0,"max_hp_gain":0,"max_hp_loss":0,"event_name":"Liars Game","floor":4,"gold_loss":0,"cards_obtained":["Doubt"]},{"damage_healed":0,"gold_gain":0,"player_choice":"Ignored","damage_taken":0,"max_hp_gain":0,"max_hp_loss":0,"event_name":"Shining Light","floor":8,"gold_loss":0}],"is_beta":false,"boss_relics":[],"items_purged_floors":[11],"is_endless":false,"potions_floor_spawned":[1,5],"killed_by":"Gremlin Nob","ascension_level":11}}