{"host":"5471ir90dlnrorkp","time":1610235518,"event":{"mods":["Aspiration","BaseMod","Beaked The Cultist","Colored Map","Colored Powertips","Displayed Cursed Tome","Hermit","Minty Spire (QoL Compilation)","Random Character Button","Replay The Spire","Shop Mod","StSLib","The Cursed","The Druid","The Marked","The Runesmith","The Witch","TheBandit","thorton"],"gold_per_floor":[109,109,109,119,119,119,44,44,97,97,97,115,133,145,158,173,173,275,275,293,293,392,142,142,142,156,156,156,156,176,193,193,193,68,128,128,232,232,243,258,38,56,75,75,89,89,113,113,113,113,113,13,13,13],"floor_reached":55,"playtime":4685,"items_purged":["Sickly","theMarked:Strike","theMarked:Strike"],"score":607,"play_id":"d91dd5be-bcc1-4ba0-b9bc-e06ed7bc76de","local_time":"20210109183838","is_ascension_mode":false,"campfire_choices":[{"floor":6.0,"key":"REST"},{"data":"TalkToTheHand","floor":8.0,"key":"SMITH"},{"floor":17.0,"key":"DIG"},{"data":"theMarked:SoldierOfQuellstein","floor":25.0,"key":"SMITH"},{"data":"theMarked:Indomitable","floor":27.0,"key":"SMITH"},{"floor":36,"key":"REST"},{"floor":44,"key":"REST"},{"data":"theMarked:Opportunist","floor":46,"key":"SMITH"},{"data":"theMarked:Opportunist","floor":51,"key":"SMITH"},{"floor":53,"key":"DIG"}],"circlet_count":0,"master_deck":["theMarked:Strike","theMarked:Strike","theMarked:Defend","theMarked:Defend","theMarked:Defend","theMarked:Defend","theMarked:SoldierOfQuellstein+1","TalkToTheHand+1","Flying Knee","Flying Knee","theMarked:DispelDoubt","theMarked:EternalStudent","theMarked:Indomitable+1","theMarked:SwordAndMagic+1","theMarked:SoldierForm","theMarked:Opportunist+1","theMarked:Opportunist+1","Madness","Madness"],"relics":["theMarked:BronzeBlade","aspiration:Nostalgia","Replay:M_StaffOfTheSnake","aspiration:HiddenCompartment","Ring of Hypnosis","Boot","Unceasing Top","aspiration:Stabinomicon","Omamori","Runesmith:Nanobots","Singing Bowl","ReplayTheSpireMod:DimensionalGlitch","Vajra","Akabeko","Mummified Hand"],"acts_visited":["Exordium","TheCity","TheBeyond"],"potions_floor_usage":[37,37,37,37,37,45,54,54,54],"damage_taken":[{"damage":0.0,"enemies":"2 Louse","floor":1.0,"turns":2.0},{"damage":0.0,"enemies":"Small Slimes","floor":4.0,"turns":3.0},{"damage":6.0,"enemies":"Jaw Worm","floor":12.0,"turns":3.0},{"damage":6.0,"enemies":"Large Slime","floor":13.0,"turns":7.0},{"damage":1.0,"enemies":"Blue Slaver","floor":14.0,"turns":3.0},{"damage":1.0,"enemies":"Looter","floor":15.0,"turns":2.0},{"damage":0.0,"enemies":"2 Fungi Beasts","floor":16.0,"turns":2.0},{"damage":25.0,"enemies":"Slime Boss","floor":18.0,"turns":6.0},{"damage":0.0,"enemies":"Spheric Guardian","floor":20.0,"turns":3.0},{"damage":1.0,"enemies":"Chosen","floor":26.0,"turns":3.0},{"damage":15.0,"enemies":"Snake Plant","floor":30.0,"turns":2.0},{"damage":5.0,"enemies":"3 Cultists","floor":31.0,"turns":4.0},{"damage":32,"enemies":"Automaton","floor":37,"turns":8},{"damage":11,"enemies":"3 Shapes","floor":39,"turns":5},{"damage":3,"enemies":"3 Darklings","floor":40,"turns":5},{"damage":11,"enemies":"Maw","floor":42,"turns":4},{"damage":2,"enemies":"Writhing Mass","floor":43,"turns":3},{"damage":14,"enemies":"Sphere and 2 Shapes","floor":45,"turns":4},{"damage":46,"enemies":"Donu and Deca","floor":54,"turns":5}],"seed_played":"5921721191616537802","potions_obtained":[{"floor":1.0,"key":"AttackPotion"},{"floor":4.0,"key":"Adrenaline Potion"},{"floor":13.0,"key":"AttackPotion"},{"floor":16.0,"key":"Fire Potion"},{"floor":30.0,"key":"DuplicationPotion"},{"floor":31.0,"key":"FearPotion"},{"floor":35,"key":"EntropicBrew"},{"floor":35,"key":"Toxic Potion"},{"floor":40,"key":"Block Potion"}],"is_trial":false,"path_per_floor":["M","?","?","M","?","R","$","R","T","PTL","PTL","M","M","M","M","M","R_BF","B",null,"M","?","?","$","?","R","M","R","T","T","M","M","PTL","PTL","$","?","R","B",null,"M","M","$","M","M","R","M","R","T","?","?","?","R","$","R_BF","B",null],"character_chosen":"THE_DEFAULT","items_purchased":["Omamori","Vajra","theMarked:Opportunist","ColorlessPotion","Energy Potion"],"campfire_rested":3,"item_purchase_floors":[23,41,41,52,52],"current_hp_per_floor":[70,58,51,51,51,70,70,70,70,70,70,64,58,57,56,56,56,31,70,70,54,54,54,54,54,53,53,53,53,40,37,37,37,37,37,59,27,74,65,64,64,55,53,77,65,65,65,65,55,57,57,57,57,11],"gold":13,"neow_bonus":"NOSTALGIA","is_daily":false,"chose_seed":false,"campfire_upgraded":5,"win_rate":0.0,"timestamp":1610235518,"path_taken":["M","?","?","M","?","R","$","R","T","PTL","PTL","M","M","M","M","M","R_BF","BOSS","M","?","?","$","?","R","M","R","T","?","M","M","PTL","PTL","$","?","R","BOSS","M","M","$","M","M","R","M","R","T","?","?","?","R","$","R_BF","BOSS"],"items_purchased_type":["Relic","Relic","Card","Potion","Potion"],"build_version":"2020-12-22","purchased_purges":3,"victory":true,"max_hp_per_floor":[70,70,70,70,70,70,70,70,70,70,70,70,70,70,70,70,70,70,70,70,70,70,70,70,70,70,70,70,70,72,74,74,74,74,74,74,74,74,76,78,78,80,80,80,82,82,82,82,82,84,84,84,84,84],"card_choices":[{"not_picked":["Vengeance","Dagger Throw","theMarked:Overthink"],"picked":"SKIP","floor":1.0},{"not_picked":["theMarked:WastefulDefense","Dagger Throw"],"picked":"TalkToTheHand","floor":4.0},{"not_picked":["theMarked:PowerFlow","theMarked:ElectricStrings","ThirdEye"],"picked":"SKIP","floor":12.0},{"not_picked":["theMarked:TwofoldDefense","theMarked:ElementalBlade"],"picked":"Flying Knee","floor":13.0},{"not_picked":["theMarked:WastefulAttack","theMarked:RepellingDischarge"],"picked":"Flying Knee","floor":14.0},{"not_picked":["theMarked:Seal","InnerPeace"],"picked":"theMarked:DispelDoubt","floor":15.0},{"not_picked":["theMarked:Reabsorb","Setup","theMarked:WastefulDefense"],"picked":"SKIP","floor":16.0},{"not_picked":["theMarked:Vacuum","theMarked:TurnInvisible"],"picked":"theMarked:EternalStudent","floor":18.0},{"not_picked":["theMarked:Improvise+1","theMarked:Reabsorb+1"],"picked":"theMarked:Indomitable","floor":20.0},{"not_picked":["theMarked:Parkour","theMarked:Static","theMarked:Frustration"],"picked":"SKIP","floor":26.0},{"not_picked":["theMarked:Indomitable","theMarked:TakeCover","theMarked:RogueSparks"],"picked":"Singing Bowl","floor":30.0},{"not_picked":["theMarked:AttractMetal","theMarked:Improvise","theMarked:DispelDoubt"],"picked":"Singing Bowl","floor":31.0},{"not_picked":["ClearTheMind","theMarked:HeightenedSenses+1"],"picked":"theMarked:SwordAndMagic+1","floor":35},{"not_picked":["theMarked:MuscleMemory","theMarked:BindingBlade"],"picked":"theMarked:SoldierForm","floor":37},{"not_picked":["theMarked:Aftermath+1","theMarked:EmpowerWeapon","theMarked:Frustration"],"picked":"Singing Bowl","floor":39},{"not_picked":["theMarked:GodGivenPower+1","theMarked:ResourceFulStrike+1","theMarked:WastefulDefense"],"picked":"Singing Bowl","floor":40},{"not_picked":["theMarked:EmpowerWeapon","theMarked:Static+1","theMarked:Aftermath+1"],"picked":"Singing Bowl","floor":42},{"not_picked":["theMarked:Frustration","theMarked:Defy"],"picked":"theMarked:Opportunist","floor":43},{"not_picked":["theMarked:WardOff","theMarked:ResourceFulStrike","theMarked:Improvise+1"],"picked":"Singing Bowl","floor":45},{"not_picked":["Flash of Steel","Bandage Up","Replay:Sssssssssshield"],"picked":"Singing Bowl","floor":50}],"player_experience":1680974,"relics_obtained":[{"floor":5.0,"key":"Ring of Hypnosis"},{"floor":9.0,"key":"Boot"},{"floor":17.0,"key":"Unceasing Top"},{"floor":28.0,"key":"Runesmith:Nanobots"},{"floor":29.0,"key":"Singing Bowl"},{"floor":47,"key":"Akabeko"},{"floor":53,"key":"Mummified Hand"}],"event_choices":[{"damage_healed":0.0,"max_hp_gain":0.0,"max_hp_loss":0.0,"gold_gain":0.0,"event_name":"Scrap Ooze","player_choice":"Success","floor":2.0,"gold_loss":0.0,"damage_taken":12.0,"relics_obtained":["aspiration:HiddenCompartment"]},{"cards_removed":["theMarked:Strike"],"damage_healed":0.0,"max_hp_gain":0.0,"max_hp_loss":0.0,"gold_gain":0.0,"event_name":"Golden Wing","player_choice":"Card Removal","floor":3.0,"gold_loss":0.0,"damage_taken":7.0},{"damage_healed":0.0,"max_hp_gain":0.0,"max_hp_loss":0.0,"gold_gain":0.0,"event_name":"Cursed Tome","player_choice":"Obtained Book","floor":21.0,"gold_loss":0.0,"damage_taken":16.0},{"damage_healed":0.0,"max_hp_gain":0.0,"max_hp_loss":0.0,"gold_gain":99.0,"event_name":"Nest","player_choice":"Stole From Cult","floor":22.0,"gold_loss":0.0,"damage_taken":0.0},{"damage_healed":0,"gold_gain":0,"player_choice":"Ignored","damage_taken":0,"max_hp_gain":0,"max_hp_loss":0,"event_name":"Tomb of Lord Red Mask","floor":48,"gold_loss":0},{"damage_healed":0,"gold_gain":0,"player_choice":"Embrace Madness","damage_taken":10,"max_hp_gain":0,"max_hp_loss":0,"event_name":"Winding Halls","floor":49,"gold_loss":0,"cards_obtained":["Madness","Madness"]},{"damage_healed":0,"gold_gain":0,"player_choice":"Memory 1","damage_taken":0,"max_hp_gain":0,"max_hp_loss":0,"event_name":"SensoryStone","floor":50,"gold_loss":0}],"is_beta":false,"boss_relics":[{"not_picked":["Sozu","Astrolabe"],"picked":"theMarked:BronzeBlade"},{"not_picked":["ChewingGum","Velvet Choker"],"picked":"ReplayTheSpireMod:DimensionalGlitch"}],"items_purged_floors":[7,23,34],"is_endless":false,"potions_floor_spawned":[1,4,13,16,30,31,40],"ascension_level":0}}