{"host":"873t0y8ybyo38pfq","time":1610211368,"event":{"mods":["BaseMod","Bestiary","Colored Map","Colored Powertips","Highlight Path","Minty Spire (QoL Compilation)","Quick Restart","RNG Fix","Rare Cards Sparkle","Relic Stats","StSLib"],"gold_per_floor":[115,29,29,44,122,122,154,154,154,172,172,1,15,27,27,101,101,118,118,118,18,30,30,40,40,40],"floor_reached":25,"playtime":679,"items_purged":["Strike_B","Writhe"],"score":452,"play_id":"0e6d565d-7d23-41ed-a872-3d1eccf7f053","local_time":"20210109115608","is_ascension_mode":true,"campfire_choices":[{"data":"Compile Driver","floor":6,"key":"SMITH"},{"data":"Strike_B","floor":8,"key":"PURGE"},{"data":"Fusion","floor":11,"key":"SMITH"},{"data":"Hello World","floor":15,"key":"SMITH"},{"data":"Fission","floor":23,"key":"SMITH"}],"circlet_count":0,"master_deck":["AscendersBane","Strike_B","Defend_B","Defend_B","Defend_B","Defend_B","Zap","Dualcast","Compile Driver+1","Fusion+1","Leap","Hyperbeam","Hello World+1","Coolheaded","Self Repair","Chaos","Leap","Fission+1","Capacitor","Hologram","Undo+1"],"relics":["Cracked Core","NeowsBlessing","InkBottle","Peace Pipe","Bottled Lightning","Nuclear Battery","TungstenRod"],"acts_visited":["Exordium","TheCity"],"potions_floor_usage":[14,16,24,25],"damage_taken":[{"damage":0,"enemies":"Cultist","floor":1,"turns":1},{"damage":0,"enemies":"2 Louse","floor":4,"turns":1},{"damage":0,"enemies":"3 Sentries","floor":7,"turns":1},{"damage":9,"enemies":"Jaw Worm","floor":10,"turns":4},{"damage":20,"enemies":"Large Slime","floor":13,"turns":4},{"damage":6,"enemies":"Gremlin Gang","floor":14,"turns":2},{"damage":34,"enemies":"Hexaghost","floor":16,"turns":11},{"damage":20,"enemies":"Shell Parasite","floor":18,"turns":7},{"damage":1,"enemies":"3 Byrds","floor":22,"turns":4},{"damage":29,"enemies":"Snake Plant","floor":24,"turns":5},{"damage":25,"enemies":"Slavers","floor":25,"turns":2}],"seed_played":"7840003752942686726","potions_obtained":[{"floor":7,"key":"FocusPotion"},{"floor":13,"key":"EssenceOfDarkness"},{"floor":14,"key":"Energy Potion"},{"floor":18,"key":"Dexterity Potion"}],"is_trial":false,"path_per_floor":["M","$","?","M","T","R","E","R","T","M","R","$","M","M","R","B",null,"M","?","?","$","M","R","M","E"],"character_chosen":"DEFECT","items_purchased":["Fusion","Coolheaded","Self Repair"],"campfire_rested":0,"item_purchase_floors":[2,12,12],"current_hp_per_floor":[64,64,64,64,64,64,64,64,64,55,55,55,42,36,36,9,56,43,43,43,43,42,42,20,0,0],"gold":40,"neow_bonus":"THREE_ENEMY_KILL","is_daily":false,"chose_seed":false,"campfire_upgraded":4,"win_rate":0.0,"timestamp":1610211368,"path_taken":["M","$","?","?","?","R","E","R","T","M","R","?","M","?","R","BOSS","M","?","?","$","M","R","M","E"],"items_purchased_type":["Card","Card","Card"],"build_version":"2020-12-22","purchased_purges":2,"victory":false,"max_hp_per_floor":[71,71,71,71,71,71,71,71,71,71,71,71,71,71,71,71,71,71,71,71,71,71,71,71,71,71],"relic_stats":{"Peace Pipe":1,"counters":[11,42],"obtain_stats":[{"Peace Pipe":7,"NeowsBlessing":0,"Bottled Lightning":9,"Cracked Core":0,"InkBottle":5,"TungstenRod":20,"Nuclear Battery":17},{"Peace Pipe":3,"NeowsBlessing":0,"Bottled Lightning":3,"Cracked Core":0,"InkBottle":2,"TungstenRod":8,"Nuclear Battery":7},{"Peace Pipe":3,"NeowsBlessing":0,"Bottled Lightning":3,"Cracked Core":0,"InkBottle":2,"TungstenRod":31,"Nuclear Battery":24}],"InkBottle":[17],"TungstenRod":19},"card_choices":[{"not_picked":["Sweeping Beam","Hologram"],"picked":"Compile Driver","floor":1},{"not_picked":["Hologram","Rebound"],"picked":"Leap","floor":4},{"not_picked":["Redo","Rip and Tear"],"picked":"Hyperbeam","floor":7},{"not_picked":["Cold Snap","Rebound"],"picked":"Hello World","floor":10},{"not_picked":["Blizzard","Reinforced Body"],"picked":"Chaos","floor":13},{"not_picked":["Compile Driver","Sweeping Beam"],"picked":"Leap","floor":14},{"not_picked":["Amplify","Multi-Cast"],"picked":"Fission","floor":16},{"not_picked":["Steam","Heatsinks","Double Energy"],"picked":"SKIP","floor":18},{"not_picked":["Barrage","Turbo"],"picked":"Hologram","floor":22},{"not_picked":["Compile Driver","Go for the Eyes"],"picked":"Undo+1","floor":24}],"player_experience":1569695,"relics_obtained":[{"floor":5,"key":"InkBottle"},{"floor":7,"key":"Peace Pipe"},{"floor":9,"key":"Bottled Lightning"}],"event_choices":[{"cards_removed":["Strike_B"],"damage_healed":0,"gold_gain":0,"player_choice":"Purged","damage_taken":0,"max_hp_gain":0,"max_hp_loss":0,"event_name":"Purifier","floor":3,"gold_loss":0},{"damage_healed":0,"gold_gain":0,"player_choice":"Read","damage_taken":0,"max_hp_gain":0,"max_hp_loss":0,"event_name":"The Library","floor":19,"gold_loss":0,"cards_obtained":["Capacitor"]},{"damage_healed":0,"gold_gain":0,"player_choice":"Opened","damage_taken":0,"relics_obtained":["TungstenRod"],"max_hp_gain":0,"max_hp_loss":0,"event_name":"The Mausoleum","floor":20,"gold_loss":0,"cards_obtained":["Writhe"]}],"is_beta":false,"boss_relics":[{"not_picked":["SacredBark","SlaversCollar"],"picked":"Nuclear Battery"}],"items_purged_floors":[12,21],"is_endless":false,"potions_floor_spawned":[7,13,14,18],"killed_by":"Slavers","ascension_level":20}}