{"host":"xv6tnu9e6lzjd13s","time":1610161323,"event":{"mods":["BaseMod","Colored Powertips","Downfall","Googly Eyes","Minty Spire (QoL Compilation)","Replay The Spire","StSLib"],"gold_per_floor":[109,121,121,121,121,121,155,168,168,184,204,234,249,266,266,266,266],"floor_reached":16,"playtime":737,"items_purged":[],"score":114,"play_id":"ddfcfc32-3976-4edf-8844-b939df147fd4","local_time":"20210108200203","is_ascension_mode":false,"campfire_choices":[{"floor":6,"key":"REST"},{"floor":15,"key":"REST"}],"circlet_count":0,"master_deck":["Strike_R+1","Strike_R+1","Strike_R","Strike_R+1","Strike_R","Defend_R+1","Defend_R","Defend_R","Bash","Shrug It Off","Body Slam","Defy Death+1","Feel No Pain","Warcry"],"relics":["Black Star","Paper Frog","Simple Rune","Replay:Ringing Soul","Happy Flower","Divine Protection"],"acts_visited":["Exordium"],"potions_floor_usage":[],"damage_taken":[{"damage":1,"enemies":"Jaw Worm","floor":1,"turns":3},{"damage":5,"enemies":"2 Louse","floor":2,"turns":3},{"damage":26,"enemies":"Replay:BlueRogue","floor":7,"turns":6},{"damage":2,"enemies":"Small Slimes","floor":8,"turns":3},{"damage":5,"enemies":"3 Louse","floor":10,"turns":4},{"damage":0,"enemies":"Red Slaver","floor":11,"turns":3},{"damage":26,"enemies":"3 Sentries","floor":12,"turns":11},{"damage":15,"enemies":"Lots of Slimes","floor":13,"turns":5},{"damage":0,"enemies":"3 Louse","floor":14,"turns":3},{"damage":37,"enemies":"Slime Boss","floor":16,"turns":10}],"seed_played":"200775993864811615","potions_obtained":[{"floor":8,"key":"GamblersBrew"},{"floor":10,"key":"Weak Potion"},{"floor":11,"key":"AttackPotion"},{"floor":12,"key":"Strength Potion"}],"is_trial":false,"path_per_floor":["M","M","?","?","?","R","E","M","T","M","M","E","M","M","R","B"],"character_chosen":"IRONCLAD","items_purchased":[],"campfire_rested":2,"item_purchase_floors":[],"current_hp_per_floor":[79,74,58,58,58,80,54,52,52,47,50,24,9,9,33,0,0],"gold":266,"neow_bonus":"BOSS_RELIC","is_daily":false,"chose_seed":false,"campfire_upgraded":0,"win_rate":0.0,"timestamp":1610161323,"path_taken":["M","M","?","?","?","R","E","M","T","M","M","E","M","M","R","BOSS"],"items_purchased_type":[],"build_version":"2020-12-22","purchased_purges":0,"victory":false,"max_hp_per_floor":[80,80,80,80,80,80,80,80,80,80,83,83,83,83,83,83,83],"card_choices":[{"not_picked":["Flex","Cleave"],"picked":"Shrug It Off","floor":1},{"not_picked":["Second Wind","Uppercut"],"picked":"Body Slam","floor":2},{"not_picked":["Headbutt","Spot Weakness","Whirlwind"],"picked":"SKIP","floor":7},{"not_picked":["Warcry","Abandon"],"picked":"Feel No Pain","floor":8},{"not_picked":["Wild Strike","Dropkick","Thunderclap"],"picked":"SKIP","floor":10},{"not_picked":["ReplayTheSpireMod:Strike From Hell","Carnage"],"picked":"Warcry","floor":11},{"not_picked":["Perfected Strike","Carnage","Shrug It Off"],"picked":"SKIP","floor":12},{"not_picked":["Clothesline","Headbutt","Armaments"],"picked":"SKIP","floor":13},{"not_picked":["Wild Strike","Demonic Infusion","Run Through"],"picked":"SKIP","floor":14}],"player_experience":69831,"relics_obtained":[{"floor":7,"key":"Paper Frog"},{"floor":7,"key":"Simple Rune"},{"floor":9,"key":"Replay:Ringing Soul"},{"floor":12,"key":"Happy Flower"},{"floor":12,"key":"Divine Protection"}],"event_choices":[{"damage_healed":0,"gold_gain":0,"player_choice":"Entered Light","damage_taken":16,"max_hp_gain":0,"max_hp_loss":0,"event_name":"Shining Light","floor":3,"gold_loss":0,"cards_upgraded":["Defend_R","Strike_R"]},{"damage_healed":0,"gold_gain":0,"player_choice":"Ignored","damage_taken":0,"max_hp_gain":0,"max_hp_loss":0,"event_name":"Liars Game","floor":4,"gold_loss":0}],"is_beta":false,"boss_relics":[],"items_purged_floors":[],"is_endless":false,"potions_floor_spawned":[8,10,11,12,13],"killed_by":"Slime Boss","ascension_level":0}}