{"host":"Ian","time":1610194074,"event":{"mods":["BaseMod","Bestiary","Block Reminder","Colored Map","Highlight Path","Key Reminder","Minty Spire (QoL Compilation)","Relic Stats"],"gold_per_floor":[368,10,24,42,55,55,85,102,102,102,119,81,96,111,111,188,188,207,220,270,20,38,38,56,56,56,71,71,88,100,100,100,179,179,199,199,215,225,125,125,160,160,160,189,203,231,283,293,293,293,293,293,293,24,52,52,52],"floor_reached":56,"playtime":3112,"items_purged":["Strike_R","Strike_R","Strike_R"],"score":2015,"play_id":"7c13292e-b454-41c5-9f1f-40eb099294d3","local_time":"20210109120754","is_ascension_mode":true,"campfire_choices":[{"data":"Wild Strike","floor":6,"key":"SMITH"},{"data":"Fire Breathing","floor":10,"key":"SMITH"},{"data":"Battle Trance","floor":15,"key":"SMITH"},{"data":"Corruption","floor":23,"key":"SMITH"},{"floor":25,"key":"REST"},{"data":"Dark Embrace","floor":32,"key":"SMITH"},{"floor":40,"key":"REST"},{"data":"Fire Breathing","floor":42,"key":"SMITH"},{"floor":49,"key":"RECALL"},{"data":"Evolve","floor":53,"key":"SMITH"}],"circlet_count":0,"master_deck":["AscendersBane","Strike_R","Defend_R","Defend_R","Defend_R","Defend_R","Bash","Thunderclap","Metallicize","Wild Strike+1","Fire Breathing+1","Battle Trance+1","Flame Barrier","Fiend Fire","Corruption+1","Headbutt","Power Through","Evolve+1","Dark Embrace+1","Shrug It Off","Shrug It Off+1","Impervious","Sentinel","CurseOfTheBell","Warcry","Fire Breathing+1","Dark Embrace+1","Wild Strike+1","Uppercut+1","Fire Breathing","Battle Trance"],"relics":["Burning Blood","Paper Frog","Gremlin Horn","Incense Burner","SlaversCollar","Thread and Needle","Calling Bell","Red Skull","Molten Egg 2","Calipers","Mummified Hand","Charon\u0027s Ashes","The Courier","Art of War","Bag of Preparation"],"acts_visited":["Exordium","TheCity","TheBeyond","TheEnding"],"potions_floor_usage":[18,19,24,48,50,51,51,55,56],"damage_taken":[{"damage":7,"enemies":"Cultist","floor":1,"turns":4},{"damage":5,"enemies":"Small Slimes","floor":3,"turns":4},{"damage":2,"enemies":"2 Louse","floor":4,"turns":2},{"damage":14,"enemies":"Exordium Wildlife","floor":5,"turns":4},{"damage":16,"enemies":"3 Sentries","floor":7,"turns":4},{"damage":7,"enemies":"Lots of Slimes","floor":8,"turns":3},{"damage":6,"enemies":"Large Slime","floor":11,"turns":3},{"damage":2,"enemies":"Red Slaver","floor":13,"turns":4},{"damage":6,"enemies":"Exordium Thugs","floor":14,"turns":4},{"damage":0,"enemies":"Slime Boss","floor":16,"turns":5},{"damage":3,"enemies":"3 Byrds","floor":18,"turns":3},{"damage":15,"enemies":"Spheric Guardian","floor":19,"turns":5},{"damage":37,"enemies":"Snake Plant","floor":22,"turns":5},{"damage":19,"enemies":"Shelled Parasite and Fungi","floor":24,"turns":6},{"damage":0,"enemies":"Sentry and Sphere","floor":27,"turns":5},{"damage":18,"enemies":"Centurion and Healer","floor":29,"turns":7},{"damage":15,"enemies":"Snecko","floor":30,"turns":9},{"damage":7,"enemies":"Collector","floor":33,"turns":7},{"damage":10,"enemies":"3 Shapes","floor":35,"turns":5},{"damage":14,"enemies":"Orb Walker","floor":37,"turns":5},{"damage":34,"enemies":"Spire Growth","floor":38,"turns":7},{"damage":2,"enemies":"Giant Head","floor":41,"turns":7},{"damage":0,"enemies":"Nemesis","floor":44,"turns":7},{"damage":0,"enemies":"3 Darklings","floor":45,"turns":4},{"damage":17,"enemies":"Reptomancer","floor":46,"turns":5},{"damage":0,"enemies":"4 Shapes","floor":48,"turns":3},{"damage":20,"enemies":"Time Eater","floor":50,"turns":7},{"damage":30,"enemies":"Awakened One","floor":51,"turns":6},{"damage":80,"enemies":"Shield and Spear","floor":55,"turns":5},{"damage":20,"enemies":"The Heart","floor":56,"turns":3}],"seed_played":"-6276152198761736311","potions_obtained":[{"floor":5,"key":"GamblersBrew"},{"floor":7,"key":"SkillPotion"},{"floor":8,"key":"DistilledChaos"},{"floor":18,"key":"LiquidMemories"},{"floor":19,"key":"SpeedPotion"},{"floor":27,"key":"DuplicationPotion"},{"floor":28,"key":"Ancient Potion"},{"floor":28,"key":"EntropicBrew"},{"floor":41,"key":"Fruit Juice"},{"floor":48,"key":"HeartOfIron"}],"is_trial":false,"path_per_floor":["M","$","M","M","M","R","E","M","T","R","M","?","M","M","R","B",null,"M","M","?","$","M","R","M","R","T","M","?","M","M","?","R","B",null,"M","?","M","M","$","R","E","R","T","E","M","E","T","M","R","B","B",null,"R","$","E","B"],"character_chosen":"IRONCLAD","items_purchased":["Paper Frog","Metallicize","Strength Potion","Power Through","Evolve","Fire Breathing","Battle Trance","BloodPotion"],"campfire_rested":2,"item_purchase_floors":[2,2,2,21,21,54,54,54],"current_hp_per_floor":[49,49,50,54,46,46,36,35,35,35,35,35,39,39,39,45,68,71,62,62,62,31,31,18,40,40,46,46,34,25,75,75,74,75,71,71,63,35,35,57,61,61,61,67,73,62,62,73,73,59,35,69,69,69,11,0,0],"gold":52,"neow_bonus":"TWO_FIFTY_GOLD","is_daily":false,"chose_seed":false,"campfire_upgraded":7,"win_rate":0.0,"timestamp":1610194074,"path_taken":["M","$","M","?","?","R","E","M","T","R","M","?","M","M","R","BOSS","M","M","?","$","M","R","M","R","T","M","?","?","M","?","R","BOSS","M","?","M","M","?","R","E","R","T","E","?","E","?","M","R","BOSS","BOSS","R","$","E","BOSS"],"items_purchased_type":["Relic","Card","Potion","Card","Card","Card","Card","Potion"],"build_version":"2020-12-18","purchased_purges":3,"victory":false,"max_hp_per_floor":[75,75,75,75,75,75,75,75,75,75,75,75,75,75,75,75,75,75,75,75,75,75,75,75,75,75,75,75,75,75,75,75,75,75,75,75,75,75,75,75,75,75,75,75,75,75,75,80,80,80,80,80,80,80,80,80,80],"relic_stats":{"Gremlin Horn":[22,25],"counters":[30,148],"Mummified Hand":[57],"Charon\u0027s Ashes":[301],"Art of War":[4],"Bag of Preparation":[2],"obtain_stats":[{"Calipers":34,"Gremlin Horn":7,"Thread and Needle":26,"Charon\u0027s Ashes":44,"The Courier":46,"Incense Burner":9,"Bag of Preparation":55,"Burning Blood":0,"Calling Bell":34,"keyreminder:keyreminder":43,"SlaversCollar":17,"Mummified Hand":41,"Molten Egg 2":34,"Art of War":47,"Red Skull":34,"Paper Frog":2},{"Calipers":18,"Gremlin Horn":5,"Thread and Needle":14,"Charon\u0027s Ashes":23,"The Courier":25,"Incense Burner":6,"Bag of Preparation":29,"Burning Blood":0,"Calling Bell":18,"keyreminder:keyreminder":22,"SlaversCollar":10,"Mummified Hand":22,"Molten Egg 2":18,"Art of War":25,"Red Skull":18,"Paper Frog":1},{"Calipers":84,"Gremlin Horn":18,"Thread and Needle":56,"Charon\u0027s Ashes":115,"The Courier":124,"Incense Burner":21,"Bag of Preparation":145,"Burning Blood":0,"Calling Bell":84,"keyreminder:keyreminder":108,"SlaversCollar":37,"Mummified Hand":108,"Molten Egg 2":84,"Art of War":124,"Red Skull":84,"Paper Frog":4}],"Burning Blood":174},"card_choices":[{"not_picked":["Body Slam","Clash"],"picked":"Thunderclap","floor":1},{"not_picked":["Heavy Blade","Dark Embrace"],"picked":"Wild Strike","floor":3},{"not_picked":["Armaments","Battle Trance"],"picked":"Fire Breathing","floor":4},{"not_picked":["Wild Strike","Headbutt"],"picked":"Battle Trance","floor":5},{"not_picked":["Wild Strike","Entrench"],"picked":"Flame Barrier","floor":7},{"not_picked":["Hemokinesis","Anger"],"picked":"Fiend Fire","floor":8},{"not_picked":["Spot Weakness","Perfected Strike","Clothesline"],"picked":"SKIP","floor":11},{"not_picked":["Ghostly Armor","Body Slam","Inflame"],"picked":"SKIP","floor":13},{"not_picked":["Inflame","Dual Wield","Searing Blow"],"picked":"SKIP","floor":14},{"not_picked":["Limit Break","Demon Form"],"picked":"Corruption","floor":16},{"not_picked":["Carnage","Armaments"],"picked":"Headbutt","floor":18},{"not_picked":["Twin Strike","Body Slam","Hemokinesis"],"picked":"SKIP","floor":19},{"not_picked":["Havoc","Rampage"],"picked":"Dark Embrace","floor":22},{"not_picked":["Headbutt","Limit Break"],"picked":"Shrug It Off","floor":24},{"not_picked":["Clothesline","Flex"],"picked":"Shrug It Off+1","floor":27},{"not_picked":["True Grit","Clothesline"],"picked":"Impervious","floor":29},{"not_picked":["Havoc","Cleave"],"picked":"Sentinel","floor":30},{"not_picked":["Flex+1","Body Slam+1","Cleave+1"],"picked":"SKIP","floor":35},{"not_picked":["Heavy Blade+1","Iron Wave+1"],"picked":"Fire Breathing","floor":37},{"not_picked":["Fire Breathing","Headbutt+1"],"picked":"Dark Embrace+1","floor":38},{"not_picked":["Second Wind","Uppercut+1"],"picked":"Wild Strike+1","floor":41},{"not_picked":["Carnage+1","Bludgeon+1"],"picked":"Uppercut+1","floor":44},{"not_picked":["Cleave+1","Warcry","Armaments"],"picked":"SKIP","floor":45},{"not_picked":["Armaments","Thunderclap+1","Havoc"],"picked":"SKIP","floor":46},{"not_picked":["Clash+1","Wild Strike+1","Blood for Blood+1"],"picked":"SKIP","floor":48},{"not_picked":["Rage+1","Clothesline+1","Armaments"],"picked":"SKIP","floor":55}],"player_experience":2655450,"relics_obtained":[{"floor":7,"key":"Gremlin Horn"},{"floor":9,"key":"Incense Burner"},{"floor":26,"key":"Thread and Needle"},{"floor":34,"key":"Red Skull"},{"floor":34,"key":"Molten Egg 2"},{"floor":34,"key":"Calipers"},{"floor":41,"key":"Mummified Hand"},{"floor":44,"key":"Charon\u0027s Ashes"},{"floor":46,"key":"The Courier"},{"floor":47,"key":"Art of War"},{"floor":55,"key":"Bag of Preparation"}],"event_choices":[{"damage_healed":0,"gold_gain":0,"player_choice":"Left Gold","damage_taken":0,"max_hp_gain":0,"max_hp_loss":0,"event_name":"World of Goop","floor":12,"gold_loss":38},{"damage_healed":0,"gold_gain":50,"player_choice":"Stole From Cult","damage_taken":0,"max_hp_gain":0,"max_hp_loss":0,"event_name":"Nest","floor":20,"gold_loss":0},{"damage_healed":0,"gold_gain":0,"player_choice":"Got Potions","damage_taken":0,"max_hp_gain":0,"max_hp_loss":0,"event_name":"Lab","floor":28,"gold_loss":0},{"damage_healed":50,"gold_gain":0,"player_choice":"Full Heal","damage_taken":0,"max_hp_gain":0,"max_hp_loss":0,"event_name":"Wheel of Change","floor":31,"gold_loss":0},{"damage_healed":0,"gold_gain":0,"cards_transformed":["Strike_R"],"player_choice":"Transformed","damage_taken":0,"max_hp_gain":0,"max_hp_loss":0,"event_name":"Transmorgrifier","floor":36,"gold_loss":0,"cards_obtained":["Warcry"]}],"is_beta":true,"boss_relics":[{"not_picked":["Runic Dome","Black Blood"],"picked":"SlaversCollar"},{"not_picked":["Cursed Key","Busted Crown"],"picked":"Calling Bell"}],"items_purged_floors":[21,39,54],"is_endless":false,"potions_floor_spawned":[5,7,8,11,16,18,19,27,38,41,48],"killed_by":"The Heart","ascension_level":20}}