{"host":"3vgzk5mhz751jdrj","time":1610157627,"event":{"mods":["2.2 Compatiblity","AchievementEnabler","Act Like it!","Aspiration","BaseMod","Better Altar","Better Match","Better Note","Better Sensory Stone","Better Skull","Better Third Choice","Block Reminder","Colored Map","Conspire","Curses Come First","Dark Map","Displayed Cursed Tome","Downfall","Friendly Minions","GifTheSpireLib","Halation","Hubris","Marked Mod","Mimic Mod","Minty Spire (QoL Compilation)","Quick Restart","Rare Cards Sparkle","Replay The Spire","Reworked Bosses","Shop Mod","Spicy Shops","Spikes Relics","StSLib","Stuff the Spire","Thieving Mod","Trackpad","vexMod"],"gold_per_floor":[99,99,99,99,99,129,129,139,139,64,90,15,0,14,27,128,128,128,13,28,113,128,16,47,67,67,67,67,67,67,100,100,100,112,112,112,112],"floor_reached":35,"playtime":2277,"items_purged":["hexamod:Strike"],"score":359,"play_id":"92bcc0aa-dabe-4ffa-a79b-bfe4ffd3244d","local_time":"20210108210027","is_ascension_mode":true,"campfire_choices":[{"data":"hexamod:Float","floor":1,"key":"SMITH"},{"data":"hexamod:SoulSteal","floor":10,"key":"SMITH"},{"floor":12,"key":"REST"},{"data":"hexamod:ExtraCrispy","floor":18,"key":"SMITH"},{"data":"hexamod:RadiantFlame","floor":26,"key":"SMITH"},{"data":"hexamod:FastForward","floor":30,"key":"SMITH"},{"floor":32,"key":"REST"}],"circlet_count":0,"master_deck":["hexamod:Defend","hexamod:Defend","hexamod:Defend","hexamod:Sear","hexamod:Float+1","hexamod:StepThrough","hexamod:SoulSteal+1","hexamod:RainOfEmbers","hexamod:HeatShield+1","hexamod:ShieldOfDarkness","hexamod:ThermalTransfer","hexamod:ThermalTransfer","hexamod:ExtraCrispy+1","hexamod:HeatCrush","hexamod:EmpoweringStance","hexamod:RadiantFlame+1","hexamod:FourthSeal","hexamod:InspiringFlames","hexamod:SwordOfDarkness","hexamod:FastForward+1","hexamod:EmpoweredFlame+1","Bite","Bite","Bite","Bite","Bite","hexamod:TurnItUp","Fire Breathing"],"relics":["hexamod:SpiritBrand","downfall:HeartsMalice","trackpad:RapidFire","downfall:HeartBlessingGreen","SnailShell","downfall:HeartBlessingBlue","Empty Cage","aspiration:FrozenJewel","hubris:64BitClover"],"acts_visited":["Exordium","TheCity"],"potions_floor_usage":[23,23,24,25,31,34,35,35],"damage_taken":[{"damage":0,"enemies":"Cultist","floor":2,"turns":1},{"damage":0,"enemies":"2 Louse","floor":3,"turns":1},{"damage":0,"enemies":"Small Slimes","floor":4,"turns":1},{"damage":23,"enemies":"3 Sentries","floor":6,"turns":7},{"damage":4,"enemies":"2 Fungi Beasts","floor":8,"turns":4},{"damage":18,"enemies":"Gremlin Nob","floor":11,"turns":4},{"damage":0,"enemies":"downfall:FleeingMerchant","floor":13,"turns":4},{"damage":0,"enemies":"Blue Slaver","floor":14,"turns":3},{"damage":0,"enemies":"Exordium Thugs","floor":15,"turns":3},{"damage":25,"enemies":"downfall:Watcher","floor":16,"turns":9},{"damage":0,"enemies":"downfall:FleeingMerchant","floor":19,"turns":4},{"damage":1,"enemies":"Chosen","floor":20,"turns":4},{"damage":0,"enemies":"Shell Parasite","floor":22,"turns":6},{"damage":0,"enemies":"downfall:FleeingMerchant","floor":23,"turns":4},{"damage":4,"enemies":"Snake Plant","floor":24,"turns":8},{"damage":6,"enemies":"Snake Plant","floor":25,"turns":4},{"damage":22,"enemies":"conspire:SneckoGhost","floor":31,"turns":8},{"damage":3,"enemies":"3 Cultists","floor":34,"turns":4},{"damage":63,"enemies":"downfall:Silent","floor":35,"turns":8}],"seed_played":"8743976259666823997","potions_obtained":[{"floor":6,"key":"SpeedPotion"},{"floor":11,"key":"sneckomod:MuddlingPotion"},{"floor":14,"key":"GamblersBrew"},{"floor":15,"key":"hexamod:DoubleChargePotion"},{"floor":22,"key":"BlessingOfTheForge"},{"floor":23,"key":"champ:CounterPotion"},{"floor":24,"key":"Fire Potion"},{"floor":25,"key":"Cursed Concoction"},{"floor":31,"key":"Death Potion"},{"floor":31,"key":"PowerPotion"},{"floor":34,"key":"Slimebound:ThreeZeroPotion"},{"floor":34,"key":"Fire Potion"}],"is_trial":false,"path_per_floor":["R","M","M","M","T","E","T","M","?","R","E","R","$","M","M","B",null,"R","$","M","?","M","$","MIM","M","R","?","PTL","PTL","R","E","R","?","M","B"],"character_chosen":"THE_SPIRIT","items_purchased":["hexamod:RadiantFlame","hexamod:FastForward"],"campfire_rested":2,"item_purchase_floors":[19,23],"current_hp_per_floor":[70,70,70,70,76,53,53,49,49,49,31,66,66,66,66,41,86,86,86,85,71,71,71,67,61,61,60,60,60,60,42,60,60,57,0,0,0],"gold":112,"neow_bonus":"THREE_ENEMY_KILL","is_daily":false,"chose_seed":false,"campfire_upgraded":5,"win_rate":0.0,"timestamp":1610157627,"path_taken":["R","M","M","M","?","E","T","?","?","R","E","R","$","M","M","BOSS","R","?","M","?","M","$","MIM","M","R","?","PTL","PTL","R","E","R","?","M","BOSS"],"items_purchased_type":["Card","Card"],"build_version":"2020-12-22","purchased_purges":1,"victory":false,"max_hp_per_floor":[70,70,70,70,76,76,76,76,76,76,76,86,86,86,86,86,86,86,86,86,86,86,86,86,86,86,60,60,60,60,60,60,60,60,60,60,60],"card_choices":[{"not_picked":["hexamod:HauntingEcho","hexamod:NightmareStrike"],"picked":"hexamod:StepThrough","floor":2},{"not_picked":["hexamod:BurningTouch","hexamod:Firestarter"],"picked":"hexamod:SoulSteal","floor":3},{"not_picked":["hexamod:AdvancingGuard","hexamod:InspiringFlames"],"picked":"hexamod:RainOfEmbers","floor":4},{"not_picked":["hexamod:SpectersWail","hexamod:AdvancingGuard"],"picked":"hexamod:HeatShield","floor":6},{"not_picked":["hexamod:Toasty","hexamod:NightmareStrike"],"picked":"hexamod:ShieldOfDarkness","floor":8},{"not_picked":["hexamod:NightmareStrike","hexamod:InspiringFlames"],"picked":"hexamod:ThermalTransfer","floor":11},{"not_picked":["hexamod:SecondSeal","hexamod:BacktrackSmack"],"picked":"hexamod:ThermalTransfer","floor":13},{"not_picked":["hexamod:GhostOfSpirePresent","hexamod:DynamicBlow"],"picked":"hexamod:ExtraCrispy","floor":14},{"not_picked":["hexamod:Hexaguard","hexamod:NightmareStrike"],"picked":"hexamod:HeatCrush","floor":15},{"not_picked":["hexamod:FifthSeal","hexamod:SearingWound"],"picked":"hexamod:EmpoweringStance","floor":16},{"not_picked":["hexamod:GhostLash","hexamod:Hexaguard","hexamod:BacktrackSmack"],"picked":"SKIP","floor":19},{"not_picked":["hexamod:SpectersWail+1","hexamod:GhostShield"],"picked":"hexamod:FourthSeal","floor":20},{"not_picked":["hexamod:AdvancingGuard","hexamod:Hexaguard"],"picked":"hexamod:InspiringFlames","floor":22},{"not_picked":["hexamod:NightmareStrike","hexamod:ShieldOfDarkness+1"],"picked":"hexamod:SwordOfDarkness","floor":23},{"not_picked":["hexamod:RetreatToShadows","hexamod:GhostflameInferno"],"picked":"hexamod:EmpoweredFlame+1","floor":24},{"not_picked":["hexamod:GhostShield","hexamod:ThermalTransfer+1","hexamod:GhostOfSpireFuture"],"picked":"SKIP","floor":25},{"not_picked":["hexamod:BacktrackSmack","hexamod:Hexaguard"],"picked":"hexamod:TurnItUp","floor":31},{"not_picked":["hexamod:RainOfEmbers+1","hexamod:NightmareGuise","hexamod:SpectralAdrenaline"],"picked":"SKIP","floor":34}],"player_experience":389425,"relics_obtained":[{"floor":5,"key":"vexMod:BerryBomb"},{"floor":6,"key":"trackpad:RapidFire"},{"floor":11,"key":"SnailShell"},{"floor":24,"key":"aspiration:FrozenJewel"},{"floor":31,"key":"hubris:64BitClover"}],"event_choices":[{"damage_healed":0,"gold_gain":0,"player_choice":"Forge","damage_taken":0,"max_hp_gain":0,"max_hp_loss":0,"event_name":"Accursed Blacksmith","floor":9,"gold_loss":0,"cards_upgraded":["hexamod:HeatShield"]},{"damage_healed":0,"gold_gain":0,"player_choice":"Became a vampire","damage_taken":0,"max_hp_gain":0,"max_hp_loss":26,"event_name":"Vampires","floor":27,"gold_loss":0,"cards_obtained":["Bite","Bite","Bite","Bite","Bite"]},{"damage_healed":0,"gold_gain":0,"player_choice":"Read","damage_taken":0,"max_hp_gain":0,"max_hp_loss":0,"event_name":"The Library","floor":33,"gold_loss":0,"cards_obtained":["Fire Breathing"]}],"is_beta":false,"boss_relics":[{"not_picked":["Replay:Bronze Core","halation:HeavySnake"],"picked":"Empty Cage"}],"items_purged_floors":[23],"is_endless":false,"potions_floor_spawned":[6,11,14,15,22,31,34],"killed_by":"downfall:Silent","ascension_level":2}}