{"host":"d8hh7rr4yzitjeuj","time":1610196510,"event":{"mods":["2.2 Compatiblity","AchievementEnabler","Act Like it!","BaseMod","Colored Map","Colored Powertips","Highlight Path","Keyboard Shortcuts","Minty Spire (QoL Compilation)","Permanent Neow","Quick Restart","StSLib","SuperFastMode"],"gold_per_floor":[118,130,142,160,160,204,204,222,245,257,269,317,379,412,424,534,546,581,178,191,241,241,241,241],"floor_reached":23,"playtime":977,"items_purged":[],"score":402,"play_id":"8c210294-7268-4cc1-bf8b-d2e09f1cd8d6","local_time":"20210109214830","is_ascension_mode":true,"campfire_choices":[{"data":"Streamline","floor":7.0,"key":"SMITH"},{"floor":11.0,"key":"REST"},{"floor":15.0,"key":"REST"}],"circlet_count":0,"master_deck":["AscendersBane","Strike_B","Strike_B","Strike_B","Strike_B","Defend_B","Defend_B","Defend_B","Defend_B","Zap+1","Dualcast","Buffer","Leap","Compile Driver","Streamline+1","Cold Snap","Aggregate","Hologram","Defragment","Consume","Rainbow","Hologram","Capacitor","Chill","Stack"],"relics":["Cracked Core","Bloody Idol","Gremlin Horn","MawBank","DataDisk","Cursed Key","Darkstone Periapt"],"acts_visited":["Exordium","TheCity"],"potions_floor_usage":[20],"damage_taken":[{"damage":0.0,"enemies":"2 Louse","floor":1.0,"turns":3.0},{"damage":0.0,"enemies":"Small Slimes","floor":2.0,"turns":3.0},{"damage":1.0,"enemies":"Cultist","floor":3.0,"turns":3.0},{"damage":3.0,"enemies":"Blue Slaver","floor":4.0,"turns":4.0},{"damage":30.0,"enemies":"Gremlin Nob","floor":6.0,"turns":4.0},{"damage":16.0,"enemies":"Exordium Wildlife","floor":8.0,"turns":8.0},{"damage":17.0,"enemies":"Lagavulin","floor":12.0,"turns":5.0},{"damage":6.0,"enemies":"Lots of Slimes","floor":14.0,"turns":2.0},{"damage":25.0,"enemies":"The Guardian","floor":16.0,"turns":11.0},{"damage":20.0,"enemies":"Chosen","floor":18.0,"turns":4.0},{"damage":16,"enemies":"Shell Parasite","floor":20,"turns":6},{"damage":22,"enemies":"Slavers","floor":23,"turns":7}],"seed_played":"-2348184099967409453","potions_obtained":[{"floor":2.0,"key":"Strength Potion"},{"floor":3.0,"key":"LiquidMemories"},{"floor":20,"key":"Fruit Juice"}],"is_trial":false,"path_per_floor":["M","M","M","M","?","E","R","M","T","?","R","E","?","M","R","B",null,"M","$","M","?","?","E"],"character_chosen":"DEFECT","items_purchased":["Capacitor","Chill","Darkstone Periapt"],"campfire_rested":2,"item_purchase_floors":[19,19,19],"current_hp_per_floor":[64,64,63,60,60,30,30,14,14,14,33,16,16,10,29,4,49,29,29,18,18,18,0,0],"gold":241,"neow_bonus":"ONE_RANDOM_RARE_CARD","is_daily":false,"chose_seed":false,"campfire_upgraded":1,"win_rate":0.0,"timestamp":1610196510,"path_taken":["M","M","M","M","?","E","R","M","T","?","R","E","?","M","R","BOSS","M","$","M","?","?","E"],"items_purchased_type":["Card","Card","Relic"],"build_version":"2020-12-22","purchased_purges":0,"victory":false,"max_hp_per_floor":[71,71,71,71,64,64,64,64,64,64,64,64,64,64,64,64,64,64,64,69,69,69,69,69],"card_choices":[{"not_picked":["Steam Power","Force Field"],"picked":"Leap","floor":1.0},{"not_picked":["Barrage","Scrape"],"picked":"Compile Driver","floor":2.0},{"not_picked":["Beam Cell","Steam Power"],"picked":"Streamline","floor":3.0},{"not_picked":["Genetic Algorithm","Hologram"],"picked":"Cold Snap","floor":4.0},{"not_picked":["Skim","Streamline"],"picked":"Aggregate","floor":6.0},{"not_picked":["Coolheaded","Conserve Battery"],"picked":"Hologram","floor":8.0},{"not_picked":["FTL","White Noise"],"picked":"Defragment","floor":12.0},{"not_picked":["Double Energy","Compile Driver"],"picked":"Consume","floor":14.0},{"not_picked":["Thunder Strike","Reboot"],"picked":"Rainbow","floor":16.0},{"not_picked":["Redo","Rebound"],"picked":"Hologram","floor":18.0},{"not_picked":["Chill","Auto Shields"],"picked":"Stack","floor":20}],"player_experience":1434017,"relics_obtained":[{"floor":6.0,"key":"Gremlin Horn"},{"floor":9.0,"key":"MawBank"},{"floor":12.0,"key":"DataDisk"}],"event_choices":[{"damage_healed":0.0,"max_hp_gain":0.0,"max_hp_loss":7.0,"gold_gain":0.0,"event_name":"Golden Idol","player_choice":"Lose Max HP","floor":5.0,"gold_loss":0.0,"damage_taken":0.0,"relics_obtained":["Golden Idol"]},{"damage_healed":0.0,"max_hp_gain":0.0,"max_hp_loss":0.0,"gold_gain":0.0,"event_name":"Living Wall","player_choice":"Grow","floor":10.0,"gold_loss":0.0,"damage_taken":0.0,"cards_upgraded":["Zap"]},{"damage_healed":0.0,"max_hp_gain":0.0,"max_hp_loss":0.0,"gold_gain":50.0,"event_name":"Golden Shrine","player_choice":"Pray","floor":13.0,"gold_loss":0.0,"damage_taken":0.0},{"damage_healed":0,"gold_gain":50,"player_choice":"Stole From Cult","damage_taken":0,"max_hp_gain":0,"max_hp_loss":0,"event_name":"Nest","floor":21,"gold_loss":0},{"damage_healed":0,"gold_gain":0,"player_choice":"Gave Idol","damage_taken":0,"relics_obtained":["Bloody Idol"],"max_hp_gain":0,"max_hp_loss":0,"event_name":"Forgotten Altar","floor":22,"relics_lost":["Golden Idol"],"gold_loss":0}],"is_beta":false,"boss_relics":[{"not_picked":["SacredBark","Velvet Choker"],"picked":"Cursed Key"}],"items_purged_floors":[],"is_endless":false,"potions_floor_spawned":[2,3,6,20],"killed_by":"Slavers","ascension_level":20}}