{"host":"t6w2q9o6m1ipuhb5","time":1610184016,"event":{"mods":["2.2 Compatiblity","Abigail Mod","AchievementEnabler","Act Like it!","Arknights The Spire","BaseMod","Chen","Colored Map","Colored Powertips","Downfall","Friendly Minions","Gensokyo","GifTheSpireLib","Hermit","Hubris","Infinite Spire","KinomotoSakuraMod(????)","Kiyohime????","Marisa????????","Mimic Mod","Minty Spire (QoL Compilation)","Permanent Neow","Prisma Mod","Quick Restart","Reimu??????","Remilia??????","Replay The Spire","StSLib","SuperFastMode","The Animator","The Bug Knight","The Construct","The Cursed","The Marked","The Mystic","The Senshi","Waifu the Spire"],"gold_per_floor":[113,128,128,145,145,145,145,145,197,36,65,78,110,173,173,299,299,329,372,332,381,381,437,187,201,278,327,358,358,318,371,371,371,371],"floor_reached":33,"playtime":1936,"items_purged":["Looming Evil"],"score":314,"play_id":"a8661b95-e032-49a0-ae92-61362839387b","local_time":"20210109042016","is_ascension_mode":false,"campfire_choices":[{"data":"FairyDestructionRay","floor":6,"key":"SMITH"},{"data":"PowerUp","floor":8,"key":"SMITH"},{"floor":15,"key":"REST"},{"floor":29,"key":"REST"},{"floor":32,"key":"DIG"}],"circlet_count":0,"master_deck":["Strike_MRS","Strike_MRS","Strike_MRS","Strike_MRS","Defend_MRS","Defend_MRS","Defend_MRS","Defend_MRS","MasterSpark","UpSweep","WitchLeyline+1","PowerUp+1","FairyDestructionRay+1","WitchOfGreed","WitchOfGreed","UnstableBomb","NonDirectionalLaser","DC","PropBag","UltimateShortwave+1","UltimateShortwave+1","GrandCross+1","AsteroidBelt+1","NonDirectionalLaser+1","GalacticHalo","infinitespire:Fortify","infinitespire:Collect","ShootingEcho","GremboGang","MilkyWay","AsteroidBelt+1","WitchOfGreed+1","6A"],"relics":["MiniHakkero","Happy Flower","ReplayTheSpireMod:Ring of Challenge","Ring of Hypnosis","MealTicket","Orichalcum","Golden Egg","hubris:HollowSoul","Onion Ring","Smiling Mask","Iron Hammer","theSenshi:SailorFukuRelic","Boot","AmplifyWand","Gremlin Horn"],"acts_visited":["Exordium","TheCity"],"potions_floor_usage":[16,16,18,21,27,33,33],"damage_taken":[{"damage":5,"enemies":"Small Slimes","floor":1,"turns":4},{"damage":1,"enemies":"Cultist","floor":2,"turns":3},{"damage":1,"enemies":"Jaw Worm","floor":4,"turns":3},{"damage":9,"enemies":"Looter","floor":11,"turns":2},{"damage":0,"enemies":"Blue Slaver","floor":12,"turns":1},{"damage":0,"enemies":"Large Slime","floor":13,"turns":3},{"damage":18,"enemies":"Lagavulin","floor":14,"turns":5},{"damage":37,"enemies":"The Guardian","floor":16,"turns":8},{"damage":1,"enemies":"2 Thieves","floor":18,"turns":2},{"damage":28,"enemies":"Chosen","floor":19,"turns":6},{"damage":7,"enemies":"Centurion and Healer","floor":21,"turns":6},{"damage":0,"enemies":"Gremlin Leader","floor":23,"turns":6},{"damage":4,"enemies":"Shelled Parasite and Fungi","floor":25,"turns":2},{"damage":28,"enemies":"HollowMod:Nosk","floor":27,"turns":7},{"damage":5,"enemies":"Chosen and Byrds","floor":28,"turns":5},{"damage":0,"enemies":"Centurion and Healer","floor":31,"turns":6},{"damage":19,"enemies":"hubris:MusketHawk","floor":33,"turns":4}],"seed_played":"4786485550144378564","potions_obtained":[{"floor":1,"key":"FearPotion"},{"floor":2,"key":"SpeedPotion"},{"floor":11,"key":"StarNLove"},{"floor":12,"key":"Dexterity Potion"},{"floor":13,"key":"Ancient Potion"},{"floor":14,"key":"AttackPotion"},{"floor":14,"key":"ColorlessPotion"},{"floor":16,"key":"Venom Potion"},{"floor":16,"key":"SteroidPotion"},{"floor":18,"key":"Venom Potion"},{"floor":19,"key":"hexamod:EctoCoolerPotion"},{"floor":19,"key":"Elixir"},{"floor":21,"key":"Adrenaline Potion"},{"floor":23,"key":"SkillPotion"},{"floor":27,"key":"Weak Potion"},{"floor":31,"key":"Energy Potion"}],"is_trial":false,"path_per_floor":["M","M","?","M","?","R","?","R","T","$","M","M","M","E","R","B",null,"M","M","$","M","AVR","E","?","M","T","E","M","R","?","M","R_BF","B"],"character_chosen":"MARISA","items_purchased":["WitchOfGreed","UnstableBomb","NonDirectionalLaser+1"],"campfire_rested":2,"item_purchase_floors":[10,10,20],"current_hp_per_floor":[70,69,69,68,68,68,61,61,61,75,66,66,66,48,70,33,75,74,46,61,54,54,54,54,50,50,22,17,39,39,39,39,0,0],"gold":371,"neow_bonus":"RANDOM_COMMON_RELIC","is_daily":false,"chose_seed":false,"campfire_upgraded":2,"win_rate":0.0,"timestamp":1610184016,"path_taken":["M","M","?","?","?","R","?","R","T","$","M","M","M","E","R","BOSS","M","M","$","M","AVR","E","?","M","T","E","M","R","?","M","R_BF","BOSS"],"items_purchased_type":["Card","Card","Card"],"build_version":"2020-12-22","purchased_purges":1,"victory":false,"max_hp_per_floor":[75,75,75,75,75,75,75,75,75,75,75,75,75,75,75,75,75,75,75,75,75,75,75,75,75,75,75,75,75,75,75,75,75,75],"card_choices":[{"not_picked":["OneTimeOff","IllusionStar"],"picked":"WitchLeyline","floor":1},{"not_picked":["DarkMatter","EnergyRecoil"],"picked":"PowerUp","floor":2},{"not_picked":["DoubleSpark","OrrerysSun"],"picked":"FairyDestructionRay","floor":4},{"not_picked":["GasGiant","UnstableBomb"],"picked":"NonDirectionalLaser","floor":11},{"not_picked":["SuperPerseids","6A"],"picked":"DC","floor":12},{"not_picked":["Occultation","PowerUp"],"picked":"PropBag","floor":13},{"not_picked":["StarBarrage","MysteriousBeam"],"picked":"UltimateShortwave","floor":14},{"not_picked":["BlazingStar","JA"],"picked":"UltimateShortwave","floor":16},{"not_picked":["MachineGunSpark","GravityBeat"],"picked":"GrandCross","floor":18},{"not_picked":["GravityBeat+1","Singularity"],"picked":"AsteroidBelt+1","floor":19},{"not_picked":["PowerUp+1","Occultation"],"picked":"GalacticHalo","floor":21},{"not_picked":["WitchLeyline","ManaRampage"],"picked":"ShootingEcho","floor":23},{"not_picked":["Orbital","WitchLeyline"],"picked":"MilkyWay","floor":25},{"not_picked":["AbsoluteMagnitude","BigCrunch"],"picked":"AsteroidBelt+1","floor":27},{"not_picked":["WitchLeyline","NonDirectionalLaser"],"picked":"WitchOfGreed+1","floor":28},{"not_picked":["AsteroidBelt","WitchLeyline"],"picked":"6A","floor":31}],"player_experience":378434,"relics_obtained":[{"floor":5,"key":"ReplayTheSpireMod:Ring of Challenge"},{"floor":5,"key":"Ring of Hypnosis"},{"floor":9,"key":"Orichalcum"},{"floor":14,"key":"Golden Egg"},{"floor":23,"key":"Smiling Mask"},{"floor":26,"key":"Iron Hammer"},{"floor":27,"key":"theSenshi:SailorFukuRelic"},{"floor":32,"key":"Boot"}],"event_choices":[{"damage_healed":0,"gold_gain":0,"player_choice":"Ignored","damage_taken":0,"max_hp_gain":0,"max_hp_loss":0,"event_name":"NoteForYourself","floor":3,"gold_loss":0},{"damage_healed":0,"gold_gain":0,"player_choice":"Success","damage_taken":7,"relics_obtained":["MealTicket"],"max_hp_gain":0,"max_hp_loss":0,"event_name":"Scrap Ooze","floor":7,"gold_loss":0},{"damage_healed":0,"gold_gain":0,"player_choice":"Upgraded Two","damage_taken":0,"max_hp_gain":0,"max_hp_loss":0,"event_name":"Designer","floor":30,"gold_loss":40,"cards_upgraded":["WitchLeyline","GrandCross"]}],"is_beta":false,"boss_relics":[{"not_picked":["Runic Dome","Sozu"],"picked":"hubris:HollowSoul"}],"items_purged_floors":[10],"is_endless":false,"potions_floor_spawned":[1,2,12,13,21,23,27],"killed_by":"hubris:MusketHawk","ascension_level":0}}