{"host":"9ndbo4kgsfoemf7y","time":1610177148,"event":{"mods":["AchievementEnabler","BaseMod","Colored Map","DeckTracker","Keyboard Shortcuts","Minty Spire (QoL Compilation)","Permanent Neow","Quick Restart","Relic Stats","StSLib","SuperFastMode"],"gold_per_floor":[117,13,88,238,238,272,272,197,273,307,325,359,389,314,314,388,388,402,199,199,199,216,245,259,289,289,289,289],"floor_reached":27,"playtime":635,"items_purged":["Strike_G","Strike_G"],"score":614,"play_id":"599ddae7-4b57-4400-8050-7c45d3cc9053","local_time":"20210109162548","is_ascension_mode":true,"campfire_choices":[{"data":"Cloak And Dagger","floor":7.0,"key":"SMITH"},{"floor":15.0,"key":"REST"}],"circlet_count":0,"master_deck":["AscendersBane","Strike_G","Strike_G","Defend_G","Defend_G","Defend_G","Defend_G","Survivor","Neutralize","Cloak And Dagger+1","Blade Dance","Accuracy","Choke+1","Escape Plan","Prepared+1","Cloak And Dagger","After Image","Bandage Up","Blade Dance+1","Tactician+1","Dagger Throw+1"],"relics":["Ring of the Snake","NeowsBlessing","Snake Skull","Regal Pillow","Shuriken","Molten Egg 2","Blood Vial","Odd Mushroom","Empty Cage","Toxic Egg 2","Toy Ornithopter","Prayer Wheel"],"acts_visited":["Exordium","TheCity"],"potions_floor_usage":[24,25],"damage_taken":[{"damage":0.0,"enemies":"Cultist","floor":1.0,"turns":1.0},{"damage":0.0,"enemies":"3 Sentries","floor":6.0,"turns":1.0},{"damage":0.0,"enemies":"Lagavulin","floor":10.0,"turns":1.0},{"damage":0.0,"enemies":"Small Slimes","floor":11.0,"turns":2.0},{"damage":29.0,"enemies":"Gremlin Nob","floor":12.0,"turns":4.0},{"damage":2.0,"enemies":"The Mushroom Lair","floor":13.0,"turns":3.0},{"damage":15.0,"enemies":"Slime Boss","floor":16.0,"turns":7.0},{"damage":26.0,"enemies":"Chosen","floor":18.0,"turns":6.0},{"damage":13.0,"enemies":"2 Thieves","floor":22.0,"turns":4.0},{"damage":32.0,"enemies":"Slavers","floor":23.0,"turns":8.0},{"damage":11,"enemies":"Sentry and Sphere","floor":24,"turns":4},{"damage":12,"enemies":"Book of Stabbing","floor":25,"turns":4},{"damage":23,"enemies":"Slavers","floor":27,"turns":1}],"seed_played":"1758584521912575574","potions_obtained":[{"floor":6.0,"key":"BlessingOfTheForge"},{"floor":11.0,"key":"LiquidBronze"},{"floor":13.0,"key":"Regen Potion"},{"floor":23.0,"key":"SkillPotion"}],"is_trial":false,"path_per_floor":["M","$","?","?","T","E","R","$","T","E","M","E","?","?","R","B",null,"M","$","?","?","M","E","M","E","T","E"],"character_chosen":"THE_SILENT","items_purchased":["Blade Dance","Accuracy","Bandage Up"],"campfire_rested":1,"item_purchase_floors":[2,2,19],"current_hp_per_floor":[59,59,48,48,48,48,48,48,48,48,48,19,19,19,53,40,60,36,36,36,36,29,18,13,7,7,0,0],"gold":289,"neow_bonus":"THREE_ENEMY_KILL","is_daily":false,"chose_seed":false,"campfire_upgraded":1,"win_rate":0.0,"timestamp":1610177148,"path_taken":["M","?","?","?","?","E","R","$","T","E","?","E","?","?","R","BOSS","M","$","?","?","?","E","M","E","T","E"],"items_purchased_type":["Card","Card","Card"],"build_version":"2020-12-22","purchased_purges":2,"victory":false,"max_hp_per_floor":[66,66,66,66,66,66,66,66,66,66,66,66,66,66,66,66,66,66,66,66,66,66,66,66,66,66,66,66],"relic_stats":{"Blood Vial":16,"Regal Pillow":15,"counters":[13,46],"Shuriken":[31],"Prayer Wheel":0,"Snake Skull":[0],"obtain_stats":[{"Blood Vial":12,"Regal Pillow":6,"NeowsBlessing":0,"Shuriken":9,"Molten Egg 2":10,"Prayer Wheel":26,"Snake Skull":5,"Odd Mushroom":13,"Toxic Egg 2":23,"Empty Cage":17,"Toy Ornithopter":25,"Ring of the Snake":0},{"Blood Vial":5,"Regal Pillow":2,"NeowsBlessing":0,"Shuriken":2,"Molten Egg 2":3,"Prayer Wheel":12,"Snake Skull":1,"Odd Mushroom":6,"Toxic Egg 2":10,"Empty Cage":7,"Toy Ornithopter":12,"Ring of the Snake":0},{"Blood Vial":9,"Regal Pillow":2,"NeowsBlessing":0,"Shuriken":2,"Molten Egg 2":3,"Prayer Wheel":45,"Snake Skull":1,"Odd Mushroom":12,"Toxic Egg 2":37,"Empty Cage":19,"Toy Ornithopter":45,"Ring of the Snake":0}],"Toy Ornithopter":0,"Ring of the Snake":[26]},"card_choices":[{"not_picked":["Prepared","Slice"],"picked":"Cloak And Dagger","floor":1.0},{"not_picked":["Quick Slash","Eviscerate","Flying Knee"],"picked":"SKIP","floor":6.0},{"not_picked":["Caltrops","Predator+1"],"picked":"Choke+1","floor":10.0},{"not_picked":["Leg Sweep","Flying Knee+1"],"picked":"Escape Plan","floor":11.0},{"not_picked":["Malaise","Endless Agony+1"],"picked":"Prepared","floor":12.0},{"not_picked":["Dagger Spray+1","All Out Attack+1"],"picked":"Cloak And Dagger","floor":13.0},{"not_picked":["Phantasmal Killer","Die Die Die+1"],"picked":"After Image","floor":16.0},{"not_picked":["PiercingWail","Crippling Poison","Deadly Poison"],"picked":"SKIP","floor":18.0},{"not_picked":["Choke+1","Sucker Punch+1","Cloak And Dagger"],"picked":"SKIP","floor":22.0},{"not_picked":["Caltrops","Bane+1"],"picked":"Blade Dance+1","floor":23.0},{"not_picked":["Dagger Throw+1","Predator+1"],"picked":"Tactician+1","floor":24},{"not_picked":["Poisoned Stab+1","Dash+1"],"picked":"Dagger Throw+1","floor":25}],"player_experience":793116,"relics_obtained":[{"floor":5.0,"key":"Snake Skull"},{"floor":6.0,"key":"Regal Pillow"},{"floor":9.0,"key":"Shuriken"},{"floor":10.0,"key":"Molten Egg 2"},{"floor":12.0,"key":"Blood Vial"},{"floor":13.0,"key":"Odd Mushroom"},{"floor":23.0,"key":"Toxic Egg 2"},{"floor":25,"key":"Toy Ornithopter"},{"floor":26,"key":"Prayer Wheel"}],"event_choices":[{"damage_healed":0.0,"max_hp_gain":0.0,"max_hp_loss":0.0,"gold_gain":75.0,"event_name":"World of Goop","player_choice":"Gather Gold","floor":3.0,"gold_loss":0.0,"damage_taken":11.0},{"damage_healed":0.0,"max_hp_gain":0.0,"max_hp_loss":0.0,"gold_gain":150.0,"event_name":"Liars Game","player_choice":"AGREE","floor":4.0,"gold_loss":0.0,"damage_taken":0.0,"cards_obtained":["Doubt"]},{"damage_healed":0.0,"max_hp_gain":0.0,"max_hp_loss":0.0,"gold_gain":0.0,"event_name":"Mushrooms","player_choice":"Fought Mushrooms","floor":13.0,"gold_loss":0.0,"damage_taken":0.0},{"cards_removed":["Doubt"],"damage_healed":0.0,"max_hp_gain":0.0,"max_hp_loss":0.0,"gold_gain":0.0,"event_name":"The Cleric","player_choice":"Card Removal","floor":14.0,"gold_loss":75.0,"damage_taken":0.0},{"damage_healed":0.0,"max_hp_gain":0.0,"max_hp_loss":0.0,"gold_gain":0.0,"event_name":"Ghosts","player_choice":"Ignored","floor":20.0,"gold_loss":0.0,"damage_taken":0.0},{"damage_healed":0.0,"max_hp_gain":0.0,"max_hp_loss":0.0,"gold_gain":0.0,"event_name":"Upgrade Shrine","player_choice":"Upgraded","floor":21.0,"gold_loss":0.0,"damage_taken":0.0,"cards_upgraded":["Prepared"]}],"is_beta":false,"boss_relics":[{"not_picked":["Calling Bell","Philosopher\u0027s Stone"],"picked":"Empty Cage"}],"items_purged_floors":[8,19],"is_endless":false,"potions_floor_spawned":[6,11,13,16,22,23],"killed_by":"Slavers","ascension_level":19}}