{"host":"sxnl403xm2xmiyj1","time":1610211721,"event":{"mods":["BaseMod","Colored Map","Keyboard Shortcuts","Lobotomy","Minty Spire (QoL Compilation)","Quick Restart","StSLib","SuperFastMode"],"gold_per_floor":[116,130,145,159,173,207,207,233,278,295,327,347,347,347,347,452,452,462,477,492,509,521,521,556,556,556,556,641,641,726,795,795,999,999,1019,1079,1118,1143,1212,1237,1273,1273,1298,1298,445,506,583,676,676,676],"floor_reached":51,"playtime":1976,"items_purged":["Bloodbath"],"score":1344,"play_id":"249377b6-0936-4efc-b5e4-49984de050ce","local_time":"20210110020201","is_ascension_mode":true,"campfire_choices":[],"circlet_count":0,"master_deck":["SpecialBullet","SpecialBullet","SpecialBullet","SpecialBullet","SpecialBullet","SpecialBullet","SpecialBullet","SpecialBullet","RecordCode","ExtractionCode","SecurityCode","SoundOfStar","Regret_ego","OldLady","RedEyes","SpiderBud","Ecstasy","Wingbeat","Diffraction","DreamingCurrent","UniverseFragment","Regret_ego","DisciplinaryCode","BlackSwan_ego","BlackSwan","FourthMatchFlame","Regret_ego","InformationCode","FourthMatchFlame","RapturousDream","Variant","ScreamingWedge","Soda","Adoration","GoldRush","CherryBlossom","OSAHOGD","FourthMatchFlame+1","ScreamingWedge","RedEyes+1","LongBird","FourthMatchFlame+1","GreedKing","RapturousDream+1","GreenStem+1","BlackSwan_ego+1","WallGazer","CherryBlossom+1","BloodyDesire+1","FourthMatchFlame+1","Mimicry+1","PunishingBird","GoldRush+1","BloodyDesire+1","FourthMatchFlame+1","Soda+1","Regret_ego+1","FourthMatchFlame+1","TrainingCode","FourthMatchFlame+1","Regret_ego+1","Apotheosis+1","WristCuter+1","Diffraction+1","TodaysExpression+1","FourthMatchFlame+1","CherryBlossom+1","WristCuter+1","DaCapo+1","BigBird","Regret_ego+1"],"relics":["CogitoBucket","Meat on the Bone","Oddly Smooth Stone","AspirationHeart","Blue Candle","Cursed Key","TreeSap","Blood Vial","InkBottle","Theresia","AtMidnight","Whetstone","Runic Dome","Eternal Feather","HandDrill","Bottled Flame","Regal Pillow","Gremlin Horn"],"acts_visited":["Exordium","TheCity","TheBeyond"],"potions_floor_usage":[28,50,50,50],"damage_taken":[{"damage":6.0,"enemies":"Cultist","floor":1.0,"turns":3.0},{"damage":8.0,"enemies":"Small Slimes","floor":2.0,"turns":3.0},{"damage":12.0,"enemies":"Jaw Worm","floor":3.0,"turns":3.0},{"damage":22.0,"enemies":"Looter","floor":4.0,"turns":3.0},{"damage":21.0,"enemies":"Blue Slaver","floor":5.0,"turns":4.0},{"damage":27.0,"enemies":"Gremlin Nob","floor":6.0,"turns":4.0},{"damage":21.0,"enemies":"3 Sentries","floor":8.0,"turns":14.0},{"damage":61.0,"enemies":"Lots of Slimes","floor":10.0,"turns":4.0},{"damage":25.0,"enemies":"Gremlin Nob","floor":11.0,"turns":4.0},{"damage":8.0,"enemies":"Gremlin Gang","floor":12.0,"turns":2.0},{"damage":69.0,"enemies":"Hexaghost","floor":16.0,"turns":11.0},{"damage":0.0,"enemies":"Spheric Guardian","floor":18.0,"turns":4.0},{"damage":86.0,"enemies":"3 Byrds","floor":19.0,"turns":5.0},{"damage":28.0,"enemies":"Sentry and Sphere","floor":20.0,"turns":6.0},{"damage":50.0,"enemies":"Snecko","floor":21.0,"turns":6.0},{"damage":18.0,"enemies":"Centurion and Healer","floor":22.0,"turns":6.0},{"damage":0.0,"enemies":"Gremlin Leader","floor":24.0,"turns":3.0},{"damage":66,"enemies":"Shelled Parasite and Fungi","floor":28,"turns":8},{"damage":1,"enemies":"Book of Stabbing","floor":30,"turns":4},{"damage":30,"enemies":"Sentry and Sphere","floor":31,"turns":6},{"damage":5,"enemies":"Champ","floor":33,"turns":7},{"damage":10,"enemies":"3 Shapes","floor":35,"turns":3},{"damage":32,"enemies":"3 Darklings","floor":36,"turns":4},{"damage":102,"enemies":"Transient","floor":37,"turns":5},{"damage":20,"enemies":"Jaw Worm Horde","floor":39,"turns":3},{"damage":25,"enemies":"Spire Growth","floor":41,"turns":3},{"damage":1,"enemies":"3 Darklings","floor":46,"turns":2},{"damage":23,"enemies":"Nemesis","floor":47,"turns":5},{"damage":10,"enemies":"Sphere and 2 Shapes","floor":48,"turns":5},{"damage":31,"enemies":"Time Eater","floor":50,"turns":3},{"damage":94,"enemies":"Malkuth","floor":51,"turns":7},{"damage":43,"enemies":"Netzach","floor":51,"turns":5},{"damage":98,"enemies":"Chesed","floor":51,"turns":6},{"damage":112,"enemies":"Binah","floor":51,"turns":10},{"damage":96,"enemies":"Angela","floor":51,"turns":8}],"seed_played":"6280187648124752156","potions_obtained":[{"floor":1.0,"key":"LiquidMemories"},{"floor":6.0,"key":"Block Potion"},{"floor":10.0,"key":"SmokeBomb"},{"floor":16.0,"key":"SkillPotion"},{"floor":18.0,"key":"LiquidBronze"},{"floor":19.0,"key":"Ancient Potion"},{"floor":28,"key":"DuplicationPotion"},{"floor":31,"key":"GamblersBrew"},{"floor":36,"key":"SpeedPotion"}],"is_trial":false,"path_per_floor":["M","M","M","M","M","E","R","E","T","M","E","M","R","?","R","B",null,"M","M","M","M","M","R","E","R","T","R","M","?","E","M","R","B",null,"M","M","M","?","M","R","M","R","T","R","$","M","E","M","R","B",null],"character_chosen":"Angela","items_purchased":["Regret_ego+1","HandDrill","Apotheosis+1","WristCuter+1","Diffraction+1","Bottled Flame","Regal Pillow","TodaysExpression+1"],"campfire_rested":0,"item_purchase_floors":[45,45,45,45,45,45,45,45],"current_hp_per_floor":[65,65,61,47,34,21,21,70,70,57,52,64,64,64,64,68,77,80,47,64,60,87,87,88,88,88,88,66,66,96,95,95,100,100,100,89,56,56,78,84,97,100,100,100,100,100,100,104,104,104],"gold":676,"neow_bonus":"ONE_RANDOM_RARE_CARD","is_daily":false,"chose_seed":false,"campfire_upgraded":0,"win_rate":0.0,"timestamp":1610211721,"path_taken":["M","M","M","M","M","E","R","E","T","M","E","M","R","?","R","BOSS","M","M","M","M","M","R","E","R","T","R","M","?","E","M","R","BOSS","M","M","M","?","M","R","M","R","T","R","$","M","E","M","R","BOSS"],"items_purchased_type":["Card","Relic","Card","Card","Card","Relic","Relic","Card"],"build_version":"2020-12-22","purchased_purges":1,"victory":true,"max_hp_per_floor":[70,70,70,70,70,70,70,70,70,80,80,80,80,80,80,80,80,80,80,80,84,88,88,88,88,88,88,92,92,96,96,96,100,100,100,100,100,100,100,100,100,100,100,100,100,100,100,104,104,104],"card_choices":[{"not_picked":["SomewhereSpear","Loneliness"],"picked":"SKIP","floor":1.0},{"not_picked":["Loneliness","FeatherOfHonor"],"picked":"SKIP","floor":1.0},{"not_picked":["RapturousDream"],"picked":"Regret_ego","floor":2.0},{"not_picked":["Bloodbath","MHz"],"picked":"OldLady","floor":2.0},{"not_picked":["TodaysExpression"],"picked":"RedEyes","floor":2.0},{"not_picked":["WallGazer","MeatLantern"],"picked":"SpiderBud","floor":3.0},{"not_picked":["Loneliness"],"picked":"Ecstasy","floor":3.0},{"not_picked":["Noise","Lantern"],"picked":"SKIP","floor":3.0},{"not_picked":["Spore"],"picked":"Wingbeat","floor":4.0},{"not_picked":["Beak","SomewhereSpear"],"picked":"SKIP","floor":4.0},{"not_picked":["Noise","Penitence"],"picked":"Diffraction","floor":5.0},{"not_picked":["DespairKnight","Bloodbath"],"picked":"DreamingCurrent","floor":5.0},{"not_picked":["Christmas","CUTE","Hornet"],"picked":"SKIP","floor":5.0},{"not_picked":["PunishingBird","CherryBlossoms"],"picked":"UniverseFragment","floor":6.0},{"not_picked":["InTheNameOfLoveAndHate","Harmony"],"picked":"Regret_ego","floor":6.0},{"not_picked":["Harmony","SolemnVow","FrostShard"],"picked":"SKIP","floor":6.0},{"not_picked":["InTheNameOfLoveAndHate","Spore"],"picked":"BlackSwan_ego","floor":8.0},{"not_picked":["BodiesMountain","Scorched"],"picked":"BlackSwan","floor":8.0},{"not_picked":["Pinks","Hornet"],"picked":"FourthMatchFlame","floor":8.0},{"not_picked":["Loneliness","CherryBlossom"],"picked":"Regret_ego","floor":10.0},{"not_picked":["RedEyes","CherryBlossom"],"picked":"FourthMatchFlame","floor":10.0},{"not_picked":["SomewhereSpear","Galaxy"],"picked":"RapturousDream","floor":11.0},{"not_picked":["Bloodbath","Murderer"],"picked":"Variant","floor":11.0},{"not_picked":["Moonlight","Lantern"],"picked":"ScreamingWedge","floor":11.0},{"not_picked":["SomewhereSpear","Discord"],"picked":"Soda","floor":12.0},{"not_picked":["TheSmile","SoundOfStar"],"picked":"Adoration","floor":16.0},{"not_picked":["Mimicry","CENSORED_ego"],"picked":"GoldRush","floor":16.0},{"not_picked":["Moonlight","Tough"],"picked":"CherryBlossom","floor":18.0},{"not_picked":["QueenOfHatred","Scarecrow"],"picked":"OSAHOGD","floor":18.0},{"not_picked":["Harvest","ShedSkin"],"picked":"WristCuter","floor":18.0},{"not_picked":["SomewhereSpear+1","TodaysExpression"],"picked":"FourthMatchFlame+1","floor":19.0},{"not_picked":["RedEyes","BlueScar"],"picked":"ScreamingWedge","floor":19.0},{"not_picked":["RapturousDream","FeatherOfHonor"],"picked":"RedEyes+1","floor":20.0},{"not_picked":["BeautyBeast","Freischutz"],"picked":"LongBird","floor":21.0},{"not_picked":["SomewhereSpear","TodaysExpression"],"picked":"FourthMatchFlame","floor":21.0},{"not_picked":["Penitence","Loneliness","SomewhereSpear"],"picked":"SKIP","floor":21.0},{"not_picked":["Scorched","Wellcheers"],"picked":"GreedKing","floor":22.0},{"not_picked":["BearPaw","RedEyes"],"picked":"RapturousDream+1","floor":22.0},{"not_picked":["Lantern+1","Penitence+1","Loneliness"],"picked":"SKIP","floor":22.0},{"not_picked":["RapturousDream","SomewhereSpear","Horn+1"],"picked":"SKIP","floor":24.0},{"not_picked":["CUTE+1","CherryBlossom+1"],"picked":"GreenStem+1","floor":28},{"not_picked":["Laetitia","CherryBlossoms"],"picked":"Bloodbath","floor":28},{"not_picked":["Gaze+1","RedEyes+1"],"picked":"BlackSwan_ego+1","floor":28},{"not_picked":["LaLuna","NakedNest"],"picked":"WallGazer","floor":30},{"not_picked":["RedEyes+1","Twilight+1"],"picked":"CherryBlossom+1","floor":30},{"not_picked":["Noise+1","SolemnVow+1"],"picked":"BloodyDesire+1","floor":31},{"not_picked":["Rudolta","MHz","FairyFestival"],"picked":"Singing Bowl","floor":31},{"not_picked":["Wingbeat+1","Diffraction+1"],"picked":"FourthMatchFlame+1","floor":31},{"not_picked":["Adoration+1","Twilight+1"],"picked":"Mimicry+1","floor":33},{"not_picked":["Scorched","Funeral"],"picked":"PunishingBird","floor":33},{"not_picked":["CENSORED_ego+1","Justitia+1"],"picked":"GoldRush+1","floor":33},{"not_picked":["WhitesApple","Woodsman","Scarecrow"],"picked":"Singing Bowl","floor":35},{"not_picked":["SomewhereSpear+1","Loneliness+1","Lantern+1"],"picked":"SKIP","floor":35},{"not_picked":["LifeForTheDareDevil+1","FrostShard+1"],"picked":"BloodyDesire+1","floor":36},{"not_picked":["DespairKnight","BlueStar","SingingMachine"],"picked":"Singing Bowl","floor":36},{"not_picked":["BlackSwan_ego+1","GrinderMk4+1"],"picked":"FourthMatchFlame+1","floor":36},{"not_picked":["RedShoes","BeautyBeast","DespairKnight"],"picked":"Singing Bowl","floor":37},{"not_picked":["Moonlight+1","RedEyes+1"],"picked":"Soda+1","floor":37},{"not_picked":["Twilight+1","RapturousDream+1"],"picked":"Regret_ego+1","floor":39},{"not_picked":["Scorched","BlueStar","QueenOfHatred"],"picked":"Singing Bowl","floor":39},{"not_picked":["RapturousDream+1","Christmas+1"],"picked":"FourthMatchFlame+1","floor":39},{"not_picked":["MeltingLove","Freischutz","Rudolta"],"picked":"Singing Bowl","floor":41},{"not_picked":["Penitence+1","Horn+1"],"picked":"FourthMatchFlame+1","floor":41},{"not_picked":["Lamp+1","CUTE+1","SwordSharpenedByTears+1"],"picked":"SKIP","floor":41},{"not_picked":["Galaxy+1","CrimsonScar+1"],"picked":"FourthMatchFlame+1","floor":46},{"not_picked":["HappyTeddy","WhitesApple","BodiesMountain"],"picked":"Singing Bowl","floor":46},{"not_picked":["Christmas+1","SwordSharpenedByTears+1","Loneliness+1"],"picked":"SKIP","floor":46},{"not_picked":["ScreamingWedge+1","Beak+1"],"picked":"CherryBlossom+1","floor":47},{"not_picked":["QueenOfHatred","BodiesMountain","Freischutz"],"picked":"Singing Bowl","floor":47},{"not_picked":["SomewhereSpear+1","SolemnVow+1"],"picked":"WristCuter+1","floor":47},{"not_picked":["Horn+1","Hornet+1"],"picked":"DaCapo+1","floor":48},{"not_picked":["WhiteNight","GalaxyChild","BodiesMountain"],"picked":"Singing Bowl","floor":48},{"not_picked":["FieryBird","CENSORED"],"picked":"BigBird","floor":48},{"not_picked":["InTheNameOfLoveAndHate+1","Hornet+1"],"picked":"Regret_ego+1","floor":48}],"player_experience":217526,"relics_obtained":[{"floor":8.0,"key":"Meat on the Bone"},{"floor":9.0,"key":"Oddly Smooth Stone"},{"floor":11.0,"key":"Blue Candle"},{"floor":24.0,"key":"Blood Vial"},{"floor":26.0,"key":"InkBottle"},{"floor":28,"key":"AtMidnight"},{"floor":30,"key":"Whetstone"},{"floor":43,"key":"Eternal Feather"},{"floor":47,"key":"Gremlin Horn"}],"event_choices":[{"damage_healed":0.0,"max_hp_gain":0.0,"max_hp_loss":0.0,"gold_gain":0.0,"event_name":"The Woman in Blue","player_choice":"Bought 0 Potions","floor":14.0,"gold_loss":0.0,"damage_taken":0.0},{"damage_healed":0,"gold_gain":0,"player_choice":"Ignored","damage_taken":0,"max_hp_gain":0,"max_hp_loss":0,"event_name":"Cursed Tome","floor":29,"gold_loss":0},{"cards_removed":["WristCuter"],"damage_healed":0,"gold_gain":0,"player_choice":"Removed Attack","damage_taken":0,"max_hp_gain":0,"max_hp_loss":0,"event_name":"Falling","floor":38,"gold_loss":0}],"is_beta":false,"boss_relics":[{"not_picked":["Ectoplasm","Empty Cage"],"picked":"Cursed Key"},{"not_picked":["SlaversCollar","Runic Pyramid"],"picked":"Runic Dome"}],"items_purged_floors":[45],"is_endless":false,"potions_floor_spawned":[1,6,10,16,18,19,28,31,33,35,36,46,47],"ascension_level":9}}