{"host":"19r1ww88x2tc73i0","time":1610177161,"event":{"mods":["BaseMod","BetterRewards","Colored Map","Minty Spire (QoL Compilation)","Relic Stats","StSLib","SuperFastMode","slay the spire mod where everything is the same but ironclad has a cowboy hat"],"gold_per_floor":[116,128,278,353,353,353,366,377,404,404,80,95,95,109,109,188,188,206,27,38,38,38,38],"floor_reached":22,"playtime":810,"items_purged":["Doubt","Zap"],"score":356,"play_id":"3b72d7ff-4ad2-47d3-9436-80fd8c818aa3","local_time":"25640109142601","is_ascension_mode":true,"campfire_choices":[{"data":"Reprogram","floor":6.0,"key":"SMITH"},{"data":"Hologram","floor":10,"key":"SMITH"},{"data":"Beam Cell","floor":13,"key":"SMITH"},{"data":"Hyperbeam","floor":15,"key":"SMITH"}],"circlet_count":0,"master_deck":["AscendersBane","Strike_B+1","Strike_B","Strike_B+1","Strike_B","Defend_B","Defend_B","Defend_B","Defend_B","Dualcast","Hologram+1","Reprogram+1","Compile Driver","Fusion+1","Hyperbeam+1","Rip and Tear","Beam Cell+1","Leap+1","Echo Form","Steam Power+1","Reprogram+1","Leap+1"],"relics":["Cracked Core","Calipers","Toxic Egg 2","Whetstone","Nuclear Battery"],"acts_visited":["Exordium","TheCity"],"potions_floor_usage":[8,16,20],"damage_taken":[{"damage":10.0,"enemies":"Small Slimes","floor":1.0,"turns":4.0},{"damage":9.0,"enemies":"2 Louse","floor":2.0,"turns":5.0},{"damage":1,"enemies":"Cultist","floor":7,"turns":3},{"damage":9,"enemies":"Exordium Thugs","floor":8,"turns":6},{"damage":7,"enemies":"Red Slaver","floor":12,"turns":3},{"damage":0,"enemies":"2 Fungi Beasts","floor":14,"turns":2},{"damage":16,"enemies":"Hexaghost","floor":16,"turns":9},{"damage":11,"enemies":"Spheric Guardian","floor":18,"turns":4},{"damage":19,"enemies":"2 Thieves","floor":20,"turns":5},{"damage":35,"enemies":"Chosen and Byrds","floor":21,"turns":5},{"damage":3,"enemies":"Snake Plant","floor":22,"turns":1}],"seed_played":"-6958814416380771290","potions_obtained":[{"floor":2.0,"key":"DistilledChaos"},{"floor":12,"key":"Regen Potion"},{"floor":14,"key":"EssenceOfSteel"},{"floor":20,"key":"PotionOfCapacity"}],"is_trial":false,"path_per_floor":["M","M","?","?","?","R","M","M","T","R","$","M","R","M","R","B",null,"M","$","M","M","M"],"character_chosen":"DEFECT","items_purchased":["Hologram","Calipers","Reprogram","Toxic Egg 2","Hyperbeam","Rip and Tear","Reprogram+1"],"campfire_rested":0,"item_purchase_floors":[0,0,0,0,11,11,19],"current_hp_per_floor":[22,13,13,2,71,71,70,61,61,61,61,54,54,54,54,53,67,56,56,37,2,0,0],"gold":38,"neow_bonus":"","is_daily":false,"chose_seed":false,"campfire_upgraded":4,"win_rate":0.0,"timestamp":1610177161,"path_taken":["M","M","?","?","?","R","?","M","T","R","?","M","R","?","R","BOSS","M","$","M","M","M"],"items_purchased_type":["Card","Relic","Card","Relic","Card","Card","Card"],"build_version":"2020-12-22","purchased_purges":2,"victory":false,"max_hp_per_floor":[71,71,71,71,71,71,71,71,71,71,71,71,71,71,71,71,71,71,71,71,71,71,71],"relic_stats":{"counters":[199,930],"Whetstone":["Strike_B","Strike_B"],"obtain_stats":[{"Ice Cream":0,"Calipers":31,"Nilry\u0027s Codex":19,"CeramicFish":0,"Vajra":31,"Spirit Poop":45,"Runic Capacitor":21,"Ginger":37,"Whetstone":9,"Bottled Tornado":21,"Old Coin":48,"Blood Vial":24,"Sozu":17,"Lizard Tail":0,"Centennial Puzzle":40,"Strawberry":23,"MealTicket":46,"Fusion Hammer":34,"Kunai":44,"Toxic Egg 2":0,"Girya":0,"Happy Flower":0,"Dead Branch":0,"Blue Candle":40,"Oddly Smooth Stone":0,"Eternal Feather":28,"Letter Opener":9,"War Paint":27,"Question Card":39,"Akabeko":8,"Cables":46,"OrangePellets":39,"SlaversCollar":17,"Bottled Flame":30,"Shuriken":43,"Bronze Scales":9,"Bird Faced Urn":4,"Molten Egg 2":0,"Pandora\u0027s Box":17,"Symbiotic Virus":0,"Unceasing Top":0,"Pocketwatch":0,"Darkstone Periapt":20,"Lantern":36,"Regal Pillow":6,"Singing Bowl":0,"Torii":0,"Mango":0,"StoneCalendar":0,"Incense Burner":10,"Juzu Bracelet":14,"Bag of Preparation":29,"Ancient Tea Set":44,"Cursed Key":34,"Smiling Mask":40,"ClockworkSouvenir":0,"Emotion Chip":26,"Dream Catcher":27,"Nunchaku":27,"Matryoshka":4,"Shovel":0,"Mummified Hand":9,"Gambling Chip":0,"Tiny Chest":12,"WingedGreaves":0,"Chemical X":38,"Cracked Core":0,"Runic Pyramid":17,"Potion Belt":20,"Lee\u0027s Waffle":0,"Inserter":17,"Golden Idol":10,"Thread and Needle":0,"PreservedInsect":26,"Omamori":0,"Frozen Egg 2":0,"Orichalcum":41,"MawBank":8,"Medical Kit":0,"White Beast Statue":40,"Mercury Hourglass":26,"Nuclear Battery":17,"Peace Pipe":45,"Anchor":0,"CaptainsWheel":0,"DataDisk":39,"Ornamental Fan":29,"Turnip":0,"Coffee Dripper":34,"Art of War":23,"Bag of Marbles":42,"Membership Card":0,"Bottled Lightning":32,"TungstenRod":43,"FossilizedHelix":0},{"Ice Cream":57,"Calipers":47,"Nilry\u0027s Codex":119,"CeramicFish":83,"Vajra":16,"Spirit Poop":105,"Runic Capacitor":9,"Ginger":19,"Whetstone":192,"Bottled Tornado":9,"Old Coin":24,"Blood Vial":11,"Sozu":66,"Lizard Tail":0,"Centennial Puzzle":21,"Strawberry":41,"MealTicket":80,"Fusion Hammer":75,"Kunai":54,"Toxic Egg 2":0,"Girya":140,"Happy Flower":0,"Dead Branch":26,"Blue Candle":52,"Oddly Smooth Stone":26,"Eternal Feather":71,"Letter Opener":113,"War Paint":70,"Question Card":20,"Akabeko":31,"Cables":105,"OrangePellets":103,"SlaversCollar":160,"Bottled Flame":125,"Shuriken":22,"Bronze Scales":4,"Bird Faced Urn":142,"Molten Egg 2":26,"Pandora\u0027s Box":92,"Symbiotic Virus":26,"Unceasing Top":57,"Pocketwatch":26,"Darkstone Periapt":9,"Lantern":18,"Regal Pillow":87,"Singing Bowl":57,"Torii":83,"Mango":0,"StoneCalendar":0,"Incense Burner":5,"Juzu Bracelet":7,"Bag of Preparation":14,"Ancient Tea Set":79,"Cursed Key":101,"Smiling Mask":104,"ClockworkSouvenir":26,"Emotion Chip":11,"Dream Catcher":12,"Nunchaku":43,"Matryoshka":2,"Shovel":57,"Mummified Hand":4,"Gambling Chip":57,"Tiny Chest":33,"WingedGreaves":0,"Chemical X":51,"Cracked Core":0,"Runic Pyramid":8,"Potion Belt":9,"Lee\u0027s Waffle":26,"Inserter":36,"Golden Idol":87,"Thread and Needle":26,"PreservedInsect":42,"Omamori":0,"Frozen Egg 2":0,"Orichalcum":22,"MawBank":4,"Medical Kit":57,"White Beast Statue":132,"Mercury Hourglass":70,"Nuclear Battery":148,"Peace Pipe":23,"Anchor":0,"CaptainsWheel":26,"DataDisk":51,"Ornamental Fan":180,"Turnip":108,"Coffee Dripper":17,"Art of War":69,"Bag of Marbles":133,"Membership Card":0,"Bottled Lightning":74,"TungstenRod":53,"FossilizedHelix":57},{"Ice Cream":287,"Calipers":231,"Nilry\u0027s Codex":549,"CeramicFish":402,"Vajra":80,"Spirit Poop":498,"Runic Capacitor":46,"Ginger":98,"Whetstone":901,"Bottled Tornado":46,"Old Coin":129,"Blood Vial":56,"Sozu":316,"Lizard Tail":0,"Centennial Puzzle":109,"Strawberry":206,"MealTicket":380,"Fusion Hammer":360,"Kunai":264,"Toxic Egg 2":0,"Girya":633,"Happy Flower":0,"Dead Branch":155,"Blue Candle":255,"Oddly Smooth Stone":155,"Eternal Feather":339,"Letter Opener":530,"War Paint":334,"Question Card":102,"Akabeko":169,"Cables":498,"OrangePellets":489,"SlaversCollar":740,"Bottled Flame":571,"Shuriken":116,"Bronze Scales":15,"Bird Faced Urn":638,"Molten Egg 2":155,"Pandora\u0027s Box":446,"Symbiotic Virus":155,"Unceasing Top":287,"Pocketwatch":155,"Darkstone Periapt":46,"Lantern":93,"Regal Pillow":418,"Singing Bowl":287,"Torii":402,"Mango":0,"StoneCalendar":0,"Incense Burner":22,"Juzu Bracelet":32,"Bag of Preparation":69,"Ancient Tea Set":377,"Cursed Key":484,"Smiling Mask":494,"ClockworkSouvenir":155,"Emotion Chip":56,"Dream Catcher":61,"Nunchaku":214,"Matryoshka":7,"Shovel":287,"Mummified Hand":15,"Gambling Chip":287,"Tiny Chest":174,"WingedGreaves":0,"Chemical X":250,"Cracked Core":0,"Runic Pyramid":41,"Potion Belt":46,"Lee\u0027s Waffle":155,"Inserter":183,"Golden Idol":418,"Thread and Needle":155,"PreservedInsect":210,"Omamori":0,"Frozen Egg 2":0,"Orichalcum":116,"MawBank":15,"Medical Kit":287,"White Beast Statue":595,"Mercury Hourglass":334,"Nuclear Battery":676,"Peace Pipe":123,"Anchor":0,"CaptainsWheel":155,"DataDisk":250,"Ornamental Fan":850,"Turnip":518,"Coffee Dripper":88,"Art of War":330,"Bag of Marbles":599,"Membership Card":0,"Bottled Lightning":349,"TungstenRod":259,"FossilizedHelix":287}]},"card_choices":[{"not_picked":["Tempest+1","Rebound","Redo+1"],"picked":"SKIP","floor":1.0},{"not_picked":["Turbo+1","Static Discharge","Chaos+1"],"picked":"SKIP","floor":2.0},{"not_picked":["Go for the Eyes","Gash"],"picked":"Compile Driver","floor":7},{"not_picked":["Turbo+1","Coolheaded+1"],"picked":"Fusion+1","floor":8},{"not_picked":["Static Discharge","Compile Driver"],"picked":"Beam Cell","floor":12},{"not_picked":["Consume+1","Storm"],"picked":"Leap+1","floor":14},{"not_picked":["All For One","Reboot+1"],"picked":"Echo Form","floor":16},{"not_picked":["Sweeping Beam","Leap+1"],"picked":"Steam Power+1","floor":18},{"not_picked":["Rebound","Steam+1","Blizzard"],"picked":"SKIP","floor":20},{"not_picked":["Rebound","Force Field+1"],"picked":"Leap+1","floor":21}],"player_experience":887257,"relics_obtained":[{"floor":9,"key":"Whetstone"}],"event_choices":[{"damage_healed":0.0,"max_hp_gain":0.0,"max_hp_loss":0.0,"gold_gain":150.0,"event_name":"Liars Game","player_choice":"AGREE","floor":3.0,"gold_loss":0.0,"damage_taken":0.0,"cards_obtained":["Doubt"]},{"damage_healed":0.0,"max_hp_gain":0.0,"max_hp_loss":0.0,"gold_gain":75.0,"event_name":"World of Goop","player_choice":"Gather Gold","floor":4.0,"gold_loss":0.0,"damage_taken":11.0},{"damage_healed":69.0,"max_hp_gain":0.0,"max_hp_loss":0.0,"gold_gain":0.0,"event_name":"Wheel of Change","player_choice":"Full Heal","floor":5.0,"gold_loss":0.0,"damage_taken":0.0}],"is_beta":false,"boss_relics":[{"not_picked":["Fusion Hammer","Tiny House"],"picked":"Nuclear Battery"}],"items_purged_floors":[11,19],"is_endless":false,"potions_floor_spawned":[2,12,14,20],"killed_by":"Snake Plant","ascension_level":20}}