{"host":"xpk7f5wncxr280f7","time":1610222330,"event":{"mods":["AchievementEnabler","BaseMod","Colored Map","Colored Powertips","Highlight Path","Hubris","Ironclad Rager","Minty Spire (QoL Compilation)","Permanent Neow","Quick Restart","Rare Cards Sparkle","Reimu??????","Relic Stats","Remove Card Discount Mod","Reorder Act Four","StSLib"],"gold_per_floor":[109,124,299,310,310,310,310],"floor_reached":6,"playtime":234,"items_purged":[],"score":36,"play_id":"593b1d69-6448-43b7-bcb9-f8447ef9cc64","local_time":"20210109115850","is_ascension_mode":false,"campfire_choices":[],"circlet_count":0,"master_deck":["Strike_Lin:ReiMu","Strike_Lin:ReiMu","Strike_Lin:ReiMu","Strike_Lin:ReiMu","Defend_Lin:ReiMu","Defend_Lin:ReiMu","Defend_Lin:ReiMu","Defend_Lin:ReiMu","NB:ReiMu","Stagnation:ReiMu","AirStrike:ReiMu","Doubt"],"relics":["Sozu"],"acts_visited":["Exordium"],"potions_floor_usage":[],"damage_taken":[{"damage":0,"enemies":"Small Slimes","floor":1,"turns":5},{"damage":0,"enemies":"2 Louse","floor":2,"turns":3},{"damage":4,"enemies":"Cultist","floor":4,"turns":5},{"damage":11,"enemies":"3 Sentries","floor":6,"turns":6}],"seed_played":"-8113185407500629907","potions_obtained":[],"is_trial":false,"path_per_floor":["M","M","?","M","?","E"],"character_chosen":"REIMU","items_purchased":[],"campfire_rested":0,"item_purchase_floors":[],"current_hp_per_floor":[65,65,65,61,61,50,50],"gold":310,"neow_bonus":"BOSS_RELIC","is_daily":false,"chose_seed":false,"campfire_upgraded":0,"win_rate":0.0,"timestamp":1610222330,"path_taken":["M","M","?","M","?","E"],"items_purchased_type":[],"build_version":"2020-12-22","purchased_purges":0,"victory":false,"max_hp_per_floor":[65,65,65,65,65,65,65],"relic_stats":{"Sozu":2,"counters":[4,19],"obtain_stats":[{"Sozu":0,"FlyPower:ReiMu":0},{"Sozu":0,"FlyPower:ReiMu":0},{"Sozu":0,"FlyPower:ReiMu":0}]},"card_choices":[{"not_picked":["FineLineFantasy:ReiMu","UniversalSpiritual:ReiMu"],"picked":"AirStrike:ReiMu","floor":1},{"not_picked":["Intuition:ReiMu","AlertArray:ReiMu","ShadowOfCrow2:ReiMu"],"picked":"SKIP","floor":2},{"not_picked":["SubcavityInstant:ReiMu","Intuition:ReiMu","SpringWay:ReiMu"],"picked":"SKIP","floor":4}],"player_experience":115598,"relics_obtained":[],"event_choices":[{"damage_healed":0,"gold_gain":175,"player_choice":"AGREE","damage_taken":0,"max_hp_gain":0,"max_hp_loss":0,"event_name":"Liars Game","floor":3,"gold_loss":0,"cards_obtained":["Doubt"]}],"is_beta":false,"boss_relics":[],"items_purged_floors":[],"is_endless":false,"potions_floor_spawned":[2,4],"killed_by":"3 Sentries","ascension_level":0}}