{"host":"gg","time":1610218941,"event":{"mods":["BaseMod","Colored Map","Googly Eyes","Minty Spire (QoL Compilation)","Permanent Neow","Relic Stats","The IronCluck"],"gold_per_floor":[109,109,129,146,146,175,175,204,204,129,129,161,20,39,39,111,111,131,131,146,159,171,197,197,230,230,505,505,505],"floor_reached":28,"playtime":1950,"items_purged":["Pain"],"score":552,"play_id":"d0b37346-0c38-4adf-b2f0-3e5c92650601","local_time":"20210109110221","is_ascension_mode":true,"campfire_choices":[{"data":"1","floor":7.0,"key":"LIFT"},{"floor":15,"key":"REST"},{"data":"2","floor":24,"key":"LIFT"}],"circlet_count":0,"master_deck":["AscendersBane","Strike_P","Strike_P","Strike_P","Strike_P","Defend_P","Defend_P","Defend_P","Defend_P","Eruption","Vigilance","BowlingBash","CrushJoints","DeusExMachina","ThirdEye","TalkToTheHand","SignatureMove","DevaForm","WheelKick","Scrawl","Regret"],"relics":["Snecko Eye","WarpedTongs","Girya","Ginger","Calipers","Gremlin Horn","Philosopher\u0027s Stone","Pear","TeardropLocket","Kunai"],"acts_visited":["Exordium","TheCity"],"potions_floor_usage":[12,16,18,23,25,28],"damage_taken":[{"damage":1.0,"enemies":"2 Louse","floor":1.0,"turns":3.0},{"damage":8.0,"enemies":"Cultist","floor":3.0,"turns":3.0},{"damage":4.0,"enemies":"Small Slimes","floor":4.0,"turns":3.0},{"damage":13.0,"enemies":"3 Sentries","floor":6.0,"turns":7.0},{"damage":26.0,"enemies":"Gremlin Nob","floor":8.0,"turns":4.0},{"damage":6,"enemies":"Lagavulin","floor":12,"turns":7},{"damage":0,"enemies":"Exordium Wildlife","floor":14,"turns":2},{"damage":18,"enemies":"The Guardian","floor":16,"turns":6},{"damage":14,"enemies":"Shell Parasite","floor":18,"turns":2},{"damage":5,"enemies":"Chosen","floor":20,"turns":3},{"damage":0,"enemies":"Sentry and Sphere","floor":21,"turns":3},{"damage":0,"enemies":"Snake Plant","floor":22,"turns":1},{"damage":1,"enemies":"Book of Stabbing","floor":23,"turns":2},{"damage":18,"enemies":"Slavers","floor":25,"turns":3},{"damage":51,"enemies":"Book of Stabbing","floor":28,"turns":4}],"seed_played":"-6914561999068071960","potions_obtained":[{"floor":6.0,"key":"DuplicationPotion"},{"floor":12,"key":"SkillPotion"},{"floor":18,"key":"Energy Potion"},{"floor":20,"key":"LiquidMemories"},{"floor":25,"key":"Regen Potion"}],"is_trial":false,"path_per_floor":["M","?","M","M","?","E","R","E","T","$","?","E","$","M","R","B",null,"M","?","M","M","M","E","R","E","T","?","E"],"character_chosen":"WATCHER","items_purchased":["TalkToTheHand","FearPotion"],"campfire_rested":1,"item_purchase_floors":[13,13],"current_hp_per_floor":[60,60,52,48,53,40,40,14,14,14,14,8,8,8,29,11,58,44,44,39,39,39,48,48,30,30,30,0,0],"gold":505,"neow_bonus":"BOSS_RELIC","is_daily":false,"chose_seed":false,"campfire_upgraded":0,"win_rate":0.0,"timestamp":1610218941,"path_taken":["M","?","M","?","?","E","R","E","T","$","?","E","?","M","R","BOSS","M","?","M","?","M","E","R","E","T","?","E"],"items_purchased_type":["Card","Potion"],"build_version":"2020-12-18","purchased_purges":1,"victory":false,"max_hp_per_floor":[68,68,68,68,73,73,73,73,73,73,73,73,73,73,73,73,73,73,73,73,73,73,83,83,83,83,83,83,83],"relic_stats":{"Gremlin Horn":[5,4],"counters":[15,53],"Snecko Eye":[88,85,75,86],"Ginger":[2],"Kunai":[3],"obtain_stats":[{"Girya":6,"Calipers":9,"Pear":23,"Gremlin Horn":12,"Snecko Eye":0,"Philosopher\u0027s Stone":17,"Ginger":8,"TeardropLocket":25,"Kunai":26,"PureWater":0,"WarpedTongs":2},{"Girya":4,"Calipers":5,"Pear":13,"Gremlin Horn":6,"Snecko Eye":0,"Philosopher\u0027s Stone":8,"Ginger":5,"TeardropLocket":14,"Kunai":14,"PureWater":0,"WarpedTongs":1},{"Girya":16,"Calipers":20,"Pear":46,"Gremlin Horn":27,"Snecko Eye":0,"Philosopher\u0027s Stone":35,"Ginger":20,"TeardropLocket":49,"Kunai":49,"PureWater":0,"WarpedTongs":3}],"WarpedTongs":[49]},"card_choices":[{"not_picked":["Crescendo","Halt","JustLucky"],"picked":"SKIP","floor":1.0},{"not_picked":["FlyingSleeves","ClearTheMind"],"picked":"BowlingBash","floor":3.0},{"not_picked":["Prostrate","Crescendo"],"picked":"CrushJoints","floor":4.0},{"not_picked":["CutThroughFate","PathToVictory"],"picked":"DeusExMachina","floor":8},{"not_picked":["Crescendo","WreathOfFlame"],"picked":"ThirdEye","floor":12},{"not_picked":["BattleHymn","Meditate"],"picked":"SignatureMove","floor":14},{"not_picked":["Scrawl","ConjureBlade"],"picked":"DevaForm","floor":16},{"not_picked":["SashWhip","BowlingBash"],"picked":"WheelKick","floor":18},{"not_picked":["CutThroughFate","Crescendo","ThirdEye"],"picked":"SKIP","floor":20},{"not_picked":["EmptyBody","Crescendo","CutThroughFate"],"picked":"SKIP","floor":21},{"not_picked":["EmptyBody","Crescendo","CutThroughFate"],"picked":"SKIP","floor":21},{"not_picked":["BowlingBash","EmptyMind","JustLucky"],"picked":"SKIP","floor":22},{"not_picked":["ThirdEye","ForeignInfluence"],"picked":"Scrawl","floor":23},{"not_picked":["SignatureMove","SashWhip","EmptyFist"],"picked":"SKIP","floor":25}],"player_experience":1127136,"relics_obtained":[{"floor":6.0,"key":"Girya"},{"floor":8,"key":"Ginger"},{"floor":9,"key":"Calipers"},{"floor":12,"key":"Gremlin Horn"},{"floor":23,"key":"Pear"},{"floor":25,"key":"TeardropLocket"},{"floor":26,"key":"Kunai"}],"event_choices":[{"damage_healed":0.0,"max_hp_gain":0.0,"max_hp_loss":0.0,"gold_gain":0.0,"event_name":"Accursed Blacksmith","player_choice":"Rummage","floor":2.0,"gold_loss":0.0,"damage_taken":0.0,"relics_obtained":["WarpedTongs"],"cards_obtained":["Pain"]},{"damage_healed":0.0,"max_hp_gain":5.0,"max_hp_loss":0.0,"gold_gain":0.0,"event_name":"Big Fish","player_choice":"Donut","floor":5.0,"gold_loss":0.0,"damage_taken":0.0},{"damage_healed":0,"gold_gain":0,"player_choice":"Ignored","damage_taken":0,"max_hp_gain":0,"max_hp_loss":0,"event_name":"Shining Light","floor":11,"gold_loss":0},{"damage_healed":0,"gold_gain":0,"player_choice":"Ignored","damage_taken":0,"max_hp_gain":0,"max_hp_loss":0,"event_name":"N\u0027loth","floor":19,"gold_loss":0},{"damage_healed":0,"gold_gain":275,"player_choice":"Desecrate","damage_taken":0,"max_hp_gain":0,"max_hp_loss":0,"event_name":"Golden Shrine","floor":27,"gold_loss":0,"cards_obtained":["Regret"]}],"is_beta":true,"boss_relics":[{"not_picked":["Velvet Choker","Ectoplasm"],"picked":"Philosopher\u0027s Stone"}],"items_purged_floors":[10],"is_endless":false,"potions_floor_spawned":[6,12,14,18,20,25],"killed_by":"Book of Stabbing","ascension_level":20}}