{"host":"xje8igj95tvh9ehd","time":1610191584,"event":{"mods":["BaseMod","Colored Map","Colored Powertips","Downfall","Infinite Spire","Marisa£®ÏF”Í°°ƒß¿Ì…≥£©","Minty Spire (QoL Compilation)","Replay The Spire","StSLib","SuperFastMode","The Bug Knight","The Construct","The Runesmith","The Servant 0.9.4","[IsaacMod]“‘»ˆº‚À˛"],"gold_per_floor":[112,131,206,221,231,231,250,272,323,369,369,431,431,458,458,493,493],"floor_reached":16,"playtime":470,"items_purged":[],"score":92,"play_id":"23fe35e1-ac2f-4627-89d5-95c7d0b03348","local_time":"20210109192624","is_ascension_mode":false,"campfire_choices":[{"data":"Flex","floor":6,"key":"SMITH"},{"data":"Replay:Many Hands","floor":11,"key":"SMITH"},{"data":"Replay:Many Hands","floor":15,"key":"SMITH"}],"circlet_count":0,"master_deck":["Strike_R","Strike_R","Strike_R","Strike_R","Strike_R","Defend_R","Defend_R","Defend_R","Defend_R","Bash","Battle Trance","Sword Boomerang","Flex+1","Replay:Many Hands+1","Replay:Many Hands+1"],"relics":["Burning Blood","HushsDoor","KeepersGift","Odd Mushroom","Runesmith:AutoHammer","SalivaCoin","HollowMod:LifeEnderRelic"],"acts_visited":["Exordium"],"potions_floor_usage":[12],"damage_taken":[{"damage":13,"enemies":"Small Slimes","floor":1,"turns":4},{"damage":6,"enemies":"Cultist","floor":2,"turns":3},{"damage":11,"enemies":"2 Louse","floor":4,"turns":3},{"damage":20,"enemies":"Looter","floor":5,"turns":3},{"damage":19,"enemies":"Blue Slaver","floor":7,"turns":3},{"damage":25,"enemies":"The Mushroom Lair","floor":8,"turns":4},{"damage":14,"enemies":"Gremlin Nob","floor":12,"turns":3},{"damage":5,"enemies":"3 Louse","floor":14,"turns":2},{"damage":31,"enemies":"The Guardian","floor":16,"turns":5}],"seed_played":"-7580657179854605087","potions_obtained":[{"floor":5,"key":"champ:CounterPotion"},{"floor":7,"key":"Venom Potion"},{"floor":8,"key":"BloodPotion"}],"is_trial":false,"path_per_floor":["M","M","?","M","M","R","M","?","T","T","R","?","?","M","R","B"],"character_chosen":"IRONCLAD","items_purchased":[],"campfire_rested":0,"item_purchase_floors":[],"current_hp_per_floor":[81,81,70,65,51,51,38,19,19,19,19,28,28,29,29,0,0],"gold":493,"neow_bonus":"TEN_PERCENT_HP_BONUS","is_daily":false,"chose_seed":false,"campfire_upgraded":3,"win_rate":0.0,"timestamp":1610191584,"path_taken":["M","M","?","?","M","R","?","?","T","?","R","?","?","?","R","BOSS"],"items_purchased_type":[],"build_version":"2020-12-22","purchased_purges":0,"victory":false,"max_hp_per_floor":[88,88,88,88,88,88,88,88,88,88,88,88,88,88,88,88,88],"card_choices":[{"not_picked":["Replay:Undeath\u0027s Touch","Abandon","Uppercut"],"picked":"SKIP","floor":1},{"not_picked":["Replay:Undeath\u0027s Touch","Pommel Strike"],"picked":"Battle Trance","floor":2},{"not_picked":["Bomb","Iron Wave"],"picked":"Sword Boomerang","floor":4},{"not_picked":["Burning Pact","Ghostly Armor"],"picked":"Flex","floor":5},{"not_picked":["ReplayTheSpireMod:Strike From Hell","Bomb"],"picked":"Replay:Many Hands","floor":7},{"not_picked":["Wild Strike","Sever Soul"],"picked":"Replay:Many Hands","floor":14}],"player_experience":40402,"relics_obtained":[{"floor":8,"key":"Odd Mushroom"},{"floor":9,"key":"Runesmith:AutoHammer"},{"floor":10,"key":"SalivaCoin"},{"floor":12,"key":"HollowMod:LifeEnderRelic"}],"event_choices":[{"damage_healed":0,"gold_gain":75,"player_choice":"Gather Gold","damage_taken":11,"max_hp_gain":0,"max_hp_loss":0,"event_name":"World of Goop","floor":3,"gold_loss":0},{"damage_healed":0,"gold_gain":0,"player_choice":"Fought Mushrooms","damage_taken":0,"max_hp_gain":0,"max_hp_loss":0,"event_name":"Mushrooms","floor":8,"gold_loss":0},{"damage_healed":0,"gold_gain":30,"player_choice":"Searched \u00273\u0027 times","damage_taken":0,"max_hp_gain":0,"max_hp_loss":0,"event_name":"Dead Adventurer","floor":12,"gold_loss":0}],"is_beta":false,"boss_relics":[],"items_purged_floors":[],"is_endless":false,"potions_floor_spawned":[5,7,8],"killed_by":"The Guardian","ascension_level":0}}