{"host":"9tzam4717zt8ei1o","time":1610205216,"event":{"mods":["BaseMod","Colored Map","Keyboard Shortcuts","Minty Spire (QoL Compilation)","Quick Restart","StSLib","SuperFastMode"],"gold_per_floor":[109,34,34,45,45,78,92,112,112,123,123,138,164,182,182,259,259,269,10,10,10,21,21,37,37,37],"floor_reached":25,"playtime":636,"items_purged":["Strike_G"],"score":480,"play_id":"da2b8575-a808-41f5-9936-0f62ed80825a","local_time":"20210110001336","is_ascension_mode":true,"campfire_choices":[{"data":"Calculated Gamble","floor":11.0,"key":"SMITH"},{"data":"Prepared","floor":15.0,"key":"SMITH"},{"data":"Eviscerate","floor":23.0,"key":"SMITH"}],"circlet_count":0,"master_deck":["AscendersBane","Strike_G","Strike_G","Defend_G","Defend_G","Defend_G","Defend_G","Defend_G","Survivor","Neutralize+1","Calculated Gamble+1","Blade Dance","Die Die Die","Eviscerate+1","Reflex","Prepared+1","Purity","Blur"],"relics":["Ring of the Snake","NeowsBlessing","Orichalcum","Paper Crane","Torii","Philosopher\u0027s Stone"],"acts_visited":["Exordium","TheCity"],"potions_floor_usage":[],"damage_taken":[{"damage":0.0,"enemies":"Small Slimes","floor":1.0,"turns":2.0},{"damage":0.0,"enemies":"Jaw Worm","floor":4.0,"turns":1.0},{"damage":0.0,"enemies":"Lagavulin","floor":6.0,"turns":1.0},{"damage":0.0,"enemies":"Cultist","floor":7.0,"turns":3.0},{"damage":0.0,"enemies":"Exordium Wildlife","floor":8.0,"turns":2.0},{"damage":1.0,"enemies":"3 Louse","floor":10.0,"turns":2.0},{"damage":0.0,"enemies":"Lots of Slimes","floor":12.0,"turns":1.0},{"damage":11.0,"enemies":"3 Sentries","floor":13.0,"turns":7.0},{"damage":2.0,"enemies":"2 Fungi Beasts","floor":14.0,"turns":4.0},{"damage":47.0,"enemies":"Hexaghost","floor":16.0,"turns":15.0},{"damage":11.0,"enemies":"Shell Parasite","floor":18.0,"turns":7.0},{"damage":20.0,"enemies":"3 Byrds","floor":22.0,"turns":7.0},{"damage":11.0,"enemies":"Snake Plant","floor":24.0,"turns":5.0},{"damage":32,"enemies":"Cultist and Chosen","floor":25,"turns":3}],"seed_played":"7523652886641874455","potions_obtained":[{"floor":1.0,"key":"Regen Potion"},{"floor":4.0,"key":"Energy Potion"},{"floor":22.0,"key":"Dexterity Potion"}],"is_trial":false,"path_per_floor":["M","?","?","M","$","E","M","M","T","M","R","M","E","M","R","B",null,"M","$","?","?","M","R","M","M"],"character_chosen":"THE_SILENT","items_purchased":["Purity","Blur"],"campfire_rested":0,"item_purchase_floors":[19,19],"current_hp_per_floor":[59,59,59,59,59,59,59,59,59,58,58,58,47,45,45,13,53,42,42,42,42,22,22,11,0,0],"gold":37,"neow_bonus":"THREE_ENEMY_KILL","is_daily":false,"chose_seed":false,"campfire_upgraded":3,"win_rate":0.0,"timestamp":1610205216,"path_taken":["M","?","?","M","$","E","M","M","T","M","R","?","E","M","R","BOSS","M","$","?","?","M","R","M","?"],"items_purchased_type":["Card","Card"],"build_version":"2020-12-22","purchased_purges":1,"victory":false,"max_hp_per_floor":[66,66,66,66,66,66,66,66,66,66,66,66,66,66,66,66,66,66,66,66,66,66,66,66,66,66],"card_choices":[{"not_picked":["Quick Slash","Prepared"],"picked":"Calculated Gamble","floor":1.0},{"not_picked":["Underhanded Strike","Outmaneuver"],"picked":"Blade Dance","floor":4.0},{"not_picked":["Slice","Predator"],"picked":"Die Die Die","floor":6.0},{"not_picked":["Deflect","Dagger Spray"],"picked":"Eviscerate","floor":7.0},{"not_picked":["Flying Knee","Prepared"],"picked":"Reflex","floor":8.0},{"not_picked":["Deadly Poison","Expertise","Poisoned Stab"],"picked":"SKIP","floor":10.0},{"not_picked":["Dagger Spray","Deflect","Heel Hook"],"picked":"SKIP","floor":12.0},{"not_picked":["Riddle With Holes","Choke","Bullet Time"],"picked":"SKIP","floor":13.0},{"not_picked":["Deadly Poison","Leg Sweep"],"picked":"Prepared","floor":14.0},{"not_picked":["Sucker Punch+1","Slice","Dagger Throw+1"],"picked":"SKIP","floor":18.0},{"not_picked":["Flying Knee","Deflect","Sucker Punch"],"picked":"SKIP","floor":22.0},{"not_picked":["Finisher","Underhanded Strike","Flying Knee"],"picked":"SKIP","floor":24.0}],"player_experience":170709,"relics_obtained":[{"floor":6.0,"key":"Orichalcum"},{"floor":9.0,"key":"Paper Crane"},{"floor":13.0,"key":"Torii"}],"event_choices":[{"cards_removed":["Strike_G"],"damage_healed":0.0,"max_hp_gain":0.0,"max_hp_loss":0.0,"gold_gain":0.0,"event_name":"The Cleric","player_choice":"Card Removal","floor":2.0,"gold_loss":75.0,"damage_taken":0.0},{"damage_healed":0.0,"max_hp_gain":0.0,"max_hp_loss":0.0,"gold_gain":0.0,"event_name":"Upgrade Shrine","player_choice":"Upgraded","floor":3.0,"gold_loss":0.0,"damage_taken":0.0,"cards_upgraded":["Neutralize"]},{"damage_healed":0.0,"max_hp_gain":0.0,"max_hp_loss":0.0,"gold_gain":0.0,"event_name":"Ghosts","player_choice":"Ignored","floor":20.0,"gold_loss":0.0,"damage_taken":0.0},{"cards_removed":["Strike_G"],"damage_healed":0.0,"max_hp_gain":0.0,"max_hp_loss":0.0,"gold_gain":0.0,"event_name":"Bonfire Elementals","player_choice":"Offered Basic","floor":21.0,"gold_loss":0.0,"damage_taken":0.0}],"is_beta":false,"boss_relics":[{"not_picked":["Tiny House","Ring of the Serpent"],"picked":"Philosopher\u0027s Stone"}],"items_purged_floors":[19],"is_endless":false,"potions_floor_spawned":[1,4,6,12,22],"killed_by":"Cultist and Chosen","ascension_level":20}}