{"host":"ixbvfs3so5a39bhe","time":1610174241,"event":{"mods":["BaseMod","Downfall","Minty Spire (QoL Compilation)","Quick Restart","StSLib"],"gold_per_floor":[112,112,112,124,124,124,155,211,211,211,255,279,279,319,319,433,433,452,296,296,306,306,331,331,331,331,331,345,382,382,396,396,509,509,533,533,542,542,444,469,538,554,608,608,630,668,693,731,731,731,731,731,18,46,46],"floor_reached":56,"playtime":3339,"items_purged":["Writhe"],"score":1388,"play_id":"5a2f1f7e-bfe5-4d64-b664-3b474ef02802","local_time":"20210109143721","is_ascension_mode":true,"campfire_choices":[{"floor":6.0,"key":"RECALL"},{"data":"Metallicize","floor":15.0,"key":"SMITH"},{"data":"Demon Form","floor":24,"key":"SMITH"},{"data":"Rage","floor":30,"key":"SMITH"},{"data":"Reaper","floor":32,"key":"SMITH"},{"data":"Thunderclap","floor":44,"key":"SMITH"},{"data":"Heavy Blade","floor":49,"key":"SMITH"},{"data":"Iron Wave","floor":52,"key":"SMITH"}],"circlet_count":0,"master_deck":["Strike_R","Strike_R","Strike_R+1","Strike_R","Strike_R","Defend_R","Defend_R","Defend_R","Defend_R","Iron Wave+1","Rage+1","Inflame+1","Reaper+1","Metallicize+1","Thunderclap+1","Demon Form+1","Iron Wave+1","Limit Break+1","Heavy Blade+1","Heavy Blade+1","Anger","Bloodletting+1","Dropkick+1","Dark Shackles"],"relics":["Burning Blood","NeowsBlessing","Matryoshka","Boot","Bottled Flame","Tiny Chest","CeramicFish","Orichalcum","Gambling Chip","Black Star","Juzu Bracelet","Happy Flower","FossilizedHelix","The Courier","Bird Faced Urn","Bag of Marbles","MutagenicStrength","Sundial","Akabeko","Sozu","Regal Pillow","Strawberry","Mummified Hand","Lantern","Meat on the Bone","Whetstone","Mercury Hourglass","Kunai","Magic Flower","Toy Ornithopter","Lizard Tail","TungstenRod","Art of War","Bronze Scales","InkBottle"],"acts_visited":["Exordium","TheCity","TheBeyond","TheEnding"],"potions_floor_usage":[23,31,33,55],"damage_taken":[{"damage":0.0,"enemies":"Cultist","floor":1.0,"turns":1.0},{"damage":0.0,"enemies":"Small Slimes","floor":4.0,"turns":1.0},{"damage":0.0,"enemies":"Gremlin Nob","floor":7.0,"turns":1.0},{"damage":41.0,"enemies":"3 Sentries","floor":8.0,"turns":12.0},{"damage":31.0,"enemies":"Lagavulin","floor":11.0,"turns":5.0},{"damage":5.0,"enemies":"Jaw Worm","floor":12.0,"turns":4.0},{"damage":11.0,"enemies":"3 Sentries","floor":14.0,"turns":8.0},{"damage":41.0,"enemies":"Slime Boss","floor":16.0,"turns":13.0},{"damage":34.0,"enemies":"3 Byrds","floor":18.0,"turns":5.0},{"damage":11.0,"enemies":"Spheric Guardian","floor":21.0,"turns":5.0},{"damage":9,"enemies":"Gremlin Leader","floor":23,"turns":5},{"damage":33,"enemies":"Snake Plant","floor":28,"turns":5},{"damage":42,"enemies":"Book of Stabbing","floor":29,"turns":6},{"damage":36,"enemies":"Shelled Parasite and Fungi","floor":31,"turns":7},{"damage":65,"enemies":"Automaton","floor":33,"turns":9},{"damage":19,"enemies":"3 Shapes","floor":35,"turns":4},{"damage":21,"enemies":"Reptomancer","floor":40,"turns":5},{"damage":8,"enemies":"3 Darklings","floor":42,"turns":4},{"damage":10,"enemies":"Spire Growth","floor":45,"turns":4},{"damage":40,"enemies":"Nemesis","floor":46,"turns":5},{"damage":11,"enemies":"4 Shapes","floor":47,"turns":3},{"damage":20,"enemies":"Reptomancer","floor":48,"turns":5},{"damage":60,"enemies":"Awakened One","floor":50,"turns":6},{"damage":63,"enemies":"Shield and Spear","floor":54,"turns":6},{"damage":119,"enemies":"The Heart","floor":55,"turns":7}],"seed_played":"-9101143817588081642","potions_obtained":[{"floor":1.0,"key":"DuplicationPotion"},{"floor":8.0,"key":"LiquidBronze"},{"floor":12.0,"key":"BloodPotion"},{"floor":16.0,"key":"Dexterity Potion"},{"floor":18.0,"key":"hexamod:EctoCoolerPotion"},{"floor":33,"key":"SteroidPotion"}],"is_trial":false,"path_per_floor":["M","T","$","M","$","R","E","?","T","?","E","M","?","E","R","B",null,"M","$","T","M","?","E","R","T","T","?","M","E","R","M","R","B",null,"M","T","?","?","?","E","T","M","T","R","M","E","M","E","R","B",null,"R","$","E","B",null],"character_chosen":"IRONCLAD","items_purchased":["Juzu Bracelet","Lizard Tail","TungstenRod","Art of War","Dark Shackles"],"campfire_rested":0,"item_purchase_floors":[19,53,53,53,53],"current_hp_per_floor":[80,80,80,80,80,80,80,45,45,45,20,21,14,39,39,18,80,66,66,66,61,61,80,80,80,80,80,59,29,29,21,21,8,80,67,67,80,80,87,72,72,87,87,87,85,53,70,62,62,38,87,87,87,54,81],"gold":46,"neow_bonus":"THREE_ENEMY_KILL","is_daily":false,"chose_seed":false,"campfire_upgraded":7,"win_rate":0.0,"timestamp":1610174241,"path_taken":["M","?","$","M","$","R","E","?","T","?","E","?","?","E","R","BOSS","M","$","?","M","?","E","R","?","T","?","M","E","R","M","R","BOSS","M","?","?","?","?","E","?","M","T","R","M","E","M","E","R","BOSS","R","$","E","BOSS"],"items_purchased_type":["Relic","Relic","Relic","Relic","Card"],"build_version":"2020-12-22","purchased_purges":1,"victory":true,"max_hp_per_floor":[80,80,80,80,80,80,80,80,80,80,80,80,80,80,80,80,80,80,80,80,80,80,80,80,80,80,80,80,80,80,80,80,80,80,80,80,80,80,87,87,87,87,87,87,87,87,87,87,87,87,87,87,87,87,87],"card_choices":[{"not_picked":["Power Through","True Grit"],"picked":"Iron Wave","floor":1.0},{"not_picked":["Battle Trance","True Grit"],"picked":"Rage","floor":4.0},{"not_picked":["Fire Breathing","Headbutt"],"picked":"Inflame","floor":7.0},{"not_picked":["True Grit","Perfected Strike"],"picked":"Reaper","floor":11.0},{"not_picked":["Sever Soul","Entrench"],"picked":"Metallicize","floor":12.0},{"not_picked":["Searing Blow","Perfected Strike"],"picked":"Thunderclap","floor":14.0},{"not_picked":["Brutality","Corruption"],"picked":"Demon Form","floor":16.0},{"not_picked":["Whirlwind","Uppercut","Intimidate"],"picked":"SKIP","floor":18.0},{"not_picked":["Wild Strike+1","Shrug It Off","Twin Strike"],"picked":"SKIP","floor":21.0},{"not_picked":["Evolve","Juggernaut","Twin Strike"],"picked":"SKIP","floor":23},{"not_picked":["Evolve","Juggernaut","Twin Strike"],"picked":"SKIP","floor":23},{"not_picked":["Thunderclap","Ghostly Armor","Flex"],"picked":"SKIP","floor":28},{"not_picked":["Clash","Pommel Strike"],"picked":"Iron Wave","floor":29},{"not_picked":["Burning Pact+1","Clash+1","Clothesline"],"picked":"SKIP","floor":31},{"not_picked":["Brutality","Corruption"],"picked":"Limit Break","floor":33},{"not_picked":["Sword Boomerang","Flex+1"],"picked":"Heavy Blade+1","floor":35},{"not_picked":["Infernal Blade","Spot Weakness","Pummel+1"],"picked":"SKIP","floor":40},{"not_picked":["Clash+1","Wild Strike","Sword Boomerang+1"],"picked":"SKIP","floor":42},{"not_picked":["Cleave+1","Disarm+1"],"picked":"Heavy Blade","floor":45},{"not_picked":["Clash","Battle Trance"],"picked":"Anger","floor":46},{"not_picked":["Wild Strike","Warcry"],"picked":"Bloodletting+1","floor":47},{"not_picked":["Pommel Strike","Wild Strike"],"picked":"Dropkick+1","floor":48},{"not_picked":["Dark Embrace","Whirlwind","Sword Boomerang+1"],"picked":"SKIP","floor":54}],"player_experience":145719,"relics_obtained":[{"floor":2.0,"key":"Matryoshka"},{"floor":7.0,"key":"Boot"},{"floor":8.0,"key":"Bottled Flame"},{"floor":9.0,"key":"Tiny Chest"},{"floor":9.0,"key":"CeramicFish"},{"floor":11.0,"key":"Orichalcum"},{"floor":14.0,"key":"Gambling Chip"},{"floor":20.0,"key":"Happy Flower"},{"floor":20.0,"key":"FossilizedHelix"},{"floor":23,"key":"The Courier"},{"floor":23,"key":"Bird Faced Urn"},{"floor":25,"key":"Bag of Marbles"},{"floor":29,"key":"Sundial"},{"floor":29,"key":"Akabeko"},{"floor":36,"key":"Regal Pillow"},{"floor":40,"key":"Mummified Hand"},{"floor":40,"key":"Lantern"},{"floor":41,"key":"Meat on the Bone"},{"floor":43,"key":"Whetstone"},{"floor":46,"key":"Mercury Hourglass"},{"floor":46,"key":"Kunai"},{"floor":48,"key":"Magic Flower"},{"floor":48,"key":"Toy Ornithopter"},{"floor":54,"key":"Bronze Scales"},{"floor":54,"key":"InkBottle"}],"event_choices":[{"damage_healed":0.0,"max_hp_gain":0.0,"max_hp_loss":0.0,"gold_gain":30.0,"event_name":"Dead Adventurer","player_choice":"Searched \u00272\u0027 times","floor":8.0,"gold_loss":0.0,"damage_taken":0.0},{"damage_healed":0.0,"max_hp_gain":0.0,"max_hp_loss":0.0,"gold_gain":0.0,"event_name":"Accursed Blacksmith","player_choice":"Forge","floor":10.0,"gold_loss":0.0,"damage_taken":0.0,"cards_upgraded":["Inflame"]},{"cards_removed":["Bash"],"damage_healed":0.0,"max_hp_gain":0.0,"max_hp_loss":0.0,"gold_gain":0.0,"event_name":"Golden Wing","player_choice":"Card Removal","floor":13.0,"gold_loss":0.0,"damage_taken":7.0},{"damage_healed":0.0,"max_hp_gain":0.0,"max_hp_loss":0.0,"gold_gain":0.0,"event_name":"Cursed Tome","player_choice":"Ignored","floor":22.0,"gold_loss":0.0,"damage_taken":0.0},{"damage_healed":0,"gold_gain":0,"player_choice":"Inject Mutagens","damage_taken":0,"relics_obtained":["MutagenicStrength"],"max_hp_gain":0,"max_hp_loss":0,"event_name":"Drug Dealer","floor":27,"gold_loss":0},{"damage_healed":20,"gold_gain":0,"player_choice":"Writhe","damage_taken":0,"max_hp_gain":0,"max_hp_loss":0,"event_name":"Winding Halls","floor":37,"gold_loss":0,"cards_obtained":["Writhe"]},{"damage_healed":0,"gold_gain":0,"player_choice":"Upgraded","damage_taken":0,"max_hp_gain":0,"max_hp_loss":0,"event_name":"Upgrade Shrine","floor":38,"gold_loss":0,"cards_upgraded":["Limit Break"]},{"damage_healed":0,"gold_gain":0,"player_choice":"Paid Gold","damage_taken":0,"relics_obtained":["Strawberry"],"max_hp_gain":0,"max_hp_loss":0,"event_name":"WeMeetAgain","floor":39,"gold_loss":98}],"is_beta":false,"boss_relics":[{"not_picked":["Calling Bell","Runic Pyramid"],"picked":"Black Star"},{"not_picked":["Tiny House","Fusion Hammer"],"picked":"Sozu"}],"items_purged_floors":[53],"is_endless":false,"potions_floor_spawned":[1,8,12,16,18,33,35,40,45,54],"ascension_level":1}}