{"host":"dhv3u8yhd2rnugsp","time":1610233795,"event":{"mods":["BaseMod","Block Reminder","Colored Map","Googly Eyes","Highlight Path","Minty Spire (QoL Compilation)","Permanent Neow","Quick Restart","Random Character Button","StSLib"],"gold_per_floor":[113,113,188,200,31,31,47,47,72,72,89,124,0,12,12,90,90,107,107,157,82,82,82],"floor_reached":22,"playtime":639,"items_purged":[],"score":383,"play_id":"ab2fbbc8-79db-4e68-8eea-37ccef023469","local_time":"20210109170955","is_ascension_mode":true,"campfire_choices":[{"data":"LessonLearned","floor":6.0,"key":"SMITH"},{"floor":8.0,"key":"REST"},{"data":"Consecrate","floor":10.0,"key":"SMITH"},{"data":"Tantrum","floor":15.0,"key":"SMITH"}],"circlet_count":0,"master_deck":["AscendersBane","Strike_P+1","Strike_P+1","Defend_P+1","Defend_P+1","Defend_P+1","Defend_P+1","Eruption","Vigilance","FlyingSleeves+1","Consecrate+1","LessonLearned+1","Indignation","Tantrum+1","Halt","CutThroughFate","Flash of Steel","Adaptation","DevaForm","FlurryOfBlows+1"],"relics":["Philosopher\u0027s Stone","Akabeko","Nunchaku","VioletLotus"],"acts_visited":["Exordium","TheCity"],"potions_floor_usage":[],"damage_taken":[{"damage":16.0,"enemies":"2 Louse","floor":1.0,"turns":3.0},{"damage":0.0,"enemies":"Small Slimes","floor":4.0,"turns":2.0},{"damage":0.0,"enemies":"Jaw Worm","floor":7.0,"turns":2.0},{"damage":8.0,"enemies":"Exordium Wildlife","floor":11.0,"turns":3.0},{"damage":0.0,"enemies":"Lagavulin","floor":12.0,"turns":4.0},{"damage":0.0,"enemies":"2 Fungi Beasts","floor":14.0,"turns":2.0},{"damage":37.0,"enemies":"The Guardian","floor":16.0,"turns":5.0},{"damage":36.0,"enemies":"Shell Parasite","floor":18.0,"turns":4.0},{"damage":17,"enemies":"3 Byrds","floor":22,"turns":2}],"seed_played":"8888195830006289084","potions_obtained":[{"floor":1.0,"key":"Explosive Potion"},{"floor":4.0,"key":"BlessingOfTheForge"},{"floor":11.0,"key":"Strength Potion"},{"floor":18.0,"key":"CultistPotion"}],"is_trial":false,"path_per_floor":["M","?","?","M","$","R","M","R","T","R","M","E","$","M","R","B",null,"M","?","?","?","M"],"character_chosen":"WATCHER","items_purchased":["LessonLearned","CutThroughFate","Flash of Steel"],"campfire_rested":1,"item_purchase_floors":[5,13,13],"current_hp_per_floor":[45,38,27,27,27,27,27,47,47,47,39,39,39,39,39,2,52,16,16,16,16,0,0],"gold":82,"neow_bonus":"BOSS_RELIC","is_daily":false,"chose_seed":false,"campfire_upgraded":3,"win_rate":0.0,"timestamp":1610233795,"path_taken":["M","?","?","M","$","R","M","R","T","R","M","E","?","M","R","BOSS","M","?","?","?","M"],"items_purchased_type":["Card","Card","Card"],"build_version":"2020-12-22","purchased_purges":0,"victory":false,"max_hp_per_floor":[68,68,68,68,68,68,68,68,68,68,68,68,68,68,68,68,68,68,68,68,68,68,68],"card_choices":[{"not_picked":["Protect","WaveOfTheHand"],"picked":"FlyingSleeves","floor":1.0},{"not_picked":["FlyingSleeves","Prostrate"],"picked":"Consecrate","floor":4.0},{"not_picked":["Pray","MentalFortress"],"picked":"Indignation","floor":7.0},{"not_picked":["Swivel","Conclude"],"picked":"Tantrum","floor":11.0},{"not_picked":["DeceiveReality","Brilliance"],"picked":"Halt","floor":12.0},{"not_picked":["Protect","Evaluate"],"picked":"Adaptation","floor":14.0},{"not_picked":["LessonLearned","Brilliance"],"picked":"DevaForm","floor":16.0},{"not_picked":["Prostrate","Consecrate"],"picked":"FlurryOfBlows+1","floor":18.0}],"player_experience":1633537,"relics_obtained":[{"floor":9.0,"key":"Akabeko"},{"floor":12.0,"key":"Nunchaku"}],"event_choices":[{"cards_removed":["Strike_P"],"damage_healed":0.0,"max_hp_gain":0.0,"max_hp_loss":0.0,"gold_gain":0.0,"event_name":"Golden Wing","player_choice":"Card Removal","floor":2.0,"gold_loss":0.0,"damage_taken":7.0},{"damage_healed":0.0,"max_hp_gain":0.0,"max_hp_loss":0.0,"gold_gain":75.0,"event_name":"World of Goop","player_choice":"Gather Gold","floor":3.0,"gold_loss":0.0,"damage_taken":11.0},{"damage_healed":0.0,"max_hp_gain":0.0,"max_hp_loss":0.0,"gold_gain":0.0,"event_name":"Back to Basics","player_choice":"Simplicity","floor":19.0,"gold_loss":0.0,"damage_taken":0.0,"cards_upgraded":["Strike_P","Defend_P","Defend_P","Defend_P","Defend_P"]},{"damage_healed":0.0,"max_hp_gain":0.0,"max_hp_loss":0.0,"gold_gain":50.0,"event_name":"Nest","player_choice":"Stole From Cult","floor":20.0,"gold_loss":0.0,"damage_taken":0.0},{"cards_removed":["Strike_P"],"damage_healed":0.0,"max_hp_gain":0.0,"max_hp_loss":0.0,"gold_gain":0.0,"event_name":"Beggar","player_choice":"Gave Gold","floor":21.0,"gold_loss":75.0,"damage_taken":0.0}],"is_beta":false,"boss_relics":[{"not_picked":["Velvet Choker","Runic Dome"],"picked":"VioletLotus"}],"items_purged_floors":[],"is_endless":false,"potions_floor_spawned":[1,4,7,11,18],"killed_by":"3 Byrds","ascension_level":17}}