{"host":"tw71e6tbbdk6nymt","time":1610221557,"event":{"mods":["Aspiration","BaseMod","Minty Spire (QoL Compilation)","StSLib"],"gold_per_floor":[362,537,121,121,146,184,184,197,221,265,313,358,384,431,443,579,591,623,635,647,678,709,721,753,798,888,454,454,454,206,216,216,314,314,332,382,382,382,402,402,435,435,515,526,559,22,39,55,55,55,55,55,15,15,15],"floor_reached":54,"playtime":3614,"items_purged":["Doubt","Strike_R","Strike_R"],"score":1104,"play_id":"f3c83b35-46d3-4dd9-952e-5e031da16b3b","local_time":"20210110034557","is_ascension_mode":true,"campfire_choices":[{"data":"Whirlwind","floor":7,"key":"SMITH"},{"data":"Havoc","floor":15,"key":"SMITH"},{"data":"Bloodletting","floor":23,"key":"SMITH"},{"floor":29,"key":"RECALL"},{"data":"Blood for Blood","floor":32,"key":"SMITH"},{"data":"Discovery","floor":40,"key":"SMITH"},{"data":"Dark Embrace","floor":42,"key":"SMITH"},{"data":"Pommel Strike","floor":49,"key":"SMITH"},{"data":"Fiend Fire","floor":52,"key":"SMITH"}],"circlet_count":0,"master_deck":["Strike_R","Strike_R","Strike_R","Defend_R","Defend_R","Defend_R","Defend_R+1","Pummel","Shrug It Off","Injury","Cleave","Whirlwind+1","Thunderclap","Havoc+1","Headbutt","Iron Wave","Pommel Strike+1","Evolve","Fiend Fire+1","Shrug It Off+1","Fiend Fire","Dark Embrace+1","Bloodletting+1","Blood for Blood+1","Shockwave+1","Discovery+1","RitualDagger","Reaper","Havoc+1","Armaments+1","Feel No Pain+1","Metallicize+1","Rupture","Havoc+1","Feel No Pain"],"relics":["Burning Blood","FossilizedHelix","Bloody Idol","Dead Branch","Centennial Puzzle","MawBank","Odd Mushroom","White Beast Statue","Happy Flower","Runic Pyramid","Gremlin Horn","Self Forming Clay","Pen Nib","aspiration:HummingbirdHeart","aspiration:SecretTechniqueScroll","Bird Faced Urn","Strawberry","War Paint","Lantern","Kunai"],"acts_visited":["Exordium","TheCity","TheBeyond","TheEnding"],"potions_floor_usage":[6,12,14,14,16,18,22,25,25,33,35,36,39,41,44,45,47,50,50,54],"damage_taken":[{"damage":5,"enemies":"Small Slimes","floor":1,"turns":4},{"damage":0,"enemies":"Jaw Worm","floor":5,"turns":4},{"damage":17,"enemies":"3 Sentries","floor":6,"turns":6},{"damage":0,"enemies":"2 Louse","floor":8,"turns":2},{"damage":8,"enemies":"Gremlin Nob","floor":10,"turns":4},{"damage":0,"enemies":"The Mushroom Lair","floor":11,"turns":2},{"damage":2,"enemies":"Lagavulin","floor":12,"turns":6},{"damage":1,"enemies":"Blue Slaver","floor":13,"turns":4},{"damage":0,"enemies":"Gremlin Nob","floor":14,"turns":3},{"damage":0,"enemies":"Slime Boss","floor":16,"turns":4},{"damage":0,"enemies":"Shell Parasite","floor":18,"turns":3},{"damage":0,"enemies":"3 Byrds","floor":21,"turns":2},{"damage":12,"enemies":"Shelled Parasite and Fungi","floor":22,"turns":4},{"damage":14,"enemies":"Chosen and Byrds","floor":24,"turns":6},{"damage":6,"enemies":"Gremlin Leader","floor":25,"turns":2},{"damage":2,"enemies":"Snecko","floor":31,"turns":2},{"damage":40,"enemies":"Automaton","floor":33,"turns":5},{"damage":10,"enemies":"3 Shapes","floor":35,"turns":2},{"damage":43,"enemies":"2 Orb Walkers","floor":36,"turns":4},{"damage":3,"enemies":"3 Darklings","floor":39,"turns":4},{"damage":18,"enemies":"Giant Head","floor":41,"turns":6},{"damage":0,"enemies":"Spire Growth","floor":44,"turns":4},{"damage":0,"enemies":"Reptomancer","floor":45,"turns":2},{"damage":0,"enemies":"Sphere and 2 Shapes","floor":47,"turns":3},{"damage":0,"enemies":"Jaw Worm Horde","floor":48,"turns":1},{"damage":21,"enemies":"Time Eater","floor":50,"turns":4},{"damage":125,"enemies":"Shield and Spear","floor":54,"turns":6}],"seed_played":"-6005298647659116025","potions_obtained":[{"floor":5,"key":"Explosive Potion"},{"floor":10,"key":"Swift Potion"},{"floor":11,"key":"Strength Potion"},{"floor":13,"key":"Energy Potion"},{"floor":14,"key":"Fire Potion"},{"floor":16,"key":"SneckoOil"},{"floor":18,"key":"DuplicationPotion"},{"floor":21,"key":"Regen Potion"},{"floor":22,"key":"SkillPotion"},{"floor":24,"key":"PowerPotion"},{"floor":25,"key":"LiquidMemories"},{"floor":31,"key":"Ancient Potion"},{"floor":33,"key":"Explosive Potion"},{"floor":35,"key":"PowerPotion"},{"floor":36,"key":"DistilledChaos"},{"floor":39,"key":"Ancient Potion"},{"floor":41,"key":"Block Potion"},{"floor":44,"key":"SneckoOil"},{"floor":45,"key":"DistilledChaos"},{"floor":47,"key":"FairyPotion"},{"floor":48,"key":"EntropicBrew"}],"is_trial":false,"path_per_floor":["M","?","$","?","M","E","R","M","T","E","?","E","M","E","R","B",null,"M","?","?","M","M","R","M","E","T","$","?","R","$","M","R","B",null,"M","?","?","?","M","R","E","R","T","M","E","$","M","M","R","B",null,"R","$","E"],"character_chosen":"IRONCLAD","items_purchased":["FossilizedHelix","Shrug It Off","Pen Nib","Discovery","FairyPotion","aspiration:HummingbirdHeart","Lantern","Kunai","Feel No Pain"],"campfire_rested":0,"item_purchase_floors":[3,3,27,27,27,30,46,46,53],"current_hp_per_floor":[72,72,72,72,72,61,61,67,67,65,71,72,72,72,72,72,72,72,72,72,72,71,72,69,72,72,72,66,66,66,72,72,48,66,67,43,50,50,72,72,74,74,79,79,79,79,79,79,79,64,75,75,75,0,0],"gold":15,"neow_bonus":"TWO_FIFTY_GOLD","is_daily":false,"chose_seed":false,"campfire_upgraded":8,"win_rate":0.0,"timestamp":1610221557,"path_taken":["M","?","$","?","M","E","R","M","T","E","?","E","M","E","R","BOSS","M","?","?","?","M","R","M","E","T","$","?","R","$","M","R","BOSS","M","?","?","?","M","R","E","R","T","M","E","?","M","M","R","BOSS","R","$","E"],"items_purchased_type":["Relic","Card","Relic","Card","Potion","Relic","Relic","Relic","Card"],"build_version":"2020-12-22","purchased_purges":3,"victory":false,"max_hp_per_floor":[72,72,72,72,72,72,72,72,72,72,72,72,72,72,72,72,72,72,72,72,72,72,72,72,72,72,72,72,72,72,72,72,72,72,72,72,72,72,72,72,79,79,79,79,79,79,79,79,79,79,79,79,79,79,79],"card_choices":[{"not_picked":["Anger","Blood for Blood"],"picked":"Pummel","floor":1},{"not_picked":["Perfected Strike","Sword Boomerang"],"picked":"Cleave","floor":5},{"not_picked":["Uppercut","Perfected Strike"],"picked":"Whirlwind","floor":6},{"not_picked":["Clash","Havoc"],"picked":"Thunderclap","floor":8},{"not_picked":["Rupture","Feel No Pain"],"picked":"Havoc","floor":10},{"not_picked":["Havoc","Battle Trance"],"picked":"Headbutt","floor":11},{"not_picked":["True Grit","Thunderclap"],"picked":"Iron Wave","floor":12},{"not_picked":["Warcry","Sever Soul"],"picked":"Pommel Strike","floor":13},{"not_picked":["True Grit","Headbutt"],"picked":"Evolve","floor":14},{"not_picked":["Brutality","Exhume"],"picked":"Fiend Fire","floor":16},{"not_picked":["Cleave","Heavy Blade"],"picked":"Shrug It Off+1","floor":18},{"not_picked":["Hemokinesis","Wild Strike"],"picked":"Dark Embrace","floor":21},{"not_picked":["Heavy Blade","Cleave+1"],"picked":"Bloodletting","floor":22},{"not_picked":["Iron Wave","Armaments"],"picked":"Blood for Blood","floor":24},{"not_picked":["Clothesline","Rampage"],"picked":"Shockwave","floor":25},{"not_picked":["Iron Wave","Anger","Reckless Charge"],"picked":"SKIP","floor":31},{"not_picked":["Juggernaut","Limit Break"],"picked":"Reaper","floor":33},{"not_picked":["Wild Strike","Shrug It Off+1"],"picked":"Havoc+1","floor":35},{"not_picked":["Havoc","Wild Strike+1"],"picked":"Armaments+1","floor":36},{"not_picked":["Iron Wave+1","Twin Strike+1"],"picked":"Feel No Pain+1","floor":39},{"not_picked":["Armaments","Evolve+1"],"picked":"Metallicize+1","floor":41},{"not_picked":["Fire Breathing","Pommel Strike","Armaments+1"],"picked":"SKIP","floor":44},{"not_picked":["Limit Break","Sword Boomerang"],"picked":"Rupture","floor":45},{"not_picked":["Feel No Pain+1","Body Slam+1","Thunderclap"],"picked":"SKIP","floor":47},{"not_picked":["Flame Barrier+1","Shrug It Off"],"picked":"Havoc+1","floor":48}],"player_experience":402907,"relics_obtained":[{"floor":6,"key":"Dead Branch"},{"floor":9,"key":"Centennial Puzzle"},{"floor":10,"key":"MawBank"},{"floor":11,"key":"Odd Mushroom"},{"floor":12,"key":"White Beast Statue"},{"floor":14,"key":"Happy Flower"},{"floor":25,"key":"Gremlin Horn"},{"floor":26,"key":"Self Forming Clay"},{"floor":36,"key":"Bird Faced Urn"},{"floor":41,"key":"Strawberry"},{"floor":45,"key":"War Paint"}],"event_choices":[{"damage_healed":0,"gold_gain":175,"player_choice":"AGREE","damage_taken":0,"max_hp_gain":0,"max_hp_loss":0,"event_name":"Liars Game","floor":2,"gold_loss":0,"cards_obtained":["Doubt"]},{"damage_healed":0,"gold_gain":0,"player_choice":"Take Wound","damage_taken":0,"relics_obtained":["Golden Idol"],"max_hp_gain":0,"max_hp_loss":0,"event_name":"Golden Idol","floor":4,"gold_loss":0,"cards_obtained":["Injury"]},{"damage_healed":0,"gold_gain":0,"player_choice":"Fought Mushrooms","damage_taken":0,"max_hp_gain":0,"max_hp_loss":0,"event_name":"Mushrooms","floor":11,"gold_loss":0},{"damage_healed":0,"gold_gain":0,"player_choice":"Gave Idol","damage_taken":0,"relics_obtained":["Bloody Idol"],"max_hp_gain":0,"max_hp_loss":0,"event_name":"Forgotten Altar","floor":19,"relics_lost":["Golden Idol"],"gold_loss":0},{"damage_healed":0,"gold_gain":0,"player_choice":"Copied","damage_taken":0,"max_hp_gain":0,"max_hp_loss":0,"event_name":"Duplicator","floor":20,"gold_loss":0,"cards_obtained":["Fiend Fire"]},{"damage_healed":0,"gold_gain":0,"player_choice":"Joined the Cult","damage_taken":6,"max_hp_gain":0,"max_hp_loss":0,"event_name":"Nest","floor":28,"gold_loss":0,"cards_obtained":["RitualDagger"]},{"damage_healed":0,"gold_gain":0,"player_choice":"Fight","damage_taken":0,"max_hp_gain":0,"max_hp_loss":0,"event_name":"Mysterious Sphere","floor":36,"gold_loss":0},{"cards_removed":["Bash"],"damage_healed":0,"gold_gain":0,"player_choice":"Removed Attack","damage_taken":0,"max_hp_gain":0,"max_hp_loss":0,"event_name":"Falling","floor":38,"gold_loss":0}],"is_beta":false,"boss_relics":[{"not_picked":["Runic Dome","aspiration:SilentSkillbook"],"picked":"Runic Pyramid"},{"not_picked":["aspiration:WatcherSkillbook","Black Blood"],"picked":"aspiration:SecretTechniqueScroll"}],"items_purged_floors":[3,27,46],"is_endless":false,"potions_floor_spawned":[5,10,11,13,14,16,18,21,22,24,25,31,33,35,36,39,41,44,45,47,48],"killed_by":"Shield and Spear","ascension_level":5}}