{"host":"6jrnojxwearbrjzo","time":1610232175,"event":{"mods":["BaseMod","Colored Map","Conspire","Downfall","Highlight Path","Marisa£®ÏF”Í°°ƒß¿Ì…≥£©","Minty Spire (QoL Compilation)","Quick Restart","Replay The Spire","Shop Mod","Spicy Shops","StSLib","SuperFastMode","TestMod","The Construct","The Cursed","The Servant 0.9.4","Yuyuko","vexMod"],"gold_per_floor":[110,129,129,79,79,110,129,129,155,155,155,130,130,143,143,255,305,331,331,331,343,376,425,537,549,586,598,725,761,813,848,860,988,1000,1035,1047,1078,230,262,292,314,314,314,314,98,143,170,192,192,206],"floor_reached":51,"playtime":2458,"items_purged":["Clash"],"score":940,"play_id":"ad19a85f-88e5-4ed0-b448-6df0ec18ed31","local_time":"20210110064255","is_ascension_mode":false,"campfire_choices":[{"data":"Body Slam","floor":8.0,"key":"SMITH"},{"data":"Massacre","floor":13.0,"key":"SMITH"},{"data":"LightFlow","floor":15.0,"key":"SMITH"},{"data":"sneckomod:MorePower","floor":25,"key":"SMITH"},{"data":"Corruption","floor":49,"key":"SMITH"}],"circlet_count":0,"master_deck":["Massacre+1","ReplayTheSpireMod:Strike From Hell+1","Body Slam+1","expansioncontent:StudyTheSpire+1","LightFlow+1","Warcry+1","conspire:Purge","Flex","sneckomod:MorePower+1","Armaments+1","Necronomicurse","sneckomod:UnknownClassPURPLE+1","sneckomod:UnknownClassYUYUKO_COLOR+1","sneckomod:UnknownVulnerable+1","Dark Embrace+1","Corruption+1","sneckomod:UnknownX+1","construct:MetalShell+1","sneckomod:UnknownClassMARISA_DERIVATIONS+1","Feel No Pain+1","sneckomod:UnknownRarePower+1","Madness+1","Madness+1","Guardian:VentSteam+1","Feel No Pain+1","sneckomod:UnknownStrength+1","Seeing Red+1","sneckomod:UnknownRarePower+1"],"relics":["Burning Blood","testmod-TestBox","NeowsBlessing","testmod-Nyarlathotep","Juzu Bracelet","Self Forming Clay","testmod-Acrobat","testmod-HeartOfDaVinci","RomanBracelet","Tiny House","Ring of Misfortune","ReplayTheSpireMod:Ring of Addiction","Toy Ornithopter","Potion Belt","MawBank","sneckomod:SneckoSoul","Strawberry","Necronomicon","Du-Vu Doll","Toxic Egg 2","conspire:Flyswatter","construct:WeddingRing","Shuriken","Chemical X","testmod-CrystalShield","construct:Cogwheel","Replay:Accelerometer","Guardian:StasisUpgradeRelic","Bronze Scales","Art of War"],"acts_visited":["Exordium","TheCity","TheBeyond"],"potions_floor_usage":[22,23,23,23,28,28,35,39,40,40,47,50,50],"damage_taken":[{"damage":0.0,"enemies":"Cultist","floor":1.0,"turns":1.0},{"damage":0.0,"enemies":"2 Louse","floor":2.0,"turns":1.0},{"damage":0.0,"enemies":"3 Sentries","floor":6.0,"turns":1.0},{"damage":17.0,"enemies":"Small Slimes","floor":7.0,"turns":5.0},{"damage":0.0,"enemies":"2 Fungi Beasts","floor":14.0,"turns":2.0},{"damage":38.0,"enemies":"Fading Forest","floor":16.0,"turns":11.0},{"damage":10.0,"enemies":"3 Byrds","floor":18.0,"turns":6.0},{"damage":30,"enemies":"Shell Parasite","floor":22,"turns":5},{"damage":29,"enemies":"Gremlin Leader","floor":23,"turns":4},{"damage":42,"enemies":"Colosseum Slavers","floor":28,"turns":4},{"damage":19,"enemies":"Colosseum Nobs","floor":28,"turns":4},{"damage":15,"enemies":"Cultist and Chosen","floor":29,"turns":5},{"damage":23,"enemies":"Book of Stabbing","floor":30,"turns":3},{"damage":0,"enemies":"Snecko","floor":31,"turns":2},{"damage":0,"enemies":"Automaton","floor":33,"turns":4},{"damage":19,"enemies":"3 Shapes","floor":35,"turns":2},{"damage":10,"enemies":"Orb Walker","floor":37,"turns":2},{"damage":6,"enemies":"Sphere and 2 Shapes","floor":39,"turns":2},{"damage":2,"enemies":"Transient","floor":40,"turns":3},{"damage":0,"enemies":"Maw","floor":41,"turns":2},{"damage":2,"enemies":"Nemesis","floor":46,"turns":1},{"damage":6,"enemies":"Spire Growth","floor":47,"turns":2},{"damage":10,"enemies":"Jaw Worm Horde","floor":48,"turns":2},{"damage":11,"enemies":"Time Eater","floor":50,"turns":4}],"seed_played":"2169723302420249560","potions_obtained":[{"floor":6.0,"key":"AttackPotion"},{"floor":7.0,"key":"Dexterity Potion"},{"floor":17.0,"key":"ColorlessPotion"},{"floor":19,"key":"ColorlessPotion"},{"floor":19,"key":"Weak Potion"},{"floor":19,"key":"AttackPotion"},{"floor":23,"key":"Elixir"},{"floor":30,"key":"LifebloodPotion"},{"floor":31,"key":"FearPotion"},{"floor":33,"key":"AttackPotion"},{"floor":37,"key":"Strength Potion"},{"floor":39,"key":"Fire Potion"},{"floor":41,"key":"LifebloodPotion"},{"floor":47,"key":"BloodPotion"},{"floor":48,"key":"Adrenaline Potion"}],"is_trial":false,"path_per_floor":["M","M","?","?","?","E","M","R","T","?","?","?","R","M","R","B",null,"M","?","?","$","M","E","?","R","T","?","?","M","E","M","R_BF","B",null,"M","?","M","$","M","M","M","?","T","?","$","E","M","M","R","B",null],"character_chosen":"IRONCLAD","items_purchased":["Shuriken","Chemical X","testmod-CrystalShield","construct:Cogwheel","Guardian:StasisUpgradeRelic","Bronze Scales"],"campfire_rested":0,"item_purchase_floors":[38,38,38,38,45,45],"current_hp_per_floor":[80,80,77,77,77,80,69,69,69,69,69,69,69,75,75,43,85,81,81,81,81,61,80,80,80,87,71,33,25,9,15,42,48,91,76,76,73,73,79,90,90,90,90,77,77,82,87,84,84,85],"gold":206,"neow_bonus":"THREE_ENEMY_KILL","is_daily":false,"chose_seed":false,"campfire_upgraded":5,"win_rate":0.0,"timestamp":1610232175,"path_taken":["M","M","?","?","?","E","M","R","T","?","?","?","R","M","R","BOSS","M","?","?","$","M","E","?","R","T","?","?","M","E","M","R_BF","BOSS","M","?","M","$","M","M","M","?","T","?","$","E","M","M","R","BOSS"],"items_purchased_type":["Relic","Relic","Relic","Relic","Relic","Relic"],"build_version":"2020-12-22","purchased_purges":1,"victory":true,"max_hp_per_floor":[80,80,80,80,80,80,80,80,80,80,80,80,80,80,80,80,85,85,85,85,85,85,85,85,85,92,90,91,92,93,93,91,91,91,89,89,90,90,89,90,90,90,90,88,88,89,87,88,88,88],"card_choices":[{"not_picked":["Twin Strike","ReplayTheSpireMod:LeadingStrike"],"picked":"Massacre","floor":1.0},{"not_picked":["Sword Boomerang","Metallicize"],"picked":"ReplayTheSpireMod:Strike From Hell","floor":2.0},{"not_picked":["Impervious","Iron Wave","ReplayTheSpireMod:Strike From Hell"],"picked":"SKIP","floor":6.0},{"not_picked":["Flex","Run Through"],"picked":"Body Slam","floor":7.0},{"not_picked":["Pommel Strike","Cleave"],"picked":"Warcry","floor":14.0},{"not_picked":["Brutality","Hemogenesis"],"picked":"conspire:Purge","floor":16.0},{"not_picked":["ReplayTheSpireMod:Stacked","ReplayReversal"],"picked":"Clash","floor":17.0},{"not_picked":["Clothesline","Heavy Blade"],"picked":"Second Wind","floor":18.0},{"not_picked":["Impervious","Shrug It Off"],"picked":"Flex","floor":22},{"not_picked":["Flame Barrier+1","Searing Blow+1"],"picked":"Armaments+1","floor":23},{"not_picked":["Replay:UnknownCurse","sneckomod:UnknownClassYUYUKO_COLOR+1"],"picked":"sneckomod:UnknownClassPURPLE+1","floor":28},{"not_picked":["Replay:UnknownCurse","sneckomod:UnknownClassBLUE+1"],"picked":"sneckomod:UnknownClassYUYUKO_COLOR+1","floor":29},{"not_picked":["ReplayTheSpireMod:Strike From Hell","Blood for Blood+1","Run Through+1"],"picked":"SKIP","floor":29},{"not_picked":["sneckomod:UnknownClassPURPLE+1","Replay:UnknownCurse"],"picked":"sneckomod:UnknownVulnerable+1","floor":30},{"not_picked":["Berserk","Heavy Blade+1"],"picked":"Dark Embrace+1","floor":30},{"not_picked":["Warcry+1","Body Slam+1","ReplayTheSpireMod:Corrosion Curse+1"],"picked":"SKIP","floor":31},{"not_picked":["Offering+1","Impervious+1"],"picked":"Corruption","floor":33},{"not_picked":["sneckomod:UnknownClassCONSTRUCTMOD+1","sneckomod:Unknown2Cost+1","sneckomod:Unknown+1"],"picked":"SKIP","floor":35},{"not_picked":["Wild Strike","Cleave+1","Perfected Strike"],"picked":"SKIP","floor":35},{"not_picked":["sneckomod:UnknownCommonSkill+1","sneckomod:UnknownClassTHE_CURSED_PURPLE+1"],"picked":"sneckomod:UnknownX+1","floor":37},{"not_picked":["ReplayTheSpireMod:Limb From Limb+1","Replay:Undeath\u0027s Touch","Armaments+1"],"picked":"SKIP","floor":37},{"not_picked":["sneckomod:UnknownClassHEXA_GHOST_PURPLE+1","sneckomod:UnknownClassTHE_CURSED_PURPLE+1"],"picked":"sneckomod:UnknownClassMARISA_DERIVATIONS+1","floor":39},{"not_picked":["Evolve","Bludgeon","Rampage+1"],"picked":"SKIP","floor":39},{"not_picked":["Carnage","Headbutt+1"],"picked":"Feel No Pain+1","floor":40},{"not_picked":["sneckomod:UnknownVulnerable+1","sneckomod:UnknownClassGUARDIAN+1"],"picked":"sneckomod:UnknownRarePower+1","floor":40},{"not_picked":["sneckomod:UnknownCommonAttack+1","sneckomod:UnknownClassTHE_CHAMP_GRAY+1","sneckomod:UnknownClassTHE_CURSED_PURPLE+1"],"picked":"SKIP","floor":41},{"not_picked":["ReplayTheSpireMod:Strike From Hell","Cleave+1","Searing Blow"],"picked":"SKIP","floor":41},{"not_picked":["Corruption","Evolve"],"picked":"Feel No Pain+1","floor":46},{"not_picked":["sneckomod:UnknownClassSLIMEBOUND+1","sneckomod:UnknownX+1"],"picked":"sneckomod:UnknownStrength+1","floor":46},{"not_picked":["Headbutt","ReplayTheSpireMod:Strike From Hell"],"picked":"Seeing Red+1","floor":47},{"not_picked":["sneckomod:UnknownUncommonSkill+1","sneckomod:Unknown3Cost+1","sneckomod:UnknownVulnerable+1"],"picked":"SKIP","floor":47},{"not_picked":["sneckomod:UnknownClassYUYUKO_COLOR+1","sneckomod:Unknown1Cost+1"],"picked":"sneckomod:UnknownRarePower+1","floor":48},{"not_picked":["sneckomod:UnknownUncommonSkill+1","Replay:UnknownCurse","sneckomod:UnknownCommonSkill+1"],"picked":"SKIP","floor":48},{"not_picked":["sneckomod:UnknownClassGREEN+1","sneckomod:UnknownClassBLUE+1","sneckomod:UnknownColorless+1"],"picked":"SKIP","floor":48},{"not_picked":["Headbutt","Dark Embrace+1","Sword Boomerang"],"picked":"SKIP","floor":48}],"player_experience":56964,"relics_obtained":[{"floor":6.0,"key":"Self Forming Clay"},{"floor":9.0,"key":"testmod-Acrobat"},{"floor":19,"key":"Ring of Misfortune"},{"floor":19,"key":"ReplayTheSpireMod:Ring of Addiction"},{"floor":19,"key":"Toy Ornithopter"},{"floor":19,"key":"Potion Belt"},{"floor":23,"key":"sneckomod:SneckoSoul"},{"floor":26,"key":"Strawberry"},{"floor":27,"key":"Necronomicon"},{"floor":28,"key":"Du-Vu Doll"},{"floor":28,"key":"Toxic Egg 2"},{"floor":30,"key":"conspire:Flyswatter"},{"floor":43,"key":"Replay:Accelerometer"},{"floor":46,"key":"Art of War"}],"event_choices":[{"damage_healed":0.0,"max_hp_gain":0.0,"max_hp_loss":0.0,"gold_gain":0.0,"event_name":"Scrap Ooze","player_choice":"Success","floor":3.0,"gold_loss":0.0,"damage_taken":3.0,"relics_obtained":["Juzu Bracelet"]},{"cards_removed":["Defend_R"],"damage_healed":0.0,"max_hp_gain":0.0,"max_hp_loss":0.0,"gold_gain":0.0,"event_name":"The Cleric","player_choice":"Card Removal","floor":4.0,"gold_loss":50.0,"damage_taken":0.0},{"cards_removed":["Strike_R"],"damage_healed":0.0,"max_hp_gain":0.0,"max_hp_loss":0.0,"gold_gain":0.0,"event_name":"NoteForYourself","player_choice":"Took Card","floor":10.0,"gold_loss":0.0,"damage_taken":0.0,"cards_obtained":["expansioncontent:StudyTheSpire"]},{"damage_healed":0.0,"max_hp_gain":0.0,"max_hp_loss":0.0,"gold_gain":0.0,"event_name":"Big Fish","player_choice":"Box","floor":11.0,"gold_loss":0.0,"damage_taken":0.0,"relics_obtained":["testmod-HeartOfDaVinci"],"cards_obtained":["Regret"]},{"damage_healed":0,"gold_gain":0,"player_choice":"Opened","damage_taken":0,"relics_obtained":["MawBank"],"max_hp_gain":0,"max_hp_loss":0,"event_name":"The Mausoleum","floor":20,"gold_loss":0,"cards_obtained":["Writhe"]},{"damage_healed":0,"gold_gain":100,"player_choice":"Pray","damage_taken":0,"max_hp_gain":0,"max_hp_loss":0,"event_name":"Golden Shrine","floor":24,"gold_loss":0},{"damage_healed":0,"gold_gain":0,"player_choice":"Obtained Book","damage_taken":16,"max_hp_gain":0,"max_hp_loss":0,"event_name":"Cursed Tome","floor":27,"gold_loss":0},{"damage_healed":0,"gold_gain":0,"player_choice":"Fight","damage_taken":0,"max_hp_gain":0,"max_hp_loss":0,"event_name":"Colosseum","floor":28,"gold_loss":0},{"damage_healed":0,"gold_gain":0,"player_choice":"Fought Nobs","damage_taken":0,"max_hp_gain":0,"max_hp_loss":0,"event_name":"Colosseum","floor":28,"gold_loss":0},{"damage_healed":0,"gold_gain":0,"player_choice":"Ignored","damage_taken":0,"max_hp_gain":0,"max_hp_loss":0,"event_name":"Tomb of Lord Red Mask","floor":36,"gold_loss":0},{"cards_removed":["Strike_R"],"damage_healed":0,"gold_gain":0,"player_choice":"Card Removal","damage_taken":0,"max_hp_gain":0,"max_hp_loss":0,"event_name":"Wheel of Change","floor":42,"gold_loss":0},{"damage_healed":0,"gold_gain":0,"player_choice":"Embrace Madness","damage_taken":11,"max_hp_gain":0,"max_hp_loss":0,"event_name":"Winding Halls","floor":44,"gold_loss":0,"cards_obtained":["Madness","Madness"]}],"is_beta":false,"boss_relics":[{"not_picked":["vexMod:MysteryBossChallenge","vexMod:RockOfEvil"],"picked":"Tiny House"},{"not_picked":["Replay:Grab Bag","testmod-SaigiyounoYou"],"picked":"construct:WeddingRing"}],"items_purged_floors":[38],"is_endless":false,"potions_floor_spawned":[6,7,23,28,30,31,33,37,39,41,47,48],"ascension_level":0}}