{"host":"dxmdoimsvept8qwy","time":1610225361,"event":{"mods":["BaseMod","Colored Powertips","Custom Start","Minty Spire (QoL Compilation)","StSLib"],"gold_per_floor":[111,124,124,136,152,186,186,39,39,50,50,50,385,385,385,385,385],"floor_reached":16,"playtime":485,"items_purged":[],"score":160,"play_id":"98a3ceb4-cbdc-4bca-8c6a-0eeac05b67cd","local_time":"20210109154921","is_ascension_mode":true,"campfire_choices":[{"floor":7,"key":"REST"},{"floor":12,"key":"REST"},{"floor":15,"key":"REST"}],"circlet_count":0,"master_deck":["Strike_G","Strike_G","Strike_G","Strike_G","Strike_G","Defend_G","Defend_G","Defend_G","Defend_G","Defend_G","Survivor","Neutralize","Noxious Fumes","Blade Dance","Decay","Poisoned Stab","Finisher","Noxious Fumes","Venomology","Noxious Fumes","Footwork"],"relics":["Ring of the Snake","NeowsBlessing","StoneCalendar","FossilizedHelix","Peace Pipe","Old Coin","Gremlin Horn"],"acts_visited":["Exordium"],"potions_floor_usage":[10,13,16],"damage_taken":[{"damage":0,"enemies":"Small Slimes","floor":1,"turns":1},{"damage":0,"enemies":"Cultist","floor":2,"turns":1},{"damage":0,"enemies":"Jaw Worm","floor":4,"turns":1},{"damage":7,"enemies":"Exordium Wildlife","floor":5,"turns":4},{"damage":29,"enemies":"Lagavulin","floor":6,"turns":8},{"damage":11,"enemies":"Looter","floor":10,"turns":4},{"damage":38,"enemies":"3 Sentries","floor":13,"turns":7},{"damage":43,"enemies":"The Guardian","floor":16,"turns":6}],"seed_played":"-7821975829725489842","potions_obtained":[{"floor":1,"key":"CunningPotion"},{"floor":6,"key":"PowerPotion"},{"floor":10,"key":"Regen Potion"}],"is_trial":false,"path_per_floor":["M","M","?","M","M","E","R","$","T","M","?","R","E","T","R","B"],"character_chosen":"THE_SILENT","items_purchased":["Noxious Fumes","Venomology"],"campfire_rested":3,"item_purchase_floors":[8,8],"current_hp_per_floor":[63,63,63,63,56,27,48,48,48,37,19,40,17,17,38,0,0],"gold":385,"neow_bonus":"THREE_ENEMY_KILL","is_daily":false,"chose_seed":false,"campfire_upgraded":0,"win_rate":0.0,"timestamp":1610225361,"path_taken":["M","M","?","?","M","E","R","$","T","M","?","R","E","?","R","BOSS"],"items_purchased_type":["Card","Card"],"build_version":"2020-12-22","purchased_purges":0,"victory":false,"max_hp_per_floor":[70,70,70,70,70,70,70,70,70,70,70,70,70,70,70,70,70],"card_choices":[{"not_picked":["Finisher","Heel Hook"],"picked":"Noxious Fumes","floor":1},{"not_picked":["Prepared","Dagger Throw"],"picked":"Blade Dance","floor":2},{"not_picked":["Dagger Spray","Tactician"],"picked":"Poisoned Stab","floor":4},{"not_picked":["All Out Attack","Sucker Punch"],"picked":"Finisher","floor":5},{"not_picked":["Outmaneuver","Riddle With Holes","Slice"],"picked":"SKIP","floor":6},{"not_picked":["Deflect","Infinite Blades"],"picked":"Noxious Fumes","floor":10},{"not_picked":["Underhanded Strike","Dodge and Roll"],"picked":"Footwork","floor":13}],"player_experience":1007518,"relics_obtained":[{"floor":6,"key":"StoneCalendar"},{"floor":9,"key":"FossilizedHelix"},{"floor":13,"key":"Old Coin"},{"floor":14,"key":"Gremlin Horn"}],"event_choices":[{"damage_healed":0,"gold_gain":0,"player_choice":"Cursed","damage_taken":0,"max_hp_gain":0,"max_hp_loss":0,"event_name":"Wheel of Change","floor":3,"gold_loss":0,"cards_obtained":["Decay"]},{"damage_healed":0,"gold_gain":0,"player_choice":"Success","damage_taken":18,"relics_obtained":["Peace Pipe"],"max_hp_gain":0,"max_hp_loss":0,"event_name":"Scrap Ooze","floor":11,"gold_loss":0}],"is_beta":false,"boss_relics":[],"items_purged_floors":[],"is_endless":false,"potions_floor_spawned":[1,6,10,13],"killed_by":"The Guardian","ascension_level":9}}