{"host":"662n7794wuevbd4i","time":1610219801,"event":{"mods":["BaseMod","KOR Keyword Fix","Minty Spire (QoL Compilation)","StSLib","The Cursed","The Dragon Tamer","The Hierophant","The Poker Player"],"gold_per_floor":[109,127,139,154,166,192,206,206,254,264,11,25,60,80,80,179,179,163,179,209,220,220,220,160,160,186,211,211,211],"floor_reached":28,"playtime":1030,"items_purged":["Defend_R"],"score":279,"play_id":"763e6971-db46-47ec-90a0-78e50a01d78e","local_time":"20210110041641","is_ascension_mode":true,"campfire_choices":[{"data":"Cleave","floor":8.0,"key":"SMITH"},{"floor":15.0,"key":"REST"},{"data":"Whirlwind","floor":23.0,"key":"SMITH"},{"data":"Berserk","floor":25.0,"key":"SMITH"}],"circlet_count":0,"master_deck":["Bash","Spot Weakness","Cleave+1","Twin Strike","Ghostly Armor","Battle Trance","Spot Weakness","Pommel Strike","Power Through","Twin Strike","Power Through","Whirlwind+1","Demon Form","Iron Wave","Ghostly Armor","Hemokinesis","Warcry","Pummel","Impervious","Clash+1","Bloodletting+1","Flame Barrier","Flex","Warcry","Berserk+1","Bloodletting"],"relics":["Burning Blood","Centennial Puzzle","Bronze Scales","Regal Pillow","Torii","Pandora\u0027s Box","Red Mask","Smiling Mask","Meat on the Bone"],"acts_visited":["Exordium","TheCity"],"potions_floor_usage":[],"damage_taken":[{"damage":7.0,"enemies":"Small Slimes","floor":1.0,"turns":4.0},{"damage":14.0,"enemies":"Jaw Worm","floor":2.0,"turns":4.0},{"damage":11.0,"enemies":"2 Louse","floor":3.0,"turns":3.0},{"damage":6.0,"enemies":"Lots of Slimes","floor":4.0,"turns":2.0},{"damage":21.0,"enemies":"Blue Slaver","floor":5.0,"turns":5.0},{"damage":25.0,"enemies":"3 Sentries","floor":6.0,"turns":6.0},{"damage":9.0,"enemies":"3 Louse","floor":7.0,"turns":3.0},{"damage":2.0,"enemies":"Looter","floor":10.0,"turns":3.0},{"damage":0.0,"enemies":"Gremlin Gang","floor":12.0,"turns":4.0},{"damage":13.0,"enemies":"Lagavulin","floor":13.0,"turns":5.0},{"damage":0.0,"enemies":"3 Louse","floor":14.0,"turns":1.0},{"damage":17.0,"enemies":"Hexaghost","floor":16.0,"turns":7.0},{"damage":24.0,"enemies":"2 Thieves","floor":18.0,"turns":4.0},{"damage":3.0,"enemies":"3 Byrds","floor":19.0,"turns":5.0},{"damage":3.0,"enemies":"Masked Bandits","floor":20.0,"turns":2.0},{"damage":19.0,"enemies":"Snake Plant","floor":21.0,"turns":3.0},{"damage":24.0,"enemies":"Gremlin Leader","floor":27.0,"turns":4.0},{"damage":45,"enemies":"Snecko","floor":28,"turns":7}],"seed_played":"-5980201125824557169","potions_obtained":[{"floor":1.0,"key":"SkillPotion"},{"floor":4.0,"key":"LiquidBronze"},{"floor":6.0,"key":"EntropicBrew"},{"floor":12.0,"key":"Block Potion"},{"floor":13.0,"key":"PowerPotion"},{"floor":18.0,"key":"SteroidPotion"},{"floor":21.0,"key":"Block Potion"}],"is_trial":false,"path_per_floor":["M","M","M","M","M","E","M","R","T","M","$","M","E","M","R","B",null,"M","M","?","M","?","R","?","R","T","E","M"],"character_chosen":"IRONCLAD","items_purchased":["Regal Pillow","Power Through"],"campfire_rested":1,"item_purchase_floors":[11,11],"current_hp_per_floor":[79,71,66,66,51,32,29,29,29,33,33,39,32,38,77,66,80,62,65,68,71,56,56,56,56,56,38,0,0],"gold":211,"neow_bonus":"THREE_CARDS","is_daily":false,"chose_seed":false,"campfire_upgraded":3,"win_rate":0.0,"timestamp":1610219801,"path_taken":["M","M","M","M","M","E","M","R","T","M","$","M","E","M","R","BOSS","M","M","?","M","?","R","?","R","T","E","M"],"items_purchased_type":["Relic","Card"],"build_version":"2020-12-22","purchased_purges":1,"victory":false,"max_hp_per_floor":[80,80,80,80,80,80,80,80,80,80,80,80,80,80,80,80,80,80,80,80,80,85,85,85,85,85,85,85,85],"card_choices":[{"not_picked":["Shrug It Off","Shockwave"],"picked":"Spot Weakness","floor":0.0},{"not_picked":["Seeing Red","Pummel"],"picked":"Cleave","floor":1.0},{"not_picked":["Anger","Clothesline"],"picked":"Twin Strike","floor":2.0},{"not_picked":["Flame Barrier","Second Wind"],"picked":"Ghostly Armor","floor":3.0},{"not_picked":["Heavy Blade","Wild Strike","Uppercut"],"picked":"SKIP","floor":4.0},{"not_picked":["True Grit","Entrench","Anger"],"picked":"SKIP","floor":5.0},{"not_picked":["Rage","Thunderclap"],"picked":"Battle Trance","floor":6.0},{"not_picked":["Ghostly Armor","Exhume"],"picked":"Spot Weakness","floor":7.0},{"not_picked":["Thunderclap","Wild Strike"],"picked":"Pommel Strike","floor":10.0},{"not_picked":["Clash","Heavy Blade"],"picked":"Twin Strike","floor":12.0},{"not_picked":["Clash","Wild Strike"],"picked":"Power Through","floor":13.0},{"not_picked":["Uppercut","Seeing Red"],"picked":"Whirlwind","floor":14.0},{"not_picked":["Exhume","Impervious"],"picked":"Demon Form","floor":16.0},{"not_picked":["Searing Blow","True Grit"],"picked":"Clash+1","floor":18.0},{"not_picked":["Carnage","Twin Strike"],"picked":"Bloodletting+1","floor":19.0},{"not_picked":["Rupture","Blood for Blood"],"picked":"Flame Barrier","floor":20.0},{"not_picked":["Metallicize+1","Twin Strike+1"],"picked":"Flex","floor":21.0},{"not_picked":["Headbutt","Dual Wield"],"picked":"Bloodletting","floor":27.0}],"player_experience":139509,"relics_obtained":[{"floor":6.0,"key":"Centennial Puzzle"},{"floor":9.0,"key":"Bronze Scales"},{"floor":13.0,"key":"Torii"},{"floor":20.0,"key":"Red Mask"},{"floor":26.0,"key":"Smiling Mask"},{"floor":27.0,"key":"Meat on the Bone"}],"event_choices":[{"damage_healed":0.0,"max_hp_gain":0.0,"max_hp_loss":0.0,"gold_gain":0.0,"event_name":"Masked Bandits","player_choice":"Fought Bandits","floor":20.0,"gold_loss":0.0,"damage_taken":0.0},{"damage_healed":0.0,"max_hp_gain":5.0,"max_hp_loss":0.0,"gold_gain":0.0,"event_name":"Forgotten Altar","player_choice":"Shed Blood","floor":22.0,"gold_loss":0.0,"damage_taken":20.0},{"damage_healed":0.0,"max_hp_gain":0.0,"max_hp_loss":0.0,"gold_gain":0.0,"cards_transformed":["Armaments","Sever Soul"],"event_name":"Designer","player_choice":"Transformed Cards","floor":24.0,"gold_loss":60.0,"damage_taken":0.0,"cards_obtained":["Warcry","Berserk"]}],"is_beta":false,"boss_relics":[{"not_picked":["Cursed Key","Black Blood"],"picked":"Pandora\u0027s Box"}],"items_purged_floors":[11],"is_endless":false,"potions_floor_spawned":[1,4,6,12,13,18,21],"killed_by":"Snecko","ascension_level":2}}