{"host":"l97fnvmr74b5xfzs","time":1610171694,"event":{"mods":["AchievementEnabler","BaseMod","Better Third Choice","Evolution","Hermit","Koishi","Marisa（霧雨　魔理沙）","Minty Spire (QoL Compilation)","Relic Stats","StSLib","The Marked"],"gold_per_floor":[114,114,37,51,51,51,63,74,74,74,149,159,173,250,250,250,250],"floor_reached":16,"playtime":802,"items_purged":[],"score":92,"play_id":"13db5551-ccb7-4b0a-a869-7881ceb4e10f","local_time":"20210109005454","is_ascension_mode":false,"campfire_choices":[{"data":"hermit:Magnum","floor":6,"key":"SMITH"},{"floor":10,"key":"REST"},{"floor":15,"key":"REST"}],"circlet_count":0,"master_deck":["hermit:Strike_Hermit","hermit:Strike_Hermit","hermit:Strike_Hermit","hermit:Strike_Hermit","hermit:Defend_Hermit","hermit:Defend_Hermit","hermit:Defend_Hermit","hermit:Defend_Hermit","hermit:Snapshot","hermit:Covet","Normality","hermit:Magnum+1","hermit:BodyArmor","hermit:Glare","hermit:CalledShot","hermit:Showdown+1","hermit:HighCaliber","hermit:Feint","hermit:HeroicBravado"],"relics":["hermit:Momento","EVO:Axolotl","Gremlin Horn","Anchor","Letter Opener","Toxic Egg 2"],"acts_visited":["Exordium"],"potions_floor_usage":[8,8,16],"damage_taken":[{"damage":7,"enemies":"Small Slimes","floor":1,"turns":3},{"damage":0,"enemies":"Cultist","floor":4,"turns":3},{"damage":0,"enemies":"Jaw Worm","floor":7,"turns":2},{"damage":18,"enemies":"Gremlin Gang","floor":8,"turns":4},{"damage":0,"enemies":"Exordium Thugs","floor":12,"turns":4},{"damage":1,"enemies":"Lots of Slimes","floor":13,"turns":4},{"damage":61,"enemies":"The Guardian","floor":16,"turns":8}],"seed_played":"1907528437083245625","potions_obtained":[{"floor":1,"key":"LiquidMemories"},{"floor":4,"key":"Swift Potion"},{"floor":13,"key":"Fire Potion"}],"is_trial":false,"path_per_floor":["M","?","$","M","?","R","M","M","T","R","?","M","M","T","R","B"],"character_chosen":"HERMIT","items_purchased":["hermit:Glare","hermit:CalledShot"],"campfire_rested":2,"item_purchase_floors":[3,3],"current_hp_per_floor":[68,39,39,39,39,39,39,21,21,43,36,36,35,35,57,0,0],"gold":250,"neow_bonus":"THREE_RARE_CARDS","is_daily":false,"chose_seed":false,"campfire_upgraded":1,"win_rate":0.0,"timestamp":1610171694,"path_taken":["M","?","$","M","?","R","?","M","T","R","?","?","M","?","R","BOSS"],"items_purchased_type":["Card","Card"],"build_version":"2020-12-22","purchased_purges":0,"victory":false,"max_hp_per_floor":[75,75,75,75,75,75,75,75,75,75,75,75,75,75,75,75,75],"relic_stats":{"Gremlin Horn":[8,8],"counters":[7,28],"Letter Opener":[15],"obtain_stats":[{"Anchor":2,"Gremlin Horn":2,"EVO:Axolotl":0,"Letter Opener":9,"Toxic Egg 2":14,"hermit:Momento":0},{"Anchor":1,"Gremlin Horn":1,"EVO:Axolotl":0,"Letter Opener":4,"Toxic Egg 2":6,"hermit:Momento":0},{"Anchor":3,"Gremlin Horn":3,"EVO:Axolotl":0,"Letter Opener":12,"Toxic Egg 2":20,"hermit:Momento":0}]},"card_choices":[{"not_picked":["hermit:Purgatory","hermit:Dissolve"],"picked":"hermit:Magnum","floor":0},{"not_picked":["hermit:HighCaliber","hermit:Manifest"],"picked":"hermit:BodyArmor","floor":1},{"not_picked":["hermit:HoleUp","hermit:LowProfile"],"picked":"hermit:Showdown","floor":4},{"not_picked":["hermit:TrackingShot","hermit:Vantage"],"picked":"hermit:HighCaliber","floor":7},{"not_picked":["hermit:SprayPray","hermit:Glare"],"picked":"hermit:Feint","floor":8},{"not_picked":["hermit:Showdown","hermit:Snipe"],"picked":"hermit:HeroicBravado","floor":12},{"not_picked":["hermit:NoHoldsBarred","hermit:HoleUp","hermit:ItchyTrigger"],"picked":"SKIP","floor":13}],"player_experience":283223,"relics_obtained":[{"floor":9,"key":"Letter Opener"},{"floor":14,"key":"Toxic Egg 2"}],"event_choices":[{"damage_healed":0,"gold_gain":1,"player_choice":"Relic Relic ","damage_taken":29,"max_hp_gain":0,"max_hp_loss":0,"event_name":"betterThird:BetterScrap","floor":2,"gold_loss":0,"cards_obtained":["Sever Soul"]},{"damage_healed":0,"gold_gain":0,"player_choice":"Upgraded","damage_taken":0,"max_hp_gain":0,"max_hp_loss":0,"event_name":"Upgrade Shrine","floor":5,"gold_loss":0,"cards_upgraded":["hermit:Showdown"]},{"damage_healed":0,"gold_gain":75,"player_choice":"Touch","damage_taken":7,"max_hp_gain":0,"max_hp_loss":0,"event_name":"FaceTrader","floor":11,"gold_loss":0}],"is_beta":false,"boss_relics":[],"items_purged_floors":[],"is_endless":false,"potions_floor_spawned":[1,4,13],"killed_by":"The Guardian","ascension_level":0}}