{"host":"mgc7o2tpy0ck407l","time":1610175655,"event":{"mods":["Alarm Clock","AlwaysNeverKeys","BaseMod","Better Altar","Better Match","Better Note","Better Sensory Stone","Better Skull","Better Third Choice","Better Vampires","Block Reminder","Booster Modes","Challenge The Spire","Colored Map","Colored Powertips","Disable Question Mark Monsters","Displayed Cursed Tome","Emptier Cage","Energized Spire","Evolution","Infinite Spire","Minty Spire (QoL Compilation)","Permanent Neow","Quick Restart","Rare Cards Sparkle","Reorder Act Four","Spicy Shops","StSLib","SuperFastMode","Transform Curses","Unceasing Turn Reminder"],"gold_per_floor":[111,111,111,124,137,137,137,137,137,155,185,201,49,49,49,49,49],"floor_reached":16,"playtime":451,"items_purged":["Defend_G"],"score":105,"play_id":"1492595a-2a87-4f8a-9306-ca494b889dd2","local_time":"20210109020055","is_ascension_mode":true,"campfire_choices":[{"data":"Calculated Gamble","floor":6.0,"key":"SMITH"},{"data":"Neutralize","floor":8.0,"key":"SMITH"},{"floor":15.0,"key":"REST"}],"circlet_count":0,"master_deck":["Strike_G","Strike_G+1","Strike_G","Strike_G","Defend_G","Defend_G","Defend_G","Defend_G","Survivor","Neutralize+1","Calculated Gamble+1","Strike_G","Dodge and Roll","Calculated Gamble+1","Dagger Throw","A Thousand Cuts","Dagger Throw","Footwork"],"relics":["Ring of the Snake","EVO:Axolotl","Torii","Mummified Hand","Bag of Marbles"],"acts_visited":["Exordium"],"potions_floor_usage":[16],"damage_taken":[{"damage":0.0,"enemies":"2 Louse","floor":1.0,"turns":3.0},{"damage":0.0,"enemies":"Jaw Worm","floor":4.0,"turns":4.0},{"damage":1.0,"enemies":"Cultist","floor":5.0,"turns":4.0},{"damage":1.0,"enemies":"Blue Slaver","floor":10.0,"turns":6.0},{"damage":37.0,"enemies":"Lagavulin","floor":11.0,"turns":7.0},{"damage":0.0,"enemies":"Looter","floor":12.0,"turns":3.0},{"damage":32,"enemies":"Slime Boss","floor":16,"turns":9}],"seed_played":"-2059355850276482112","potions_obtained":[{"floor":4.0,"key":"FearPotion"},{"floor":10.0,"key":"Weak Potion"},{"floor":12.0,"key":"Energy Potion"}],"is_trial":false,"path_per_floor":["M","?","?","M","M","R","?","R","T","M","E","M","$","?","R","B"],"character_chosen":"THE_SILENT","items_purchased":["Footwork"],"campfire_rested":1,"item_purchase_floors":[13],"current_hp_per_floor":[63,50,50,50,49,49,49,49,49,48,11,11,11,11,29,0,0],"gold":49,"neow_bonus":"ONE_RARE_RELIC","is_daily":false,"chose_seed":false,"campfire_upgraded":2,"win_rate":0.0,"timestamp":1610175655,"path_taken":["M","?","?","?","M","R","?","R","T","M","E","M","$","?","R","BOSS"],"items_purchased_type":["Card"],"build_version":"2020-12-22","purchased_purges":1,"victory":false,"max_hp_per_floor":[63,63,63,63,63,63,63,63,63,63,63,63,63,63,63,63,63],"card_choices":[{"not_picked":["Deadly Poison","Concentrate"],"picked":"Calculated Gamble","floor":1.0},{"not_picked":["Prepared","Dagger Spray"],"picked":"Dodge and Roll","floor":4.0},{"not_picked":["Deflect","Flying Knee"],"picked":"Calculated Gamble","floor":5.0},{"not_picked":["Well Laid Plans","Caltrops"],"picked":"Dagger Throw","floor":10.0},{"not_picked":["Choke","Doppelganger"],"picked":"A Thousand Cuts","floor":11.0},{"not_picked":["Poisoned Stab","Heel Hook"],"picked":"Dagger Throw","floor":12.0}],"player_experience":739604,"relics_obtained":[{"floor":9.0,"key":"Mummified Hand"},{"floor":11.0,"key":"Bag of Marbles"}],"event_choices":[{"damage_healed":63.0,"max_hp_gain":0.0,"max_hp_loss":63.0,"gold_gain":0.0,"event_name":"betterThird:BetterShining","player_choice":"Upgrade","floor":2.0,"gold_loss":0.0,"damage_taken":13.0,"cards_upgraded":["Calculated Gamble","Strike_G"]},{"cards_removed":["Strike_G"],"damage_healed":0.0,"max_hp_gain":0.0,"max_hp_loss":0.0,"gold_gain":0.0,"event_name":"Bonfire Elementals","player_choice":"Offered Basic","floor":3.0,"gold_loss":0.0,"damage_taken":0.0},{"damage_healed":0.0,"max_hp_gain":0.0,"max_hp_loss":0.0,"gold_gain":0.0,"event_name":"Dead Adventurer","player_choice":"Searched \u00271\u0027 times","floor":7.0,"gold_loss":0.0,"damage_taken":0.0}],"is_beta":false,"boss_relics":[],"items_purged_floors":[13],"is_endless":false,"potions_floor_spawned":[4,10,12],"killed_by":"Slime Boss","ascension_level":1}}