{"host":"36mulxq349byzoa2","time":1610232688,"event":{"mods":["AchievementEnabler","BaseMod","Better Match","Block Reminder","Colored Map","Colored Powertips","Minty Spire (QoL Compilation)","Rare Cards Sparkle","StSLib","SuperFastMode"],"gold_per_floor":[118,118,118,131,144,144,179,104,104,124,65,105,105,105,105],"floor_reached":14,"playtime":246,"items_purged":["Strike_B"],"score":181,"play_id":"16a128a5-7cce-4556-9dd6-c36a7571e91e","local_time":"20210109175128","is_ascension_mode":true,"campfire_choices":[{"data":"Static Discharge","floor":6,"key":"SMITH"}],"circlet_count":0,"master_deck":["AscendersBane","Strike_B","Strike_B","Strike_B","Defend_B","Defend_B","Defend_B","Defend_B","Zap","Dualcast","Gash","Barrage","Static Discharge+1","Cold Snap","Echo Form","Ball Lightning","Defragment"],"relics":["Cracked Core","NeowsBlessing","Golden Idol","Mercury Hourglass","Cables"],"acts_visited":["Exordium"],"potions_floor_usage":[12],"damage_taken":[{"damage":0,"enemies":"Jaw Worm","floor":1,"turns":1},{"damage":0,"enemies":"2 Louse","floor":4,"turns":1},{"damage":0,"enemies":"Small Slimes","floor":5,"turns":1},{"damage":30,"enemies":"3 Sentries","floor":7,"turns":6},{"damage":0,"enemies":"3 Louse","floor":10,"turns":3},{"damage":6,"enemies":"Gremlin Nob","floor":12,"turns":3},{"damage":28,"enemies":"3 Sentries","floor":14,"turns":4}],"seed_played":"6277470470439984312","potions_obtained":[{"floor":1,"key":"FearPotion"}],"is_trial":false,"path_per_floor":["M","?","?","M","M","R","E","$","T","M","$","E","?","E"],"character_chosen":"DEFECT","items_purchased":["Ball Lightning"],"campfire_rested":0,"item_purchase_floors":[11],"current_hp_per_floor":[64,64,64,64,64,64,34,34,34,34,34,28,28,0,0],"gold":105,"neow_bonus":"THREE_ENEMY_KILL","is_daily":false,"chose_seed":false,"campfire_upgraded":1,"win_rate":0.0,"timestamp":1610232688,"path_taken":["M","?","?","M","M","R","E","?","T","M","$","E","?","E"],"items_purchased_type":["Card"],"build_version":"2020-12-22","purchased_purges":1,"victory":false,"max_hp_per_floor":[71,71,64,64,64,64,64,64,64,64,64,64,64,64,64],"card_choices":[{"not_picked":["Redo","Chill"],"picked":"Gash","floor":1},{"not_picked":["Rebound","Stack"],"picked":"Barrage","floor":4},{"not_picked":["Recycle","Barrage"],"picked":"Static Discharge","floor":5},{"not_picked":["Leap","Loop"],"picked":"Cold Snap","floor":7},{"not_picked":["Tempest","Steam"],"picked":"Echo Form","floor":10},{"not_picked":["Stack","Rebound"],"picked":"Defragment","floor":12}],"player_experience":1025175,"relics_obtained":[{"floor":7,"key":"Mercury Hourglass"},{"floor":9,"key":"Cables"}],"event_choices":[{"damage_healed":0,"gold_gain":0,"player_choice":"Ignored","damage_taken":0,"max_hp_gain":0,"max_hp_loss":0,"event_name":"Shining Light","floor":2,"gold_loss":0},{"damage_healed":0,"gold_gain":0,"player_choice":"Lose Max HP","damage_taken":0,"relics_obtained":["Golden Idol"],"max_hp_gain":0,"max_hp_loss":7,"event_name":"Golden Idol","floor":3,"gold_loss":0},{"damage_healed":0,"gold_gain":0,"player_choice":"Fled","damage_taken":0,"max_hp_gain":0,"max_hp_loss":0,"event_name":"Scrap Ooze","floor":13,"gold_loss":0}],"is_beta":false,"boss_relics":[],"items_purged_floors":[8],"is_endless":false,"potions_floor_spawned":[1,12],"killed_by":"3 Sentries","ascension_level":17}}