{"host":"wuk1ltmmka824l9y","time":1610205100,"event":{"mods":["AchievementEnabler","BaseMod","Custom Start","DeckTracker","Minty Spire (QoL Compilation)","Quick Restart","StSLib","SuperFastMode"],"gold_per_floor":[110,39,49,61,12,12,24,24,24,43,53,73,73,107,107,204,204,220,94,9,31,62,74,86,129,141,153,200,212,224,236,248,358,370,394,316,343,370,400,444,456,518,555,587,599,624,636,719,731,743,755,767,94,120,120],"floor_reached":56,"playtime":2844,"items_purged":["Strike_P","Strike_P"],"score":1263,"play_id":"7a52a8bc-1172-41cc-af3b-ad142e9f19f4","local_time":"20210110001140","is_ascension_mode":true,"campfire_choices":[{"data":"MentalFortress","floor":6.0,"key":"SMITH"},{"data":"CrushJoints","floor":8.0,"key":"SMITH"},{"data":"FlurryOfBlows","floor":15.0,"key":"SMITH"},{"data":"ConjureBlade","floor":23.0,"key":"SMITH"},{"floor":27.0,"key":"REST"},{"data":"Eruption","floor":29.0,"key":"SMITH"},{"data":"EmptyMind","floor":32.0,"key":"SMITH"},{"floor":41.0,"key":"REST"},{"floor":45.0,"key":"REST"},{"floor":47.0,"key":"REST"},{"floor":49.0,"key":"RECALL"},{"floor":52.0,"key":"REST"}],"circlet_count":0,"master_deck":["Strike_P","Defend_P","Defend_P","Defend_P","Defend_P","Eruption+1","Vigilance","InnerPeace","MentalFortress+1","EmptyBody","FearNoEvil+1","EmptyFist","CrushJoints+1","EmptyMind+1","FlurryOfBlows+1","Evaluate","ConjureBlade+1","BattleHymn","FlurryOfBlows","BattleHymn","Adaptation","Crescendo+1","FlurryOfBlows+1","DevaForm","Crescendo+1"],"relics":["PureWater","NeowsBlessing","Bag of Marbles","Matryoshka","SlaversCollar","MawBank","Vajra","Nunchaku","Pear","Pantograph","Smiling Mask","Fusion Hammer","Ornamental Fan","Bird Faced Urn","PreservedInsect","Bottled Flame","Anchor","Mercury Hourglass","Lizard Tail"],"acts_visited":["Exordium","TheCity","TheBeyond","TheEnding"],"potions_floor_usage":[55,55,55],"damage_taken":[{"damage":0.0,"enemies":"Cultist","floor":1.0,"turns":1.0},{"damage":0.0,"enemies":"2 Louse","floor":3.0,"turns":1.0},{"damage":0.0,"enemies":"Jaw Worm","floor":4.0,"turns":1.0},{"damage":0.0,"enemies":"Large Slime","floor":7.0,"turns":5.0},{"damage":0.0,"enemies":"Blue Slaver","floor":10.0,"turns":2.0},{"damage":5.0,"enemies":"3 Louse","floor":11.0,"turns":3.0},{"damage":8.0,"enemies":"Large Slime","floor":12.0,"turns":4.0},{"damage":0.0,"enemies":"Lagavulin","floor":14.0,"turns":5.0},{"damage":9.0,"enemies":"The Guardian","floor":16.0,"turns":8.0},{"damage":14.0,"enemies":"3 Byrds","floor":18.0,"turns":6.0},{"damage":0.0,"enemies":"Shell Parasite","floor":21.0,"turns":1.0},{"damage":15.0,"enemies":"Centurion and Healer","floor":22.0,"turns":6.0},{"damage":29.0,"enemies":"Book of Stabbing","floor":25.0,"turns":4.0},{"damage":14.0,"enemies":"Slavers","floor":28.0,"turns":3.0},{"damage":13.0,"enemies":"Automaton","floor":33.0,"turns":6.0},{"damage":21.0,"enemies":"3 Darklings","floor":35.0,"turns":3.0},{"damage":7.0,"enemies":"Orb Walker","floor":37.0,"turns":2.0},{"damage":11.0,"enemies":"Sphere and 2 Shapes","floor":38.0,"turns":5.0},{"damage":16.0,"enemies":"Jaw Worm Horde","floor":39.0,"turns":3.0},{"damage":4.0,"enemies":"Nemesis","floor":40.0,"turns":4.0},{"damage":38.0,"enemies":"Mind Bloom Boss Battle","floor":42.0,"turns":5.0},{"damage":32.0,"enemies":"Writhing Mass","floor":44.0,"turns":5.0},{"damage":26.0,"enemies":"Spire Growth","floor":46.0,"turns":5.0},{"damage":98.0,"enemies":"Time Eater","floor":50.0,"turns":10.0},{"damage":26.0,"enemies":"Shield and Spear","floor":54.0,"turns":4.0},{"damage":142,"enemies":"The Heart","floor":55,"turns":6}],"seed_played":"-3234319062077124026","potions_obtained":[{"floor":1.0,"key":"SkillPotion"},{"floor":7.0,"key":"Strength Potion"},{"floor":12.0,"key":"ColorlessPotion"},{"floor":13.0,"key":"PowerPotion"},{"floor":16.0,"key":"FairyPotion"},{"floor":21.0,"key":"Block Potion"},{"floor":28.0,"key":"SkillPotion"},{"floor":33.0,"key":"BottledMiracle"},{"floor":37.0,"key":"StancePotion"},{"floor":39.0,"key":"Weak Potion"},{"floor":46.0,"key":"DuplicationPotion"},{"floor":54.0,"key":"Ambrosia"}],"is_trial":false,"path_per_floor":["M","$","M","M","$","R","M","R","T","M","M","M","?","E","R","B",null,"M","$","?","M","M","R","?","E","T","R","E","R","$","?","R","B",null,"M","?","M","M","M","E","R","?","T","M","R","M","R","T","R","B",null,"R","$","E","B",null],"character_chosen":"WATCHER","items_purchased":["MentalFortress","EmptyFist","FlurryOfBlows","Anchor","Mercury Hourglass","StancePotion","ColorlessPotion","SneckoOil"],"campfire_rested":5,"item_purchase_floors":[2,5,19,53,53,53,53,53],"current_hp_per_floor":[72,72,72,72,72,72,72,72,72,72,67,59,59,59,59,50,72,58,58,58,58,43,43,43,14,24,48,34,34,34,34,34,46,82,61,61,54,43,27,23,47,34,34,10,34,18,42,42,42,8,82,82,82,58,29],"gold":120,"neow_bonus":"THREE_ENEMY_KILL","is_daily":false,"chose_seed":false,"campfire_upgraded":6,"win_rate":0.0,"timestamp":1610205100,"path_taken":["M","?","M","M","$","R","M","R","T","M","?","M","?","E","R","BOSS","M","?","?","M","M","R","?","E","T","R","E","R","?","?","R","BOSS","M","?","M","M","?","E","R","?","T","M","R","M","R","?","R","BOSS","R","$","E","BOSS"],"items_purchased_type":["Card","Card","Card","Relic","Relic","Potion","Potion","Potion"],"build_version":"2020-12-22","purchased_purges":2,"victory":true,"max_hp_per_floor":[72,72,72,72,72,72,72,72,72,72,72,72,72,72,72,72,72,72,72,72,72,72,72,72,72,82,82,82,82,82,82,82,82,82,82,82,82,82,82,82,82,82,82,82,82,82,82,82,82,82,82,82,82,82,82],"card_choices":[{"not_picked":["Protect","WaveOfTheHand"],"picked":"InnerPeace","floor":1.0},{"not_picked":["Evaluate","Devotion"],"picked":"EmptyBody","floor":3.0},{"not_picked":["FlurryOfBlows","Halt"],"picked":"FearNoEvil","floor":4.0},{"not_picked":["CutThroughFate","Consecrate"],"picked":"CrushJoints","floor":7.0},{"not_picked":["CutThroughFate","FlyingSleeves"],"picked":"EmptyMind","floor":10.0},{"not_picked":["Sanctity","WheelKick"],"picked":"FlurryOfBlows","floor":11.0},{"not_picked":["CutThroughFate","Blasphemy","BowlingBash"],"picked":"SKIP","floor":12.0},{"not_picked":["Protect","SashWhip"],"picked":"Evaluate","floor":14.0},{"not_picked":["Establishment","Blasphemy"],"picked":"ConjureBlade","floor":16.0},{"not_picked":["Evaluate+1","ThirdEye+1"],"picked":"BattleHymn","floor":18.0},{"not_picked":["EmptyFist","ClearTheMind+1"],"picked":"BattleHymn","floor":21.0},{"not_picked":["Halt","Evaluate"],"picked":"Adaptation","floor":22.0},{"not_picked":["Ragnarok","Blasphemy"],"picked":"Crescendo+1","floor":25.0},{"not_picked":["CutThroughFate","Consecrate"],"picked":"FlurryOfBlows+1","floor":28.0},{"not_picked":["Establishment","ConjureBlade"],"picked":"DevaForm","floor":33.0},{"not_picked":["Halt","CutThroughFate+1"],"picked":"Crescendo+1","floor":35.0},{"not_picked":["ReachHeaven+1","Worship","SignatureMove+1"],"picked":"SKIP","floor":37.0},{"not_picked":["ReachHeaven","FearNoEvil","PathToVictory"],"picked":"SKIP","floor":38.0},{"not_picked":["Swivel+1","BattleHymn","Prostrate+1"],"picked":"SKIP","floor":39.0},{"not_picked":["Collect","Halt","ThirdEye"],"picked":"SKIP","floor":40.0},{"not_picked":["DeceiveReality","ReachHeaven+1","JustLucky"],"picked":"SKIP","floor":44.0},{"not_picked":["ClearTheMind+1","FlurryOfBlows","EmptyFist+1"],"picked":"SKIP","floor":46.0},{"not_picked":["Protect","Consecrate","FearNoEvil+1"],"picked":"SKIP","floor":54.0}],"player_experience":353121,"relics_obtained":[{"floor":9.0,"key":"Bag of Marbles"},{"floor":14.0,"key":"Matryoshka"},{"floor":25.0,"key":"Vajra"},{"floor":26.0,"key":"Nunchaku"},{"floor":26.0,"key":"Pear"},{"floor":28.0,"key":"Pantograph"},{"floor":40.0,"key":"Ornamental Fan"},{"floor":42.0,"key":"Bird Faced Urn"},{"floor":43.0,"key":"PreservedInsect"},{"floor":48.0,"key":"Bottled Flame"},{"floor":54.0,"key":"Lizard Tail"}],"event_choices":[{"damage_healed":0.0,"max_hp_gain":0.0,"max_hp_loss":0.0,"gold_gain":0.0,"event_name":"Lab","player_choice":"Got Potions","floor":13.0,"gold_loss":0.0,"damage_taken":0.0},{"damage_healed":0.0,"max_hp_gain":0.0,"max_hp_loss":0.0,"gold_gain":0.0,"event_name":"Addict","player_choice":"Obtained Relic","floor":20.0,"gold_loss":85.0,"damage_taken":0.0,"relics_obtained":["MawBank"]},{"cards_removed":["Strike_P"],"damage_healed":0.0,"max_hp_gain":0.0,"max_hp_loss":0.0,"gold_gain":0.0,"event_name":"Back to Basics","player_choice":"Elegance","floor":24.0,"gold_loss":0.0,"damage_taken":0.0},{"damage_healed":0.0,"max_hp_gain":0.0,"max_hp_loss":0.0,"gold_gain":0.0,"event_name":"The Mausoleum","player_choice":"Opened","floor":31.0,"gold_loss":0.0,"damage_taken":0.0,"relics_obtained":["Smiling Mask"],"cards_obtained":["Writhe"]},{"cards_removed":["Writhe"],"damage_healed":0.0,"max_hp_gain":0.0,"max_hp_loss":0.0,"gold_gain":0.0,"event_name":"Designer","player_choice":"Upgrade and Remove","floor":36.0,"gold_loss":90.0,"damage_taken":0.0,"cards_upgraded":["FearNoEvil"]},{"damage_healed":0.0,"max_hp_gain":0.0,"max_hp_loss":0.0,"gold_gain":0.0,"event_name":"MindBloom","player_choice":"Fight","floor":42.0,"gold_loss":0.0,"damage_taken":0.0}],"is_beta":false,"boss_relics":[{"not_picked":["Philosopher\u0027s Stone","HolyWater"],"picked":"SlaversCollar"},{"not_picked":["Runic Dome","Astrolabe"],"picked":"Fusion Hammer"}],"items_purged_floors":[19,53],"is_endless":false,"potions_floor_spawned":[1,7,12,14,16,21,28,33,37,39,46,54],"ascension_level":1}}