{"host":"sav7uxregyirlf69","time":1610201462,"event":{"mods":["AchievementEnabler","BaseMod","Colored Map","DeckTracker","Keyboard Shortcuts","Minty Spire (QoL Compilation)","READ ME - Guardian Mod","StSLib","SuperFastMode"],"gold_per_floor":[116,132,57,57,57,57,57,57,82,116,116,135,152,167,167,243,243,258,258,258,272,93,93,107,107,107,107,7,25,25,25,25,98,98,113,138,138,138,138,138,150,150,218,39,52,64,64,64],"floor_reached":47,"playtime":909,"items_purged":["Strike_G","Strike_G","Choke+1"],"score":917,"play_id":"33f471fc-9b70-4747-b29d-bc42e4b798b6","local_time":"20210109231102","is_ascension_mode":true,"campfire_choices":[{"data":"Dagger Spray","floor":6.0,"key":"SMITH"},{"data":"A Thousand Cuts","floor":8.0,"key":"SMITH"},{"data":"Neutralize","floor":11.0,"key":"SMITH"},{"data":"Reflex","floor":15.0,"key":"SMITH"},{"floor":23.0,"key":"REST"},{"data":"Prepared","floor":25.0,"key":"SMITH"},{"floor":27.0,"key":"REST"},{"data":"Acrobatics","floor":32.0,"key":"SMITH"},{"floor":40.0,"key":"REST"},{"data":"Adrenaline","floor":42.0,"key":"SMITH"}],"circlet_count":0,"master_deck":["AscendersBane","Defend_G","Defend_G","Defend_G","Defend_G","Survivor","Neutralize+1","Reflex+1","Dagger Spray+1","A Thousand Cuts+1","Heel Hook","Reflex+1","Infinite Blades","Acrobatics+1","Prepared+1","Underhanded Strike+1","Choke+1","Eviscerate+1","Adrenaline+1","Deep Breath","PiercingWail","Flechettes+1","Escape Plan+1"],"relics":["Ring of the Snake","NeowsBlessing","Pen Nib","Mercury Hourglass","HoveringKite","Molten Egg 2","Runic Pyramid","Prayer Wheel"],"acts_visited":["Exordium","TheCity","TheBeyond"],"potions_floor_usage":[47,47],"damage_taken":[{"damage":0.0,"enemies":"Cultist","floor":1.0,"turns":1.0},{"damage":0.0,"enemies":"Small Slimes","floor":2.0,"turns":1.0},{"damage":0.0,"enemies":"Gremlin Nob","floor":10.0,"turns":1.0},{"damage":0.0,"enemies":"2 Louse","floor":12.0,"turns":1.0},{"damage":0.0,"enemies":"Looter","floor":13.0,"turns":4.0},{"damage":7.0,"enemies":"Blue Slaver","floor":14.0,"turns":4.0},{"damage":21.0,"enemies":"The Guardian","floor":16.0,"turns":12.0},{"damage":22.0,"enemies":"2 Thieves","floor":18.0,"turns":3.0},{"damage":17.0,"enemies":"Shell Parasite","floor":21.0,"turns":5.0},{"damage":12.0,"enemies":"Snake Plant","floor":24.0,"turns":4.0},{"damage":12.0,"enemies":"3 Cultists","floor":29.0,"turns":3.0},{"damage":37.0,"enemies":"Automaton","floor":33.0,"turns":7.0},{"damage":18.0,"enemies":"3 Darklings","floor":35.0,"turns":2.0},{"damage":6.0,"enemies":"Mind Bloom Boss Battle","floor":36.0,"turns":5.0},{"damage":7.0,"enemies":"3 Shapes","floor":41.0,"turns":5.0},{"damage":0.0,"enemies":"Spire Growth","floor":45.0,"turns":2.0},{"damage":33.0,"enemies":"4 Shapes","floor":46.0,"turns":9.0},{"damage":17,"enemies":"Reptomancer","floor":47,"turns":2}],"seed_played":"720464316678577626","potions_obtained":[{"floor":10.0,"key":"FearPotion"},{"floor":12.0,"key":"SkillPotion"},{"floor":13.0,"key":"Strength Potion"},{"floor":16.0,"key":"Weak Potion"},{"floor":18.0,"key":"SpeedPotion"},{"floor":29.0,"key":"SteroidPotion"}],"is_trial":false,"path_per_floor":["M","M","?","?","?","R","$","R","T","E","R","M","M","M","R","B",null,"M","?","?","M","$","R","M","R","T","R","$","M","?","?","R","B",null,"M","?","?","?","?","R","M","R","T","$","M","M","E"],"character_chosen":"THE_SILENT","items_purchased":["Acrobatics","Prepared","PowerPotion"],"campfire_rested":3,"item_purchase_floors":[22,22,44],"current_hp_per_floor":[59,59,59,64,64,64,64,64,64,64,64,64,64,57,57,36,62,40,40,40,23,23,44,32,32,32,53,53,41,41,41,41,4,54,36,30,30,30,30,50,43,43,43,43,43,10,0,0],"gold":64,"neow_bonus":"THREE_ENEMY_KILL","is_daily":false,"chose_seed":false,"campfire_upgraded":7,"win_rate":0.0,"timestamp":1610201462,"path_taken":["M","?","?","?","?","R","?","R","T","E","R","M","M","M","R","BOSS","M","?","?","M","$","R","M","R","T","R","$","?","?","?","R","BOSS","M","?","?","?","?","R","M","R","T","?","M","M","E"],"items_purchased_type":["Card","Card","Potion"],"build_version":"2020-12-22","purchased_purges":3,"victory":false,"max_hp_per_floor":[66,66,66,71,71,71,71,71,71,71,71,71,71,71,71,71,71,71,71,71,71,71,71,71,71,71,71,71,71,71,71,71,71,71,71,71,71,67,67,67,67,67,67,67,67,67,67,67],"card_choices":[{"not_picked":["Prepared","Leg Sweep"],"picked":"Reflex","floor":1.0},{"not_picked":["Well Laid Plans","Quick Slash"],"picked":"Dagger Spray","floor":2.0},{"not_picked":["Dagger Spray","Riddle With Holes","Sucker Punch"],"picked":"SKIP","floor":10.0},{"not_picked":["Predator","Backflip"],"picked":"Heel Hook","floor":12.0},{"not_picked":["Sucker Punch","Poisoned Stab","Caltrops"],"picked":"SKIP","floor":13.0},{"not_picked":["Accuracy","Bane","Terror"],"picked":"SKIP","floor":14.0},{"not_picked":["Doppelganger","A Thousand Cuts"],"picked":"Glass Knife","floor":16.0},{"not_picked":["Finisher","Dagger Spray+1","Bane"],"picked":"SKIP","floor":18.0},{"not_picked":["Deflect","Sucker Punch"],"picked":"Infinite Blades","floor":21.0},{"not_picked":["Slice","Prepared","Underhanded Strike"],"picked":"SKIP","floor":24.0},{"not_picked":["Bane+1","Dodge and Roll"],"picked":"Underhanded Strike+1","floor":29.0},{"not_picked":["Tools of the Trade","Venomology"],"picked":"Adrenaline","floor":33.0},{"not_picked":["Cloak And Dagger","Eviscerate+1","Slice+1"],"picked":"SKIP","floor":35.0},{"not_picked":["Thinking Ahead","Discovery"],"picked":"Deep Breath","floor":37.0},{"not_picked":["Expertise","Slice+1"],"picked":"PiercingWail","floor":41.0},{"not_picked":["Sucker Punch+1","Eviscerate+1","Quick Slash+1"],"picked":"SKIP","floor":41.0},{"not_picked":["Sucker Punch+1","Backflip"],"picked":"Flechettes+1","floor":45.0},{"not_picked":["Infinite Blades+1","Blade Dance","Venomology"],"picked":"SKIP","floor":45.0},{"not_picked":["Deadly Poison+1","Backstab+1"],"picked":"Escape Plan+1","floor":46.0},{"not_picked":["Leg Sweep","Deadly Poison","Bane+1"],"picked":"SKIP","floor":46.0}],"player_experience":1214630,"relics_obtained":[{"floor":9.0,"key":"Pen Nib"},{"floor":10.0,"key":"Mercury Hourglass"},{"floor":26.0,"key":"Molten Egg 2"},{"floor":36.0,"key":"Prayer Wheel"}],"event_choices":[{"cards_removed":["Strike_G"],"damage_healed":0.0,"max_hp_gain":0.0,"max_hp_loss":0.0,"gold_gain":0.0,"event_name":"The Cleric","player_choice":"Card Removal","floor":3.0,"gold_loss":75.0,"damage_taken":0.0},{"damage_healed":0.0,"max_hp_gain":5.0,"max_hp_loss":0.0,"gold_gain":0.0,"event_name":"Big Fish","player_choice":"Donut","floor":4.0,"gold_loss":0.0,"damage_taken":0.0},{"damage_healed":0.0,"max_hp_gain":0.0,"max_hp_loss":0.0,"gold_gain":0.0,"cards_transformed":["Strike_G"],"event_name":"Living Wall","player_choice":"Change","floor":5.0,"gold_loss":0.0,"damage_taken":0.0,"cards_obtained":["A Thousand Cuts"]},{"damage_healed":0.0,"max_hp_gain":0.0,"max_hp_loss":0.0,"gold_gain":0.0,"event_name":"Ghosts","player_choice":"Ignored","floor":19.0,"gold_loss":0.0,"damage_taken":0.0},{"damage_healed":0.0,"max_hp_gain":0.0,"max_hp_loss":0.0,"gold_gain":0.0,"event_name":"Duplicator","player_choice":"Copied","floor":20.0,"gold_loss":0.0,"damage_taken":0.0,"cards_obtained":["Reflex"]},{"damage_healed":0.0,"max_hp_gain":0.0,"max_hp_loss":0.0,"gold_gain":0.0,"cards_transformed":["Strike_G","Defend_G"],"event_name":"Drug Dealer","player_choice":"Became Test Subject","floor":30.0,"gold_loss":0.0,"damage_taken":0.0,"cards_obtained":["Choke","Choke"]},{"damage_healed":0.0,"max_hp_gain":0.0,"max_hp_loss":0.0,"gold_gain":0.0,"event_name":"The Library","player_choice":"Read","floor":31.0,"gold_loss":0.0,"damage_taken":0.0,"cards_obtained":["Eviscerate"]},{"damage_healed":0.0,"max_hp_gain":0.0,"max_hp_loss":0.0,"gold_gain":0.0,"event_name":"MindBloom","player_choice":"Fight","floor":36.0,"gold_loss":0.0,"damage_taken":0.0},{"damage_healed":0.0,"max_hp_gain":0.0,"max_hp_loss":0.0,"gold_gain":0.0,"event_name":"SensoryStone","player_choice":"Memory 1","floor":37.0,"gold_loss":0.0,"damage_taken":0.0},{"damage_healed":0.0,"max_hp_gain":0.0,"max_hp_loss":4.0,"gold_gain":0.0,"event_name":"Winding Halls","player_choice":"Max HP","floor":38.0,"gold_loss":0.0,"damage_taken":0.0},{"cards_removed":["Glass Knife"],"damage_healed":0.0,"max_hp_gain":0.0,"max_hp_loss":0.0,"gold_gain":0.0,"event_name":"Falling","player_choice":"Removed Attack","floor":39.0,"gold_loss":0.0,"damage_taken":0.0}],"is_beta":false,"boss_relics":[{"not_picked":["SlaversCollar","WristBlade"],"picked":"HoveringKite"},{"not_picked":["Philosopher\u0027s Stone","Black Star"],"picked":"Runic Pyramid"}],"items_purged_floors":[22,28,44],"is_endless":false,"potions_floor_spawned":[10,12,13,16,18,29,45],"killed_by":"Reptomancer","ascension_level":20}}