{"host":"vrsxkkch9ccrec7k","time":1610218222,"event":{"mods":["Act Like it!","BaseMod","Bestiary","Better Third Choice","Better Vampires","JesterMod","Minty Spire (QoL Compilation)","Permanent Neow","Relic Stats","Spicy Shops","StSLib"],"gold_per_floor":[209,229,229,246,84,84,102,114,140,140,159,190,204,227,227,355,355,374,24,24,0,0,0,0],"floor_reached":23,"playtime":2410,"items_purged":["jesterMod:Strike"],"score":193,"play_id":"6b3d9504-d059-43ca-8225-9ad4043c9205","local_time":"20210109135022","is_ascension_mode":false,"campfire_choices":[{"data":"jesterMod:Tinker","floor":6,"key":"SMITH"},{"data":"jesterMod:Sickle","floor":15,"key":"SMITH"}],"circlet_count":0,"master_deck":["jesterMod:Sickle+1","jesterMod:Defend","jesterMod:Defend","jesterMod:Defend","jesterMod:Defend","jesterMod:Dodge","jesterMod:Dilapidation","jesterMod:Tinker+1","jesterMod:Flee","jesterMod:Precipitation","jesterMod:Illness","jesterMod:Disposophobia","jesterMod:LaughingGas","jesterMod:Feint","jesterMod:Prankster","jesterMod:Mending","jesterMod:DancingMad","jesterMod:Juggler","jesterMod:HedgehogForm+1","jesterMod:Discretion+1","jesterMod:MudBall+1","jesterMod:Mending"],"relics":["jesterMod:JesterCap","Tiny Chest","Whetstone","Golden Idol","Regal Pillow","Astrolabe","Meat on the Bone","MutagenicStrength"],"acts_visited":["Exordium","TheCity"],"potions_floor_usage":[12,12,23,23,23],"damage_taken":[{"damage":0,"enemies":"Cultist","floor":1,"turns":5},{"damage":1,"enemies":"2 Louse","floor":2,"turns":4},{"damage":3,"enemies":"Jaw Worm","floor":4,"turns":3},{"damage":1,"enemies":"Large Slime","floor":7,"turns":7},{"damage":0,"enemies":"Looter","floor":8,"turns":3},{"damage":4,"enemies":"Blue Slaver","floor":11,"turns":4},{"damage":4,"enemies":"3 Sentries","floor":12,"turns":8},{"damage":0,"enemies":"Gremlin Gang","floor":13,"turns":6},{"damage":1,"enemies":"2 Fungi Beasts","floor":14,"turns":4},{"damage":8,"enemies":"Hexaghost","floor":16,"turns":8},{"damage":31,"enemies":"3 Byrds","floor":18,"turns":5},{"damage":24,"enemies":"2 Thieves","floor":21,"turns":4},{"damage":22,"enemies":"Book of Stabbing","floor":23,"turns":5}],"seed_played":"8881820613928273074","potions_obtained":[{"floor":1,"key":"Fire Potion"},{"floor":7,"key":"Dexterity Potion"},{"floor":13,"key":"LiquidBronze"},{"floor":16,"key":"DistilledChaos"}],"is_trial":false,"path_per_floor":["M","M","?","M","$","R","M","M","T","?","M","E","M","M","R","B",null,"M","$","?","M","?","E"],"character_chosen":"THE_JESTER","items_purchased":["jesterMod:Precipitation","jesterMod:Illness","Meat on the Bone","PowerPotion"],"campfire_rested":0,"item_purchase_floors":[5,5,19,19],"current_hp_per_floor":[70,69,51,48,48,48,47,47,47,47,43,39,39,38,38,30,65,34,34,34,22,22,0,0],"gold":0,"neow_bonus":"HUNDRED_GOLD","is_daily":false,"chose_seed":false,"campfire_upgraded":2,"win_rate":0.0,"timestamp":1610218222,"path_taken":["M","?","?","M","$","R","M","M","T","?","M","E","M","M","R","BOSS","M","$","?","M","?","E"],"items_purchased_type":["Card","Card","Relic","Potion"],"build_version":"2020-12-22","purchased_purges":1,"victory":false,"max_hp_per_floor":[70,70,70,70,70,70,70,70,70,65,65,65,65,65,65,65,65,65,65,65,65,65,65,65],"relic_stats":{"Regal Pillow":0,"counters":[13,66],"Golden Idol":48,"Astrolabe":["jesterMod:HedgehogForm","jesterMod:Discretion","jesterMod:MudBall"],"Tiny Chest":0,"Whetstone":["jesterMod:Strike","jesterMod:Strike"],"obtain_stats":[{"Regal Pillow":12,"Golden Idol":10,"Astrolabe":17,"MutagenicStrength":22,"Tiny Chest":3,"jesterMod:JesterCap":0,"Whetstone":9,"Meat on the Bone":19},{"Regal Pillow":7,"Golden Idol":5,"Astrolabe":10,"MutagenicStrength":12,"Tiny Chest":2,"jesterMod:JesterCap":0,"Whetstone":5,"Meat on the Bone":11},{"Regal Pillow":34,"Golden Idol":22,"Astrolabe":52,"MutagenicStrength":61,"Tiny Chest":9,"jesterMod:JesterCap":0,"Whetstone":22,"Meat on the Bone":57}],"Meat on the Bone":12},"card_choices":[{"not_picked":["jesterMod:Swiftness","jesterMod:Anticipation"],"picked":"jesterMod:Dilapidation","floor":1},{"not_picked":["jesterMod:Rebuff","jesterMod:OblivionStrike"],"picked":"jesterMod:Tinker","floor":2},{"not_picked":["jesterMod:JackInTheBox","jesterMod:RecklessStrike"],"picked":"jesterMod:Flee","floor":4},{"not_picked":["jesterMod:Talion","jesterMod:SmokeScreen"],"picked":"jesterMod:Disposophobia","floor":7},{"not_picked":["jesterMod:TrickyDodge","jesterMod:BouncingKnife"],"picked":"jesterMod:LaughingGas","floor":8},{"not_picked":["jesterMod:BouncingKnife","jesterMod:DesperateStrike"],"picked":"jesterMod:Feint","floor":11},{"not_picked":["jesterMod:OblivionStrike","jesterMod:TrickyDodge"],"picked":"jesterMod:Prankster","floor":12},{"not_picked":["jesterMod:Inspiration","jesterMod:Precipitation"],"picked":"jesterMod:Mending","floor":13},{"not_picked":["jesterMod:ButterKnife","jesterMod:Contradiction"],"picked":"jesterMod:DancingMad","floor":14},{"not_picked":["jesterMod:HedgehogForm","jesterMod:LaughingGas"],"picked":"jesterMod:Juggler","floor":16},{"not_picked":["jesterMod:Loot+1","jesterMod:TrickyDodge","jesterMod:Anticipation"],"picked":"SKIP","floor":18},{"not_picked":["jesterMod:QuickStrike","jesterMod:DancingMad","jesterMod:ButterKnife+1"],"picked":"SKIP","floor":21}],"player_experience":1341335,"relics_obtained":[{"floor":9,"key":"Whetstone"},{"floor":12,"key":"Regal Pillow"}],"event_choices":[{"damage_healed":0,"gold_gain":0,"player_choice":"Relic ","damage_taken":18,"max_hp_gain":0,"max_hp_loss":0,"event_name":"betterThird:BetterScrap","floor":3,"gold_loss":0,"cards_obtained":["Tempest"]},{"damage_healed":0,"gold_gain":0,"player_choice":"Lose Max HP","damage_taken":0,"relics_obtained":["Golden Idol"],"max_hp_gain":0,"max_hp_loss":5,"event_name":"Golden Idol","floor":10,"gold_loss":0},{"damage_healed":0,"gold_gain":0,"player_choice":"Read","damage_taken":0,"max_hp_gain":0,"max_hp_loss":0,"event_name":"The Library","floor":20,"gold_loss":0,"cards_obtained":["jesterMod:Mending"]},{"damage_healed":0,"gold_gain":0,"player_choice":"Inject Mutagens","damage_taken":0,"relics_obtained":["MutagenicStrength"],"max_hp_gain":0,"max_hp_loss":0,"event_name":"Drug Dealer","floor":22,"gold_loss":0}],"is_beta":false,"boss_relics":[{"not_picked":["SacredBark","Empty Cage"],"picked":"Astrolabe"}],"items_purged_floors":[5],"is_endless":false,"potions_floor_spawned":[1,7,13,16],"killed_by":"Book of Stabbing","ascension_level":0}}