{"host":"1p0ug38l8q9et435","time":1610219085,"event":{"mods":["AchievementEnabler","BaseMod","Colored Powertips","Downfall","Minty Spire (QoL Compilation)","StSLib","UnlockEverythingMod"],"gold_per_floor":[115,133,133,150,250,250,269,269,269,14,31,42,42,61,61,157,157,168,186,186,79,89,122,45,45,45],"floor_reached":25,"playtime":1242,"items_purged":[],"score":215,"play_id":"2ea02a5b-9293-490d-b028-5a993139da37","local_time":"20210109110445","is_ascension_mode":false,"campfire_choices":[{"floor":6,"key":"REST"},{"floor":8,"key":"REST"},{"data":"Eruption","floor":13,"key":"SMITH"},{"data":"CarveReality","floor":15,"key":"SMITH"}],"circlet_count":0,"master_deck":["Strike_P","Strike_P","Strike_P","Strike_P","Defend_P","Defend_P","Defend_P","Defend_P","Eruption+1","Vigilance","Vengeance","CarveReality+1","Tantrum","Study","FearNoEvil","MasterReality","Halt","EmptyFist+1","WindmillStrike","Study","Adaptation","LikeWater"],"relics":["PureWater","Vajra","MealTicket","VioletLotus","Pantograph"],"acts_visited":["Exordium","TheCity"],"potions_floor_usage":[16,16,22,22,25],"damage_taken":[{"damage":0,"enemies":"2 Louse","floor":1,"turns":3},{"damage":15,"enemies":"Cultist","floor":2,"turns":5},{"damage":0,"enemies":"Small Slimes","floor":4,"turns":2},{"damage":11,"enemies":"Exordium Wildlife","floor":7,"turns":3},{"damage":0,"enemies":"2 Fungi Beasts","floor":11,"turns":2},{"damage":0,"enemies":"Red Slaver","floor":12,"turns":1},{"damage":0,"enemies":"Blue Slaver","floor":14,"turns":1},{"damage":77,"enemies":"The Guardian","floor":16,"turns":7},{"damage":27,"enemies":"2 Thieves","floor":18,"turns":3},{"damage":2,"enemies":"Chosen","floor":19,"turns":3},{"damage":31,"enemies":"Centurion and Healer","floor":22,"turns":5},{"damage":37,"enemies":"Book of Stabbing","floor":23,"turns":5},{"damage":34,"enemies":"Snake Plant","floor":25,"turns":1}],"seed_played":"3921265238762081295","potions_obtained":[{"floor":2,"key":"CultistPotion"},{"floor":11,"key":"StancePotion"},{"floor":16,"key":"GamblersBrew"},{"floor":18,"key":"Energy Potion"},{"floor":19,"key":"SmokeBomb"}],"is_trial":false,"path_per_floor":["M","M","$","M","?","R","M","R","T","$","M","M","R","M","R","B",null,"M","M","?","$","M","E","$","M"],"character_chosen":"WATCHER","items_purchased":["MealTicket","FairyPotion","WindmillStrike","Study","Regen Potion"],"campfire_rested":2,"item_purchase_floors":[10,10,21,21,24],"current_hp_per_floor":[72,57,57,57,57,72,61,72,72,72,72,72,72,72,72,21,72,45,43,67,72,41,4,19,0,0],"gold":45,"neow_bonus":"RANDOM_COMMON_RELIC","is_daily":false,"chose_seed":false,"campfire_upgraded":2,"win_rate":0.0,"timestamp":1610219085,"path_taken":["M","M","$","M","?","R","M","R","T","?","M","M","R","M","R","BOSS","M","M","?","$","M","E","$","M"],"items_purchased_type":["Relic","Potion","Card","Card","Potion"],"build_version":"2020-12-22","purchased_purges":0,"victory":false,"max_hp_per_floor":[72,72,72,72,72,72,72,72,72,72,72,72,72,72,72,72,72,72,72,72,72,72,72,72,72,72],"card_choices":[{"not_picked":["Protect","ClearTheMind","CrushJoints"],"picked":"SKIP","floor":1},{"not_picked":["CrushJoints","SashWhip"],"picked":"Vengeance","floor":2},{"not_picked":["Study","FlurryOfBlows"],"picked":"CarveReality","floor":4},{"not_picked":["Crescendo","JustLucky"],"picked":"Tantrum","floor":7},{"not_picked":["Collect","CrushJoints"],"picked":"Study","floor":11},{"not_picked":["PathToVictory","FlyingSleeves","InnerPeace"],"picked":"SKIP","floor":12},{"not_picked":["Crescendo","TalkToTheHand"],"picked":"FearNoEvil","floor":14},{"not_picked":["Omniscience","Devotion"],"picked":"MasterReality","floor":16},{"not_picked":["FlurryOfBlows","FollowUp"],"picked":"Halt","floor":18},{"not_picked":["FlyingSleeves","Evaluate+1"],"picked":"EmptyFist+1","floor":19},{"not_picked":["WreathOfFlame","SashWhip"],"picked":"Adaptation","floor":22},{"not_picked":["Vengeance","SpiritShield"],"picked":"LikeWater","floor":23}],"player_experience":5963,"relics_obtained":[{"floor":23,"key":"Pantograph"}],"event_choices":[{"damage_healed":0,"gold_gain":100,"player_choice":"Pray","damage_taken":0,"max_hp_gain":0,"max_hp_loss":0,"event_name":"Golden Shrine","floor":5,"gold_loss":0},{"damage_healed":24,"gold_gain":0,"player_choice":"Heal","damage_taken":0,"max_hp_gain":0,"max_hp_loss":0,"event_name":"The Library","floor":20,"gold_loss":0}],"is_beta":false,"boss_relics":[{"not_picked":["Black Star","Snecko Eye"],"picked":"VioletLotus"}],"items_purged_floors":[],"is_endless":false,"potions_floor_spawned":[2,11,14,16,18,19],"killed_by":"Snake Plant","ascension_level":0}}