{"host":"ay6svh75y541m8fi","time":1610191413,"event":{"mods":["BaseMod","Colored Powertips","Downfall","Hermit","Marisa£®ÏF”Í°°ƒß¿Ì…≥£©","Minty Spire (QoL Compilation)","Quick Restart","Remilia£®¿Ÿ√◊¿Ú—«£©","Replay The Spire","StSLib","The Bug Knight","The Construct","The Cursed","The Runesmith","The Servant 0.9.4","°æ“≈ŒÔø®≈∆°øREMEMod"],"gold_per_floor":[112,112,212,22,22,22,41,67,82,102,102,129,142,90,90,107,107,205,305,318,328,328,328,328,328],"floor_reached":24,"playtime":1352,"items_purged":["Runesmith:Defend_RS"],"score":271,"play_id":"619bd585-35dd-4a77-a2a5-6c109295d960","local_time":"20210109192333","is_ascension_mode":false,"campfire_choices":[{"floor":15,"key":"REST"},{"data":"Runesmith:HeatExchange","floor":17,"key":"SMITH"}],"circlet_count":0,"master_deck":["Runesmith:Strike_RS","Runesmith:Strike_RS","Runesmith:Strike_RS+1","Runesmith:Strike_RS","Runesmith:Defend_RS","Runesmith:Defend_RS+1","Runesmith:Defend_RS","Runesmith:CraftFirestone","Runesmith:Fortify","Runesmith:WhiteBalance","Runesmith:Firestorm","Runesmith:CraftVitae","Runesmith:OneForEveryone","Runesmith:EnergizedChisel","Runesmith:HammerTime","Runesmith:FrozenChisel","Runesmith:HeatExchange+1","Runesmith:RuneHurl","Runesmith:FissionHammer","Runesmith:Superposition+1","Runesmith:CraftProtectio","Runesmith:ArcReactor","Runesmith:CraftObretio","Runesmith:CraftMagma"],"relics":["Runesmith:BrokenRuby","REME_ComplimentaryCards","NeowsBlessing","MealTicket","Nunchaku","Odd Mushroom","Replay:Wanted Poster","Nilry\u0027s Codex"],"acts_visited":["Exordium","TheCity"],"potions_floor_usage":[10,12,13,18,18,24],"damage_taken":[{"damage":0.0,"enemies":"Small Slimes","floor":1.0,"turns":1.0},{"damage":0.0,"enemies":"2 Louse","floor":7.0,"turns":1.0},{"damage":0.0,"enemies":"Lagavulin","floor":8.0,"turns":1.0},{"damage":0,"enemies":"Cultist","floor":9,"turns":3},{"damage":11,"enemies":"Large Slime","floor":10,"turns":6},{"damage":19,"enemies":"The Mushroom Lair","floor":12,"turns":3},{"damage":10,"enemies":"Blue Slaver","floor":13,"turns":3},{"damage":0,"enemies":"2 Fungi Beasts","floor":16,"turns":3},{"damage":0,"enemies":"Slime Boss","floor":18,"turns":7},{"damage":26,"enemies":"2 Thieves","floor":20,"turns":4},{"damage":10,"enemies":"Chosen","floor":21,"turns":4},{"damage":6,"enemies":"Shelled Parasite and Fungi","floor":24,"turns":1}],"seed_played":"7474465218704467484","potions_obtained":[{"floor":1.0,"key":"FearPotion"},{"floor":9,"key":"Swift Potion"},{"floor":10,"key":"champ:CounterPotion"},{"floor":13,"key":"REME_GoldPotion"},{"floor":16,"key":"DuplicationPotion"},{"floor":21,"key":"PowerPotion"}],"is_trial":false,"path_per_floor":["M","?","?","$","PTL","PTL","M","E","M","M","T","?","M","$","R","M","R","B",null,"M","M","?","?","M"],"character_chosen":"RUNESMITH_CLASS","items_purchased":["Runesmith:CraftVitae","Runesmith:OneForEveryone","Runesmith:Superposition+1"],"campfire_rested":1,"item_purchase_floors":[4,4,14],"current_hp_per_floor":[70,56,56,56,56,56,56,56,56,45,45,26,16,31,52,52,52,52,70,44,34,21,5,0,0],"gold":328,"neow_bonus":"THREE_ENEMY_KILL","is_daily":false,"chose_seed":false,"campfire_upgraded":1,"win_rate":0.0,"timestamp":1610191413,"path_taken":["M","?","?","$","PTL","PTL","M","E","?","M","T","?","M","$","R","M","R","BOSS","M","M","?","?","M"],"items_purchased_type":["Card","Card","Card"],"build_version":"2020-12-22","purchased_purges":1,"victory":false,"max_hp_per_floor":[70,70,70,70,70,70,70,70,70,70,70,70,70,70,70,70,70,70,70,70,70,75,75,75,75],"card_choices":[{"not_picked":["Runesmith:CraftProtectio","Runesmith:Prism"],"picked":"Runesmith:Firestorm","floor":1.0},{"not_picked":["Runesmith:Empowerment","Runesmith:HeatedChisel"],"picked":"Runesmith:EnergizedChisel","floor":7.0},{"not_picked":["Runesmith:Overpower","Runesmith:CraftVitae"],"picked":"Runesmith:HammerTime","floor":8.0},{"not_picked":["Runesmith:ElementalConversion","Runesmith:ShiftingStrike"],"picked":"Runesmith:FrozenChisel","floor":9},{"not_picked":["Runesmith:EnergizedChisel","Runesmith:ChiselStab"],"picked":"Runesmith:HeatExchange","floor":10},{"not_picked":["Runesmith:ChiselStab","Runesmith:HeatedChisel"],"picked":"Runesmith:RuneHurl","floor":12},{"not_picked":["Runesmith:Overpower","Runesmith:HeatExchange"],"picked":"Runesmith:FissionHammer","floor":13},{"not_picked":["Runesmith:Grindstone","Runesmith:Superposition"],"picked":"Runesmith:CraftProtectio","floor":16},{"not_picked":["Runesmith:GrandSlam","Runesmith:CraftIndustria"],"picked":"Runesmith:ArcReactor","floor":18},{"not_picked":["Runesmith:Grindstone+1","Runesmith:EnergizedChisel"],"picked":"Runesmith:CraftObretio","floor":20},{"not_picked":["Runesmith:PerfectChisel","Runesmith:Permafrost"],"picked":"Runesmith:CraftMagma","floor":21}],"player_experience":79674,"relics_obtained":[{"floor":8.0,"key":"MealTicket"},{"floor":11,"key":"Nunchaku"},{"floor":12,"key":"Odd Mushroom"},{"floor":23,"key":"Nilry\u0027s Codex"}],"event_choices":[{"damage_healed":0.0,"max_hp_gain":0.0,"max_hp_loss":0.0,"gold_gain":0.0,"event_name":"Shining Light","player_choice":"Entered Light","floor":2.0,"gold_loss":0.0,"damage_taken":14.0,"cards_upgraded":["Runesmith:Defend_RS","Runesmith:Strike_RS"]},{"damage_healed":0.0,"max_hp_gain":0.0,"max_hp_loss":0.0,"gold_gain":100.0,"event_name":"Golden Shrine","player_choice":"Pray","floor":3.0,"gold_loss":0.0,"damage_taken":0.0},{"damage_healed":0,"gold_gain":0,"player_choice":"Fought Mushrooms","damage_taken":0,"max_hp_gain":0,"max_hp_loss":0,"event_name":"Mushrooms","floor":12,"gold_loss":0},{"damage_healed":0,"gold_gain":0,"player_choice":"Shed Blood","damage_taken":18,"max_hp_gain":5,"max_hp_loss":0,"event_name":"Forgotten Altar","floor":22,"gold_loss":0},{"damage_healed":0,"gold_gain":0,"player_choice":"Obtained Book","damage_taken":16,"max_hp_gain":0,"max_hp_loss":0,"event_name":"Cursed Tome","floor":23,"gold_loss":0}],"is_beta":false,"boss_relics":[{"not_picked":["Sozu","Astrolabe"],"picked":"Replay:Wanted Poster"}],"items_purged_floors":[4],"is_endless":false,"potions_floor_spawned":[1,9,10,13,16,21],"killed_by":"Shelled Parasite and Fungi","ascension_level":0}}