{"host":"p7j7o00jacnw7qzt","time":1610173231,"event":{"mods":["BaseMod","Colored Map","Colored Powertips","DeckTracker","Highlight Path","Minty Spire (QoL Compilation)","Relic Stats"],"gold_per_floor":[111,111,111,111,111,145,145,160,184,184,109,109,132,132,132,228,228,248,261,261,276,296,296,339,339,339,75,75,75,118,131,131,227,290,309,322,197,216,216,256,256,287,287,306,322,357,376,417,417,417,417,417,417,133,166,166],"floor_reached":57,"playtime":2185,"items_purged":["Strike_G","Strike_G","Strike_G","Defend_G"],"score":2941,"play_id":"5547c0d2-2ffb-4c5f-8b13-83c9c4aa7a83","local_time":"20210109012031","is_ascension_mode":true,"campfire_choices":[{"data":"Corpse Explosion","floor":7.0,"key":"SMITH"},{"data":"Acrobatics","floor":10.0,"key":"SMITH"},{"data":"Acrobatics","floor":15.0,"key":"SMITH"},{"data":"Catalyst","floor":23.0,"key":"SMITH"},{"floor":25.0,"key":"REST"},{"floor":29.0,"key":"RECALL"},{"floor":32.0,"key":"REST"},{"floor":49.0,"key":"REST"},{"data":"Burst","floor":53.0,"key":"SMITH"}],"circlet_count":0,"master_deck":["AscendersBane","Defend_G","Defend_G","Defend_G","Survivor","Neutralize+1","PiercingWail","Corpse Explosion+1","Acrobatics+1","Acrobatics+1","Venomology","Catalyst+1","Catalyst+1","Catalyst+1","Concentrate+1","Burst+1","Prepared+1","Escape Plan","Tactician"],"relics":["Ring of the Snake","NeowsBlessing","Golden Idol","Regal Pillow","StoneCalendar","SacredBark","Bottled Lightning","Ornamental Fan","DollysMirror","Blue Candle","Tiny House","Oddly Smooth Stone","Kunai","Meat on the Bone","Bronze Scales","Whetstone","Lizard Tail"],"acts_visited":["Exordium","TheCity","TheBeyond","TheEnding"],"potions_floor_usage":[55,56],"damage_taken":[{"damage":0.0,"enemies":"2 Louse","floor":1.0,"turns":1.0},{"damage":0.0,"enemies":"3 Sentries","floor":6.0,"turns":1.0},{"damage":0.0,"enemies":"Small Slimes","floor":8.0,"turns":1.0},{"damage":0.0,"enemies":"Cultist","floor":13.0,"turns":3.0},{"damage":2.0,"enemies":"The Guardian","floor":16.0,"turns":9.0},{"damage":9.0,"enemies":"3 Byrds","floor":18.0,"turns":3.0},{"damage":5.0,"enemies":"Shell Parasite","floor":19.0,"turns":7.0},{"damage":5.0,"enemies":"Snake Plant","floor":21.0,"turns":7.0},{"damage":11.0,"enemies":"Chosen and Byrds","floor":22.0,"turns":7.0},{"damage":17.0,"enemies":"Gremlin Leader","floor":24.0,"turns":3.0},{"damage":34.0,"enemies":"Book of Stabbing","floor":30.0,"turns":3.0},{"damage":1.0,"enemies":"Sentry and Sphere","floor":31.0,"turns":2.0},{"damage":18.0,"enemies":"Champ","floor":33.0,"turns":4.0},{"damage":0.0,"enemies":"Orb Walker","floor":35.0,"turns":1.0},{"damage":10.0,"enemies":"3 Darklings","floor":36.0,"turns":2.0},{"damage":0.0,"enemies":"Sphere and 2 Shapes","floor":38.0,"turns":1.0},{"damage":9.0,"enemies":"Reptomancer","floor":40.0,"turns":2.0},{"damage":0.0,"enemies":"Giant Head","floor":42.0,"turns":2.0},{"damage":10.0,"enemies":"Writhing Mass","floor":44.0,"turns":3.0},{"damage":0.0,"enemies":"Jaw Worm Horde","floor":45.0,"turns":1.0},{"damage":14.0,"enemies":"Reptomancer","floor":46.0,"turns":2.0},{"damage":12.0,"enemies":"Spire Growth","floor":47.0,"turns":2.0},{"damage":30.0,"enemies":"Nemesis","floor":48.0,"turns":3.0},{"damage":24.0,"enemies":"Time Eater","floor":50.0,"turns":2.0},{"damage":22.0,"enemies":"Donu and Deca","floor":51.0,"turns":6.0},{"damage":2,"enemies":"Shield and Spear","floor":55,"turns":2},{"damage":124,"enemies":"The Heart","floor":56,"turns":6}],"seed_played":"1596881935343920168","potions_obtained":[{"floor":6.0,"key":"Dexterity Potion"},{"floor":8.0,"key":"Explosive Potion"},{"floor":13.0,"key":"Poison Potion"},{"floor":16.0,"key":"Block Potion"},{"floor":18.0,"key":"Weak Potion"},{"floor":19.0,"key":"CunningPotion"},{"floor":24.0,"key":"Fire Potion"},{"floor":33.0,"key":"LiquidMemories"},{"floor":34.0,"key":"EntropicBrew"},{"floor":40.0,"key":"SkillPotion"},{"floor":42.0,"key":"Poison Potion"}],"is_trial":false,"path_per_floor":["M","?","?","?","?","E","R","M","T","R","$","?","M","?","R","B",null,"M","M","?","M","M","R","E","R","T","$","?","R","E","M","R","B",null,"M","M","$","M","?","E","?","E","T","M","M","E","M","E","R","B","B",null,"R","$","E","B",null],"character_chosen":"THE_SILENT","items_purchased":["DollysMirror","Tactician","Block Potion"],"campfire_rested":3,"item_purchase_floors":[27,54,54],"current_hp_per_floor":[59,52,52,52,52,52,52,52,52,52,52,57,57,31,31,29,56,47,42,42,37,26,26,9,43,43,43,43,43,9,8,42,24,60,60,50,50,50,50,41,41,41,41,43,43,41,41,23,59,47,37,62,62,62,60,19],"gold":166,"neow_bonus":"THREE_ENEMY_KILL","is_daily":false,"chose_seed":false,"campfire_upgraded":5,"win_rate":0.0,"timestamp":1610173231,"path_taken":["M","?","?","?","?","E","R","?","T","R","?","?","M","?","R","BOSS","M","M","?","M","M","R","E","R","T","$","?","R","E","?","R","BOSS","M","M","?","?","?","E","?","E","T","M","M","E","?","E","R","BOSS","BOSS","R","$","E","BOSS"],"items_purchased_type":["Relic","Card","Potion"],"build_version":"2020-12-22","purchased_purges":4,"victory":true,"max_hp_per_floor":[66,66,66,60,60,60,60,60,60,60,60,65,65,65,65,65,65,65,65,65,65,65,65,65,65,65,65,65,65,65,65,65,65,70,70,70,70,70,70,70,70,70,70,70,70,70,70,70,70,70,70,70,70,70,70,70],"relic_stats":{"Regal Pillow":45,"counters":[27,86],"Golden Idol":217,"Blue Candle":[3],"StoneCalendar":[102],"Whetstone":[],"Lizard Tail":0,"Ornamental Fan":[0],"Bronze Scales":[76],"Kunai":[0],"obtain_stats":[{"Regal Pillow":6,"Tiny House":34,"NeowsBlessing":0,"Golden Idol":4,"SacredBark":17,"Blue Candle":30,"Oddly Smooth Stone":40,"StoneCalendar":14,"Whetstone":48,"Lizard Tail":55,"Ornamental Fan":26,"DollysMirror":27,"Bronze Scales":46,"Bottled Lightning":24,"Kunai":42,"Ring of the Snake":0,"Meat on the Bone":43},{"Regal Pillow":2,"Tiny House":13,"NeowsBlessing":0,"Golden Idol":1,"SacredBark":5,"Blue Candle":11,"Oddly Smooth Stone":17,"StoneCalendar":4,"Whetstone":23,"Lizard Tail":26,"Ornamental Fan":10,"DollysMirror":10,"Bronze Scales":21,"Bottled Lightning":10,"Kunai":18,"Ring of the Snake":0,"Meat on the Bone":18},{"Regal Pillow":2,"Tiny House":51,"NeowsBlessing":0,"Golden Idol":1,"SacredBark":15,"Blue Candle":45,"Oddly Smooth Stone":57,"StoneCalendar":6,"Whetstone":70,"Lizard Tail":80,"Ornamental Fan":42,"DollysMirror":42,"Bronze Scales":65,"Bottled Lightning":42,"Kunai":59,"Ring of the Snake":0,"Meat on the Bone":59}],"Ring of the Snake":[54],"Meat on the Bone":84},"card_choices":[{"not_picked":["Deflect","All Out Attack"],"picked":"PiercingWail","floor":1.0},{"not_picked":["Setup","Cloak And Dagger"],"picked":"Corpse Explosion","floor":6.0},{"not_picked":["Deflect","Cloak And Dagger"],"picked":"Acrobatics","floor":8.0},{"not_picked":["Poisoned Stab","Slice"],"picked":"Acrobatics","floor":13.0},{"not_picked":["Glass Knife","Corpse Explosion"],"picked":"Venomology","floor":16.0},{"not_picked":["Bane+1","Sucker Punch+1","Leg Sweep"],"picked":"SKIP","floor":18.0},{"not_picked":["Deadly Poison","Poisoned Stab","Sucker Punch"],"picked":"SKIP","floor":19.0},{"not_picked":["Wraith Form v2","Blade Dance"],"picked":"Catalyst","floor":21.0},{"not_picked":["Slice","Outmaneuver","Masterful Stab"],"picked":"SKIP","floor":22.0},{"not_picked":["Flying Knee","Masterful Stab+1","Dagger Spray+1"],"picked":"SKIP","floor":24.0},{"not_picked":["Backflip","Expertise+1"],"picked":"Concentrate","floor":30.0},{"not_picked":["PiercingWail","Outmaneuver","Backflip"],"picked":"SKIP","floor":31.0},{"not_picked":["Adrenaline","Corpse Explosion"],"picked":"Burst","floor":33.0},{"not_picked":["Cloak And Dagger","Masterful Stab","PiercingWail"],"picked":"SKIP","floor":35.0},{"not_picked":["Well Laid Plans","Eviscerate+1"],"picked":"Prepared+1","floor":36.0},{"not_picked":["Acrobatics+1","PiercingWail","Dagger Spray"],"picked":"SKIP","floor":38.0},{"not_picked":["Venomology","Prepared","Bullet Time"],"picked":"SKIP","floor":40.0},{"not_picked":["Accuracy","Caltrops","Deadly Poison"],"picked":"SKIP","floor":42.0},{"not_picked":["Quick Slash","Deadly Poison"],"picked":"Escape Plan","floor":44.0},{"not_picked":["Endless Agony+1","Setup","Bane"],"picked":"SKIP","floor":45.0},{"not_picked":["Outmaneuver+1","All Out Attack","Riddle With Holes"],"picked":"SKIP","floor":46.0},{"not_picked":["Quick Slash","PiercingWail+1","Catalyst"],"picked":"SKIP","floor":47.0},{"not_picked":["Choke","Slice+1","Endless Agony"],"picked":"SKIP","floor":48.0},{"not_picked":["Outmaneuver","Unload","Underhanded Strike"],"picked":"SKIP","floor":55}],"player_experience":1020648,"relics_obtained":[{"floor":6.0,"key":"Regal Pillow"},{"floor":24.0,"key":"Bottled Lightning"},{"floor":26.0,"key":"Ornamental Fan"},{"floor":30.0,"key":"Blue Candle"},{"floor":40.0,"key":"Oddly Smooth Stone"},{"floor":42.0,"key":"Kunai"},{"floor":43.0,"key":"Meat on the Bone"},{"floor":46.0,"key":"Bronze Scales"},{"floor":48.0,"key":"Whetstone"},{"floor":55,"key":"Lizard Tail"}],"event_choices":[{"cards_removed":["Strike_G"],"damage_healed":0.0,"max_hp_gain":0.0,"max_hp_loss":0.0,"gold_gain":0.0,"event_name":"Golden Wing","player_choice":"Card Removal","floor":2.0,"gold_loss":0.0,"damage_taken":7.0},{"cards_removed":["Defend_G"],"damage_healed":0.0,"max_hp_gain":0.0,"max_hp_loss":0.0,"gold_gain":0.0,"event_name":"Living Wall","player_choice":"Forget","floor":3.0,"gold_loss":0.0,"damage_taken":0.0},{"damage_healed":0.0,"max_hp_gain":0.0,"max_hp_loss":6.0,"gold_gain":0.0,"event_name":"Golden Idol","player_choice":"Lose Max HP","floor":4.0,"gold_loss":0.0,"damage_taken":0.0,"relics_obtained":["Golden Idol"]},{"damage_healed":0.0,"max_hp_gain":0.0,"max_hp_loss":0.0,"gold_gain":0.0,"event_name":"Upgrade Shrine","player_choice":"Upgraded","floor":5.0,"gold_loss":0.0,"damage_taken":0.0,"cards_upgraded":["Neutralize"]},{"damage_healed":0.0,"max_hp_gain":5.0,"max_hp_loss":0.0,"gold_gain":0.0,"event_name":"Big Fish","player_choice":"Donut","floor":12.0,"gold_loss":0.0,"damage_taken":0.0},{"damage_healed":0.0,"max_hp_gain":0.0,"max_hp_loss":0.0,"gold_gain":0.0,"event_name":"Scrap Ooze","player_choice":"Success","floor":14.0,"gold_loss":0.0,"damage_taken":26.0,"relics_obtained":["StoneCalendar"]},{"damage_healed":0.0,"max_hp_gain":0.0,"max_hp_loss":0.0,"gold_gain":0.0,"event_name":"Vampires","player_choice":"Ignored","floor":20.0,"gold_loss":0.0,"damage_taken":0.0},{"damage_healed":0.0,"max_hp_gain":0.0,"max_hp_loss":0.0,"gold_gain":0.0,"event_name":"Duplicator","player_choice":"Copied","floor":28.0,"gold_loss":0.0,"damage_taken":0.0,"cards_obtained":["Catalyst"]},{"cards_removed":["Strike_G"],"damage_healed":0.0,"max_hp_gain":0.0,"max_hp_loss":0.0,"gold_gain":0.0,"event_name":"Falling","player_choice":"Removed Attack","floor":39.0,"gold_loss":0.0,"damage_taken":0.0},{"damage_healed":0.0,"max_hp_gain":0.0,"max_hp_loss":0.0,"gold_gain":0.0,"event_name":"Lab","player_choice":"Got Potions","floor":41.0,"gold_loss":0.0,"damage_taken":0.0}],"is_beta":false,"boss_relics":[{"not_picked":["Busted Crown","Cursed Key"],"picked":"SacredBark"},{"not_picked":["SlaversCollar","Snecko Eye"],"picked":"Tiny House"}],"items_purged_floors":[11,27,37,54],"is_endless":false,"potions_floor_spawned":[6,8,13,16,18,19,24,30,33,40,42,46,47],"ascension_level":20}}