{"host":"ktg5lwritr12xyhv","time":1610195579,"event":{"mods":["ATMod(阿瑾Mod)","Aspiration","BaseMod","Challenge The Spire","Conspire","Downfall","Hermit","Minty Spire (QoL Compilation)","Quick Restart","Relic Stats","Replay The Spire","Robot Space Explorer","RumiaBox-露米娅的神秘盒子","SIMod","Spicy Shops","StSLib","The Alterego","The Dragon Tamer","vexMod","篝火指南"],"gold_per_floor":[100,100,100,100,25,25,25,60,45,45,45,76,93,126,141,240,240,165,176,135,148,159,169,192,117,117,117],"floor_reached":26,"playtime":3186,"items_purged":["alterego_mod:Strike","Regret"],"score":272,"play_id":"a660670d-4761-48ae-8a75-a5c3d2f944df","local_time":"20210109203259","is_ascension_mode":false,"campfire_choices":[{"data":"AT_FamilyPortrait","floor":1.0,"key":"SMITH"},{"data":"alterego_mod:Exercise","floor":6.0,"key":"SMITH"},{"data":"alterego_mod:BigMeatyClaws","floor":11.0,"key":"SMITH"},{"floor":18.0,"key":"RECALL"},{"data":"alterego_mod:Tantrum","floor":25,"key":"SMITH"}],"circlet_count":0,"master_deck":["alterego_mod:Strike","alterego_mod:Strike","alterego_mod:Strike","alterego_mod:Defend","alterego_mod:Defend","alterego_mod:Defend","alterego_mod:Defend+1","alterego_mod:Impale","alterego_mod:BigMeatyClaws+1","alterego_mod:BrynhildrsRune+1","AT_FamilyPortrait+1","alterego_mod:Exercise+1","alterego_mod:Lingerie+1","alterego_mod:SuperDuperMasochism+1","alterego_mod:DiscoLights+1","alterego_mod:Rake","alterego_mod:SakuraLabyrinth","alterego_mod:DeftHands","alterego_mod:STier","alterego_mod:Tantrum+1","alterego_mod:TrashNCrash","alterego_mod:Undulate","Clumsy","alterego_mod:BreastValley","alterego_mod:ChallengeComplete+1","alterego_mod:Birthday","alterego_mod:1TonWallop+1"],"relics":["alterego_mod:MasochisticConstitution","AT_ATBox","downfall:HeartsMalice","conspire:Flyswatter","Vajra","War Paint","MagicDraw2","conspire:RunicOctahedron","downfall:HeartBlessingGreen","ReplayTheSpireMod:CursedCoin","Toy Ornithopter","downfall:HeartBlessingRed"],"acts_visited":["Exordium","TheCity"],"potions_floor_usage":[26],"damage_taken":[{"damage":0.0,"enemies":"Jaw Worm","floor":2.0,"turns":1.0},{"damage":0.0,"enemies":"Cultist","floor":4.0,"turns":1.0},{"damage":0.0,"enemies":"downfall:FleeingMerchant","floor":5.0,"turns":1.0},{"damage":28.0,"enemies":"Gremlin Nob","floor":8.0,"turns":4.0},{"damage":5.0,"enemies":"downfall:FleeingMerchant","floor":9.0,"turns":4.0},{"damage":2.0,"enemies":"3 Sentries","floor":12.0,"turns":4.0},{"damage":0.0,"enemies":"2 Louse","floor":13.0,"turns":2.0},{"damage":3.0,"enemies":"Lagavulin","floor":14.0,"turns":8.0},{"damage":3.0,"enemies":"Blue Slaver","floor":15.0,"turns":5.0},{"damage":31.0,"enemies":"downfall:Watcher","floor":16.0,"turns":6.0},{"damage":31.0,"enemies":"3 Byrds","floor":19.0,"turns":6.0},{"damage":30.0,"enemies":"downfall:FleeingMerchant","floor":20.0,"turns":4.0},{"damage":0.0,"enemies":"conspire:HollyBat","floor":21.0,"turns":6.0},{"damage":0,"enemies":"Centurion and Healer","floor":22,"turns":13},{"damage":0,"enemies":"Snecko","floor":23,"turns":6},{"damage":31,"enemies":"Gremlin Leader","floor":26,"turns":2}],"seed_played":"-4420746682646646959","potions_obtained":[{"floor":8.0,"key":"DuplicationPotion"},{"floor":12.0,"key":"Adrenaline Potion"},{"floor":14.0,"key":"Elixir"},{"floor":15.0,"key":"Cursed Concoction"},{"floor":19.0,"key":"Venom Potion"}],"is_trial":false,"path_per_floor":["R","M","?","M","$","R","T","E","$","?","R","E","M","E","M","B",null,"R","M","$","M","M","M","T","R","E"],"character_chosen":"The_Alterego","items_purchased":["ReplayTheSpireMod:CursedCoin","alterego_mod:BreastValley"],"campfire_rested":0,"item_purchase_floors":[20,20],"current_hp_per_floor":[70,70,70,70,70,70,70,43,39,39,39,38,38,40,38,8,76,76,50,21,21,21,23,23,23,0,0],"gold":117,"neow_bonus":"THREE_ENEMY_KILL","is_daily":false,"chose_seed":false,"campfire_upgraded":4,"win_rate":0.0,"timestamp":1610195579,"path_taken":["R","M","?","?","$","R","T","E","$","?","R","E","M","E","M","BOSS","R","M","$","M","M","M","T","R","E"],"items_purchased_type":["Relic","Card"],"build_version":"2020-12-22","purchased_purges":2,"victory":false,"max_hp_per_floor":[70,70,70,70,70,70,70,71,72,72,72,73,73,74,75,76,76,76,81,82,82,82,82,82,82,82,82],"relic_stats":{"counters":[16,70],"War Paint":["alterego_mod:SuperDuperMasochism","alterego_mod:BrynhildrsRune"],"obtain_stats":[{"alterego_mod:MasochisticConstitution":0,"AT_ATBox":0,"downfall:HeartBlessingRed":25,"ReplayTheSpireMod:CursedCoin":20,"Vajra":8,"downfall:HeartsMalice":0,"conspire:RunicOctahedron":17,"downfall:HeartBlessingGreen":18,"War Paint":12,"MagicDraw2":14,"Toy Ornithopter":24,"conspire:Flyswatter":7},{"alterego_mod:MasochisticConstitution":0,"AT_ATBox":0,"downfall:HeartBlessingRed":15,"ReplayTheSpireMod:CursedCoin":12,"Vajra":4,"downfall:HeartsMalice":0,"conspire:RunicOctahedron":10,"downfall:HeartBlessingGreen":10,"War Paint":6,"MagicDraw2":8,"Toy Ornithopter":15,"conspire:Flyswatter":3},{"alterego_mod:MasochisticConstitution":0,"AT_ATBox":0,"downfall:HeartBlessingRed":68,"ReplayTheSpireMod:CursedCoin":43,"Vajra":4,"downfall:HeartsMalice":0,"conspire:RunicOctahedron":33,"downfall:HeartBlessingGreen":33,"War Paint":12,"MagicDraw2":22,"Toy Ornithopter":68,"conspire:Flyswatter":0}],"Toy Ornithopter":5},"card_choices":[{"not_picked":["alterego_mod:1TonWallop","alterego_mod:Jiggle"],"picked":"alterego_mod:Exercise","floor":2.0},{"not_picked":["alterego_mod:PerceptionDisorder","alterego_mod:GachaTicket"],"picked":"alterego_mod:Lingerie","floor":4.0},{"not_picked":["alterego_mod:Bounce","alterego_mod:BusterCard"],"picked":"alterego_mod:SuperDuperMasochism","floor":5.0},{"not_picked":["alterego_mod:Crossover","alterego_mod:BiFurious"],"picked":"alterego_mod:DiscoLights","floor":8.0},{"not_picked":["alterego_mod:PerceptionDisorder","alterego_mod:Cycle"],"picked":"alterego_mod:Rake","floor":9.0},{"not_picked":["alterego_mod:GachaTicket","alterego_mod:GoddessCore"],"picked":"alterego_mod:SakuraLabyrinth","floor":12.0},{"not_picked":["alterego_mod:Skirt","alterego_mod:Santa","alterego_mod:Pet"],"picked":"SKIP","floor":13.0},{"not_picked":["alterego_mod:DestructionOfProperty","alterego_mod:Jiggle"],"picked":"alterego_mod:DeftHands","floor":14.0},{"not_picked":["alterego_mod:Complex","alterego_mod:Skirt"],"picked":"alterego_mod:STier","floor":15.0},{"not_picked":["alterego_mod:Palingenesis","alterego_mod:Antipathy"],"picked":"alterego_mod:Tantrum","floor":16.0},{"not_picked":["alterego_mod:1TonWallop","alterego_mod:Clones"],"picked":"alterego_mod:TrashNCrash","floor":19.0},{"not_picked":["alterego_mod:Complex","alterego_mod:Clap"],"picked":"alterego_mod:Undulate","floor":20.0},{"not_picked":["alterego_mod:Belle+1","alterego_mod:Cycle"],"picked":"alterego_mod:ChallengeComplete+1","floor":21.0},{"not_picked":["alterego_mod:PerceptionDisorder+1","alterego_mod:Mirror"],"picked":"alterego_mod:Birthday","floor":22},{"not_picked":["alterego_mod:BusterCard","alterego_mod:Jiggle+1"],"picked":"alterego_mod:1TonWallop+1","floor":23}],"player_experience":230733,"relics_obtained":[{"floor":7.0,"key":"conspire:Flyswatter"},{"floor":8.0,"key":"Vajra"},{"floor":12.0,"key":"War Paint"},{"floor":14.0,"key":"MagicDraw2"},{"floor":24,"key":"Toy Ornithopter"}],"event_choices":[{"damage_healed":0.0,"max_hp_gain":0.0,"max_hp_loss":0.0,"gold_gain":0.0,"event_name":"NoteForYourself","player_choice":"Ignored","floor":3.0,"gold_loss":0.0,"damage_taken":0.0}],"is_beta":false,"boss_relics":[{"not_picked":["vexMod:MegatonBomb","Snecko Eye"],"picked":"conspire:RunicOctahedron"}],"items_purged_floors":[5,20],"is_endless":false,"potions_floor_spawned":[8,12,14,15,19],"killed_by":"Gremlin Leader","ascension_level":0}}