{"host":"oiw60b5ins9fyx34","time":1610203950,"event":{"mods":["BaseMod","Colored Map","Colored Powertips","Minty Spire (QoL Compilation)","Permanent Neow","Quick Restart","Relic Stats","StSLib"],"gold_per_floor":[118,134,134,153,153,196,196,216,288,288,307,307,320,351,351,475,475,475],"floor_reached":17,"playtime":1014,"items_purged":[],"score":167,"play_id":"93daf701-9dfb-4cf6-a27c-8baa96491da8","local_time":"20210109235230","is_ascension_mode":false,"campfire_choices":[{"data":"Doom and Gloom","floor":7,"key":"SMITH"},{"floor":12,"key":"REST"},{"floor":15,"key":"REST"}],"circlet_count":0,"master_deck":["Strike_B","Strike_B","Strike_B","Strike_B","Defend_B","Defend_B","Defend_B","Defend_B","Zap","Dualcast","Steam","Coolheaded","Streamline","Doom and Gloom+1","Compile Driver","Loop","Leap","Amplify","Multi-Cast"],"relics":["Cracked Core","Turnip","Golden Idol","Unceasing Top","Gremlin Horn","PreservedInsect","Smiling Mask","SlaversCollar"],"acts_visited":["Exordium","TheCity"],"potions_floor_usage":[5],"damage_taken":[{"damage":1,"enemies":"Jaw Worm","floor":1,"turns":4},{"damage":1,"enemies":"2 Louse","floor":2,"turns":2},{"damage":0,"enemies":"Cultist","floor":4,"turns":3},{"damage":28,"enemies":"Lagavulin","floor":6,"turns":6},{"damage":4,"enemies":"Large Slime","floor":8,"turns":4},{"damage":4,"enemies":"Exordium Wildlife","floor":11,"turns":3},{"damage":9,"enemies":"Blue Slaver","floor":13,"turns":3},{"damage":14,"enemies":"Gremlin Nob","floor":14,"turns":3},{"damage":35,"enemies":"Slime Boss","floor":16,"turns":13}],"seed_played":"1638200109952485895","potions_obtained":[{"floor":2,"key":"Fruit Juice"},{"floor":6,"key":"Dexterity Potion"},{"floor":11,"key":"FearPotion"},{"floor":16,"key":"LiquidMemories"}],"is_trial":false,"path_per_floor":["M","M","?","M","?","E","R","M","T","T","M","R","M","E","R","B",null],"character_chosen":"DEFECT","items_purchased":[],"campfire_rested":2,"item_purchase_floors":[],"current_hp_per_floor":[67,66,66,66,54,26,26,22,22,22,18,39,30,16,37,2,73,73],"gold":475,"neow_bonus":"ONE_RARE_RELIC","is_daily":false,"chose_seed":false,"campfire_upgraded":1,"win_rate":0.0,"timestamp":1610203950,"path_taken":["M","M","?","M","?","E","R","M","T","?","M","R","?","E","R","BOSS"],"items_purchased_type":[],"build_version":"2020-12-22","purchased_purges":0,"victory":false,"max_hp_per_floor":[68,68,68,68,73,73,73,73,73,73,73,73,73,73,73,73,73,73],"relic_stats":{"Gremlin Horn":[4,4],"counters":[9,41],"Golden Idol":51,"Turnip":[7],"PreservedInsect":21,"Smiling Mask":0,"obtain_stats":[{"SlaversCollar":17,"Gremlin Horn":9,"Golden Idol":5,"Turnip":0,"PreservedInsect":10,"Cracked Core":0,"Smiling Mask":14,"Unceasing Top":6},{"SlaversCollar":9,"Gremlin Horn":5,"Golden Idol":3,"Turnip":0,"PreservedInsect":5,"Cracked Core":0,"Smiling Mask":8,"Unceasing Top":4},{"SlaversCollar":41,"Gremlin Horn":19,"Golden Idol":9,"Turnip":0,"PreservedInsect":19,"Cracked Core":0,"Smiling Mask":28,"Unceasing Top":15}],"Unceasing Top":[0]},"card_choices":[{"not_picked":["Gash","Hello World"],"picked":"Steam","floor":1},{"not_picked":["Redo","Darkness"],"picked":"Coolheaded","floor":2},{"not_picked":["Aggregate","Stack"],"picked":"Streamline","floor":4},{"not_picked":["Hologram","BootSequence"],"picked":"Doom and Gloom","floor":6},{"not_picked":["Reprogram","Streamline"],"picked":"Compile Driver","floor":8},{"not_picked":["Hologram","Conserve Battery"],"picked":"Loop","floor":11},{"not_picked":["Beam Cell","Rebound"],"picked":"Leap","floor":13},{"not_picked":["Doom and Gloom","Compile Driver"],"picked":"Amplify","floor":14},{"not_picked":["Hyperbeam","All For One"],"picked":"Multi-Cast","floor":16}],"player_experience":592141,"relics_obtained":[{"floor":6,"key":"Unceasing Top"},{"floor":9,"key":"Gremlin Horn"},{"floor":10,"key":"PreservedInsect"},{"floor":14,"key":"Smiling Mask"}],"event_choices":[{"damage_healed":0,"gold_gain":0,"player_choice":"Ignored","damage_taken":0,"max_hp_gain":0,"max_hp_loss":0,"event_name":"Liars Game","floor":3,"gold_loss":0},{"damage_healed":0,"gold_gain":0,"player_choice":"Take Damage","damage_taken":17,"relics_obtained":["Golden Idol"],"max_hp_gain":0,"max_hp_loss":0,"event_name":"Golden Idol","floor":5,"gold_loss":0}],"is_beta":false,"boss_relics":[{"not_picked":["Fusion Hammer","Runic Dome"],"picked":"SlaversCollar"}],"items_purged_floors":[],"is_endless":false,"potions_floor_spawned":[2,6,11,16],"ascension_level":0}}