{"host":"l60rmjjsfi0fipmi","time":1610227455,"event":{"mods":["BaseMod","Colored Map","DeckTracker","Highlight Path","Minty Spire (QoL Compilation)"],"gold_per_floor":[116,130,80,149,166,197,197,227,227,227,26,40,70,86,86,189,189,199,208,208,60,80,80,121,149,221,221,262,282,282,282,282],"floor_reached":31,"playtime":1788,"items_purged":[],"score":311,"play_id":"8367a193-aa7d-498f-a0ef-d584853aba14","local_time":"20210109162415","is_ascension_mode":true,"campfire_choices":[{"floor":7,"key":"REST"},{"floor":10,"key":"REST"},{"floor":15,"key":"REST"},{"data":"True Grit","floor":23,"key":"SMITH"},{"floor":27,"key":"REST"}],"circlet_count":0,"master_deck":["Strike_R","Strike_R","Strike_R","Strike_R","Defend_R","Defend_R","Defend_R","Defend_R","Bash+1","Rampage","Battle Trance","Sentinel","True Grit+1","Blood for Blood","Shrug It Off","Anger","Body Slam","Offering","Writhe","Dark Embrace+1","Clothesline+1","Cleave+1","Double Tap","Seeing Red"],"relics":["Black Blood","Happy Flower","Sundial","Vajra","Lantern","CeramicFish","Lee\u0027s Waffle","Blood Vial","Molten Egg 2","StoneCalendar"],"acts_visited":["Exordium","TheCity"],"potions_floor_usage":[8,16,24,24,28,29],"damage_taken":[{"damage":6,"enemies":"Jaw Worm","floor":1,"turns":5},{"damage":13,"enemies":"Small Slimes","floor":2,"turns":4},{"damage":2,"enemies":"2 Louse","floor":5,"turns":3},{"damage":67,"enemies":"Gremlin Nob","floor":6,"turns":6},{"damage":19,"enemies":"3 Sentries","floor":8,"turns":10},{"damage":13,"enemies":"Exordium Wildlife","floor":12,"turns":5},{"damage":14,"enemies":"Blue Slaver","floor":14,"turns":3},{"damage":42,"enemies":"Hexaghost","floor":16,"turns":8},{"damage":59,"enemies":"Chosen","floor":18,"turns":8},{"damage":17,"enemies":"2 Thieves","floor":22,"turns":5},{"damage":52,"enemies":"Slavers","floor":24,"turns":7},{"damage":25,"enemies":"Snecko","floor":25,"turns":7},{"damage":41,"enemies":"Gremlin Leader","floor":28,"turns":10},{"damage":32,"enemies":"Sentry and Sphere","floor":29,"turns":6},{"damage":12,"enemies":"Chosen and Byrds","floor":31,"turns":1}],"seed_played":"-8389987692684375982","potions_obtained":[{"floor":5,"key":"SneckoOil"},{"floor":6,"key":"DuplicationPotion"},{"floor":8,"key":"Strength Potion"},{"floor":12,"key":"Dexterity Potion"},{"floor":18,"key":"Explosive Potion"},{"floor":22,"key":"Fire Potion"},{"floor":25,"key":"LiquidBronze"}],"is_trial":false,"path_per_floor":["M","M","?","?","M","E","R","E","T","R","$","M","?","M","R","B",null,"M","?","?","$","M","R","E","M","T","R","E","M","?","M"],"character_chosen":"IRONCLAD","items_purchased":["Lantern","Shrug It Off","Lee\u0027s Waffle"],"campfire_rested":4,"item_purchase_floors":[11,11,21],"current_hp_per_floor":[80,73,73,73,77,16,40,27,27,51,51,44,44,36,60,24,80,33,33,18,92,87,87,47,36,36,63,36,18,9,0,0],"gold":282,"neow_bonus":"UPGRADE_CARD","is_daily":false,"chose_seed":false,"campfire_upgraded":1,"win_rate":0.0,"timestamp":1610227455,"path_taken":["M","M","?","?","M","E","R","E","T","R","$","M","?","M","R","BOSS","M","?","?","$","M","R","E","M","T","R","E","M","?","M"],"items_purchased_type":["Relic","Card","Relic"],"build_version":"2020-12-22","purchased_purges":0,"victory":false,"max_hp_per_floor":[80,80,80,80,80,80,80,80,80,80,80,80,80,80,80,80,80,80,80,85,92,92,92,92,92,92,92,92,92,92,92,92],"card_choices":[{"not_picked":["Twin Strike","Pummel"],"picked":"Rampage","floor":1},{"not_picked":["Clash","Body Slam"],"picked":"Battle Trance","floor":2},{"not_picked":["Intimidate","Havoc"],"picked":"Sentinel","floor":5},{"not_picked":["Body Slam","Anger"],"picked":"True Grit","floor":6},{"not_picked":["Twin Strike","Offering"],"picked":"Blood for Blood","floor":8},{"not_picked":["Cleave","Rage"],"picked":"Anger","floor":12},{"not_picked":["Evolve","Anger"],"picked":"Body Slam","floor":14},{"not_picked":["Immolate","Barricade"],"picked":"Offering","floor":16},{"not_picked":["Hemokinesis","Searing Blow","Evolve"],"picked":"SKIP","floor":18},{"not_picked":["Sentinel","Headbutt"],"picked":"Dark Embrace+1","floor":22},{"not_picked":["Sentinel","Bludgeon"],"picked":"Clothesline+1","floor":24},{"not_picked":["Dropkick","Pummel"],"picked":"Cleave+1","floor":25},{"not_picked":["Warcry","Seeing Red"],"picked":"Double Tap","floor":28},{"not_picked":["Pommel Strike+1","Sword Boomerang+1"],"picked":"Seeing Red","floor":29}],"player_experience":304806,"relics_obtained":[{"floor":6,"key":"Happy Flower"},{"floor":8,"key":"Sundial"},{"floor":9,"key":"Vajra"},{"floor":24,"key":"Blood Vial"},{"floor":26,"key":"Molten Egg 2"},{"floor":28,"key":"StoneCalendar"}],"event_choices":[{"cards_removed":["Strike_R"],"damage_healed":0,"gold_gain":0,"player_choice":"Card Removal","damage_taken":0,"max_hp_gain":0,"max_hp_loss":0,"event_name":"The Cleric","floor":3,"gold_loss":50},{"damage_healed":0,"gold_gain":69,"player_choice":"Gained Gold","damage_taken":0,"max_hp_gain":0,"max_hp_loss":0,"event_name":"Golden Wing","floor":4,"gold_loss":0},{"damage_healed":0,"gold_gain":30,"player_choice":"Searched \u00271\u0027 times","damage_taken":0,"max_hp_gain":0,"max_hp_loss":0,"event_name":"Dead Adventurer","floor":13,"gold_loss":0},{"damage_healed":0,"gold_gain":0,"player_choice":"Opened","damage_taken":0,"relics_obtained":["CeramicFish"],"max_hp_gain":0,"max_hp_loss":0,"event_name":"The Mausoleum","floor":19,"gold_loss":0,"cards_obtained":["Writhe"]},{"damage_healed":0,"gold_gain":0,"player_choice":"Shed Blood","damage_taken":20,"max_hp_gain":5,"max_hp_loss":0,"event_name":"Forgotten Altar","floor":20,"gold_loss":0},{"damage_healed":0,"gold_gain":0,"player_choice":"Stopped","damage_taken":9,"max_hp_gain":0,"max_hp_loss":0,"event_name":"Cursed Tome","floor":30,"gold_loss":0}],"is_beta":false,"boss_relics":[{"not_picked":["Runic Cube","Runic Pyramid"],"picked":"Black Blood"}],"items_purged_floors":[],"is_endless":false,"potions_floor_spawned":[5,6,8,12,18,22,25],"killed_by":"Chosen and Byrds","ascension_level":2}}