{"host":"jm9833yuloeli2yd","time":1610165894,"event":{"mods":["BaseMod","Better Altar","Better Match","Better Note","Better Sensory Stone","Better Skull","Better Third Choice","Better Vampires","BetterRewards","Colored Map","Colored Powertips","DeckTracker","Minty Spire (QoL Compilation)","Permanent Neow","Quick Restart","Slay-I","StSLib","SuperFastMode"],"gold_per_floor":[113,113,129,143,197,223,235,247,247,322,352,17,33,89,89,168,168,185,185,198,198,45,45,45,45,45,78,94,94,129,149,149,220,220,234,282,22,35,35,35,49,75,154,154,173,173,35,63,63,63,63,63,63,28,55,55,55],"floor_reached":56,"playtime":2186,"items_purged":["Defend_B","Decay","Strike_B"],"score":2581,"play_id":"132f0e09-d8af-4082-abcb-f2e16b6a23ce","local_time":"20210108231814","is_ascension_mode":true,"campfire_choices":[{"data":"Defragment","floor":15.0,"key":"SMITH"},{"data":"Recycle","floor":23.0,"key":"SMITH"},{"data":"Loop","floor":25.0,"key":"SMITH"},{"data":"Buffer","floor":29.0,"key":"SMITH"},{"data":"Amplify","floor":32.0,"key":"SMITH"},{"data":"Static Discharge","floor":40.0,"key":"SMITH"},{"data":"Skim","floor":44.0,"key":"SMITH"},{"data":"Dualcast","floor":46.0,"key":"SMITH"},{"floor":49.0,"key":"RECALL"},{"data":"Buffer","floor":53.0,"key":"SMITH"}],"circlet_count":0,"master_deck":["AscendersBane","Defend_B","Defend_B","Defend_B","Zap","Dualcast+1","Cold Snap","Good Instincts","Sweeping Beam","Conserve Battery","Loop+1","Cold Snap","Lockon","Recycle+1","Leap","Sunder","Defragment+1","Static Discharge+1","Amplify+1","Electrodynamics","Steam","Glacier","Buffer+1","Genetic Algorithm","Skim+1","Genetic Algorithm","Echo Form","FTL","Undo+1","Self Repair","Chill","Capacitor+1","Double Energy","FTL+1","Buffer+1","Fission","Barrage+1","Loop","Hologram+1"],"relics":["Cracked Core","Incense Burner","Matryoshka","Eternal Feather","Potion Belt","Vajra","Sundial","Bronze Scales","Girya","Mummified Hand","Oddly Smooth Stone","Coffee Dripper","Darkstone Periapt","Pantograph","Bag of Marbles","Mercury Hourglass","Empty Cage","WingedGreaves","The Courier","Orrery","StrikeDummy","Bottled Tornado"],"acts_visited":["Exordium","TheCity","TheBeyond","TheEnding"],"potions_floor_usage":[56],"damage_taken":[{"damage":0.0,"enemies":"Small Slimes","floor":1.0,"turns":3.0},{"damage":0.0,"enemies":"Cultist","floor":3.0,"turns":3.0},{"damage":2.0,"enemies":"Jaw Worm","floor":4.0,"turns":3.0},{"damage":6.0,"enemies":"Lagavulin","floor":6.0,"turns":6.0},{"damage":5.0,"enemies":"2 Fungi Beasts","floor":7.0,"turns":3.0},{"damage":11.0,"enemies":"Blue Slaver","floor":8.0,"turns":3.0},{"damage":6.0,"enemies":"Gremlin Nob","floor":11.0,"turns":3.0},{"damage":1.0,"enemies":"Exordium Wildlife","floor":13.0,"turns":3.0},{"damage":4.0,"enemies":"Lagavulin Event","floor":14.0,"turns":5.0},{"damage":6.0,"enemies":"Hexaghost","floor":16.0,"turns":9.0},{"damage":1.0,"enemies":"2 Thieves","floor":18.0,"turns":3.0},{"damage":18.0,"enemies":"Chosen","floor":20.0,"turns":4.0},{"damage":10.0,"enemies":"Slavers","floor":27.0,"turns":5.0},{"damage":3.0,"enemies":"Shelled Parasite and Fungi","floor":28.0,"turns":5.0},{"damage":0.0,"enemies":"Gremlin Leader","floor":30.0,"turns":7.0},{"damage":1.0,"enemies":"Centurion and Healer","floor":31.0,"turns":5.0},{"damage":31.0,"enemies":"Collector","floor":33.0,"turns":12.0},{"damage":9.0,"enemies":"Orb Walker","floor":35.0,"turns":3.0},{"damage":35.0,"enemies":"2 Orb Walkers","floor":36.0,"turns":4.0},{"damage":0.0,"enemies":"3 Shapes","floor":38.0,"turns":4.0},{"damage":0.0,"enemies":"Sphere and 2 Shapes","floor":41.0,"turns":5.0},{"damage":24.0,"enemies":"Reptomancer","floor":42.0,"turns":9.0},{"damage":26.0,"enemies":"Writhing Mass","floor":45.0,"turns":6.0},{"damage":0.0,"enemies":"Nemesis","floor":48.0,"turns":11.0},{"damage":42.0,"enemies":"Awakened One","floor":50.0,"turns":11.0},{"damage":0.0,"enemies":"Time Eater","floor":51.0,"turns":11.0},{"damage":98.0,"enemies":"Shield and Spear","floor":55.0,"turns":8.0},{"damage":56,"enemies":"The Heart","floor":56,"turns":11}],"seed_played":"-2243752240762008973","potions_obtained":[{"floor":3.0,"key":"DuplicationPotion"},{"floor":8.0,"key":"Strength Potion"},{"floor":11.0,"key":"DistilledChaos"},{"floor":13.0,"key":"DistilledChaos"},{"floor":14.0,"key":"SkillPotion"},{"floor":20.0,"key":"LiquidMemories"},{"floor":33.0,"key":"GamblersBrew"},{"floor":36.0,"key":"SteroidPotion"},{"floor":41.0,"key":"Explosive Potion"},{"floor":42.0,"key":"FairyPotion"},{"floor":55.0,"key":"ColorlessPotion"}],"is_trial":false,"path_per_floor":["M","?","M","M","T","E","M","M","T","?","E","$","M","?","R","B",null,"M","?","M","?","$","R","?","R","T","E","M","R","E","M","R","B",null,"M","?","$","M","?","R","M","E","T","R","M","R","$","E","R","B","B",null,"R","$","E","B"],"character_chosen":"DEFECT","items_purchased":["Cold Snap","Good Instincts","Matryoshka","Sweeping Beam","CultistPotion","Mummified Hand","SkillPotion","SkillPotion","Self Repair","Block Potion","Orrery","Loop"],"campfire_rested":0,"item_purchase_floors":[0,0,0,0,0,12,12,22,37,37,47,54],"current_hp_per_floor":[64,64,64,62,62,56,51,40,40,29,23,23,22,18,30,24,59,58,58,40,40,40,55,61,76,76,66,63,77,77,76,77,46,69,60,25,25,32,87,87,87,70,70,87,68,86,86,87,87,45,77,85,87,87,30,0,0],"gold":55,"neow_bonus":"","is_daily":false,"chose_seed":false,"campfire_upgraded":9,"win_rate":0.0,"timestamp":1610165894,"path_taken":["M","?","?","M","?","E","?","M","T","?","E","$","M","?","R","BOSS","M","?","M","?","$","R","?","R","T","E","M","R","E","M","R","BOSS","M","?","$","M","?","R","?","E","T","R","?","R","$","E","R","BOSS","BOSS","R","$","E","BOSS"],"items_purchased_type":["Card","Card","Relic","Card","Potion","Relic","Potion","Potion","Card","Potion","Relic","Card"],"build_version":"2020-12-22","purchased_purges":3,"victory":false,"max_hp_per_floor":[71,71,71,71,71,71,71,71,71,71,71,71,71,71,71,71,71,71,71,71,71,71,71,77,77,77,77,77,77,77,77,77,77,77,77,77,77,77,87,87,87,87,87,87,87,87,87,87,87,87,87,87,87,87,87,87,87],"card_choices":[{"not_picked":["Beam Cell","Redo"],"picked":"Conserve Battery","floor":1.0},{"not_picked":["Conserve Battery","Barrage"],"picked":"Loop","floor":3.0},{"not_picked":["Steam","Blizzard"],"picked":"Cold Snap","floor":4.0},{"not_picked":["Coolheaded","Hologram"],"picked":"Lockon","floor":6.0},{"not_picked":["Conserve Battery","Leap"],"picked":"Recycle","floor":7.0},{"not_picked":["Conserve Battery","White Noise","Fission"],"picked":"SKIP","floor":8.0},{"not_picked":["Barrage","Recycle"],"picked":"Leap","floor":11.0},{"not_picked":["Recycle","Scrape"],"picked":"Sunder","floor":13.0},{"not_picked":["Cold Snap","Stack"],"picked":"Defragment","floor":14.0},{"not_picked":["Buffer","Multi-Cast"],"picked":"Biased Cognition","floor":16.0},{"not_picked":["Sweeping Beam","Conserve Battery"],"picked":"Static Discharge","floor":18.0},{"not_picked":["Redo","Go for the Eyes"],"picked":"Steam","floor":20.0},{"not_picked":["Compile Driver","Defragment"],"picked":"Buffer","floor":27.0},{"not_picked":["Streamline","Melter"],"picked":"Genetic Algorithm","floor":28.0},{"not_picked":["Cold Snap","Coolheaded"],"picked":"Skim","floor":30.0},{"not_picked":["Coolheaded","Rip and Tear"],"picked":"Genetic Algorithm","floor":31.0},{"not_picked":["Hyperbeam","Seek"],"picked":"Echo Form","floor":33.0},{"not_picked":["Streamline","Hello World"],"picked":"FTL","floor":35.0},{"not_picked":["Redo","Stack"],"picked":"Undo+1","floor":36.0},{"not_picked":["Ball Lightning","Cold Snap"],"picked":"Chill","floor":38.0},{"not_picked":["Steam","BootSequence"],"picked":"Capacitor+1","floor":41.0},{"not_picked":["Scrape","Hyperbeam"],"picked":"Double Energy","floor":42.0},{"not_picked":["Auto Shields+1","Compile Driver"],"picked":"FTL+1","floor":45.0},{"not_picked":["Steam Power","Chill+1"],"picked":"Buffer","floor":47.0},{"not_picked":["Go for the Eyes","Hello World"],"picked":"Fission","floor":47.0},{"not_picked":["Heatsinks","Gash"],"picked":"Barrage+1","floor":48.0},{"not_picked":["Heatsinks","Conserve Battery+1"],"picked":"Hologram+1","floor":55.0}],"player_experience":1291110,"relics_obtained":[{"floor":5.0,"key":"Eternal Feather"},{"floor":5.0,"key":"Potion Belt"},{"floor":6.0,"key":"Vajra"},{"floor":9.0,"key":"Sundial"},{"floor":9.0,"key":"Bronze Scales"},{"floor":11.0,"key":"Girya"},{"floor":26.0,"key":"Pantograph"},{"floor":27.0,"key":"Bag of Marbles"},{"floor":30.0,"key":"Mercury Hourglass"},{"floor":36.0,"key":"WingedGreaves"},{"floor":42.0,"key":"The Courier"},{"floor":48.0,"key":"StrikeDummy"},{"floor":55.0,"key":"Bottled Tornado"}],"event_choices":[{"damage_healed":0.0,"max_hp_gain":0.0,"max_hp_loss":0.0,"gold_gain":0.0,"event_name":"Wheel of Change","player_choice":"Cursed","floor":2.0,"gold_loss":0.0,"damage_taken":0.0,"cards_obtained":["Decay"]},{"damage_healed":0.0,"max_hp_gain":0.0,"max_hp_loss":0.0,"gold_gain":75.0,"event_name":"betterThird:BetterGoop","player_choice":"Gold","floor":10.0,"gold_loss":0.0,"damage_taken":11.0},{"damage_healed":0.0,"max_hp_gain":0.0,"max_hp_loss":0.0,"gold_gain":0.0,"event_name":"Dead Adventurer","player_choice":"Searched \u00272\u0027 times","floor":14.0,"gold_loss":0.0,"damage_taken":0.0,"relics_obtained":["Oddly Smooth Stone"]},{"damage_healed":0.0,"max_hp_gain":0.0,"max_hp_loss":0.0,"gold_gain":0.0,"cards_transformed":["Strike_B","Strike_B"],"event_name":"Drug Dealer","player_choice":"Became Test Subject","floor":19.0,"gold_loss":0.0,"damage_taken":0.0,"cards_obtained":["Amplify","Electrodynamics"]},{"damage_healed":0.0,"max_hp_gain":0.0,"max_hp_loss":0.0,"gold_gain":0.0,"event_name":"The Library","player_choice":"Read","floor":21.0,"gold_loss":0.0,"damage_taken":0.0,"cards_obtained":["Glacier"]},{"damage_healed":0.0,"max_hp_gain":0.0,"max_hp_loss":0.0,"gold_gain":0.0,"event_name":"Addict","player_choice":"Stole Relic","floor":24.0,"gold_loss":0.0,"damage_taken":0.0,"relics_obtained":["Darkstone Periapt"],"cards_obtained":["Shame"]},{"damage_healed":0.0,"max_hp_gain":0.0,"max_hp_loss":0.0,"gold_gain":0.0,"event_name":"Mysterious Sphere","player_choice":"Fight","floor":36.0,"gold_loss":0.0,"damage_taken":0.0},{"cards_removed":["Biased Cognition"],"damage_healed":45.0,"max_hp_gain":10.0,"max_hp_loss":0.0,"gold_gain":0.0,"event_name":"Bonfire Elementals","player_choice":"Offered Rare","floor":39.0,"gold_loss":0.0,"damage_taken":0.0}],"is_beta":false,"boss_relics":[{"not_picked":["Runic Dome","Pandora\u0027s Box"],"picked":"Coffee Dripper"},{"not_picked":["Calling Bell","Cursed Key"],"picked":"Empty Cage"}],"items_purged_floors":[0,22,37],"is_endless":false,"potions_floor_spawned":[3,8,11,13,14,20,33,36,41,42,55],"killed_by":"The Heart","ascension_level":20}}