{"host":"vumwfieg2b2mnrfl","time":1610231901,"event":{"mods":["AchievementEnabler","BaseMod","Minty Spire (QoL Compilation)","Rare Cards Sparkle","Relic Stats"],"gold_per_floor":[117,67,81,92,92,119,119,150,150,169,183,183,195,195,195,195,195],"floor_reached":16,"playtime":576,"items_purged":[],"score":143,"play_id":"ecd7462a-5bac-461b-abc0-121a66db200c","local_time":"20210109163821","is_ascension_mode":true,"campfire_choices":[{"floor":7,"key":"REST"},{"floor":15,"key":"REST"}],"circlet_count":0,"master_deck":["Strike_P","Strike_P","Strike_P","Strike_P","Defend_P","Defend_P","Defend_P","Eruption","Vigilance","Secret Weapon","FlurryOfBlows","EmptyBody","FlyingSleeves","Protect","Evaluate","FearNoEvil","Consecrate"],"relics":["PureWater","Bottled Flame","Toy Ornithopter","HornCleat"],"acts_visited":["Exordium"],"potions_floor_usage":[8,13,14,16],"damage_taken":[{"damage":6,"enemies":"Cultist","floor":1,"turns":5},{"damage":0,"enemies":"Small Slimes","floor":3,"turns":3},{"damage":0,"enemies":"2 Louse","floor":4,"turns":1},{"damage":42,"enemies":"Lagavulin","floor":6,"turns":7},{"damage":32,"enemies":"Gremlin Nob","floor":8,"turns":4},{"damage":2,"enemies":"Red Slaver","floor":10,"turns":3},{"damage":1,"enemies":"Blue Slaver","floor":11,"turns":2},{"damage":0,"enemies":"Lots of Slimes","floor":13,"turns":3},{"damage":0,"enemies":"Gremlin Gang","floor":14,"turns":1},{"damage":42,"enemies":"Hexaghost","floor":16,"turns":11}],"seed_played":"-7852749305178365230","potions_obtained":[{"floor":6,"key":"LiquidMemories"},{"floor":10,"key":"SmokeBomb"},{"floor":12,"key":"Strength Potion"},{"floor":12,"key":"Block Potion"}],"is_trial":false,"path_per_floor":["M","?","M","M","?","E","R","E","T","M","M","?","M","M","R","B"],"character_chosen":"WATCHER","items_purchased":[],"campfire_rested":2,"item_purchase_floors":[],"current_hp_per_floor":[66,66,66,66,59,17,38,6,6,4,3,3,8,13,34,0,0],"gold":195,"neow_bonus":"RANDOM_COLORLESS_2","is_daily":false,"chose_seed":false,"campfire_upgraded":0,"win_rate":0.0,"timestamp":1610231901,"path_taken":["M","?","M","M","?","E","R","E","T","M","M","?","?","M","R","BOSS"],"items_purchased_type":[],"build_version":"2020-12-22","purchased_purges":0,"victory":false,"max_hp_per_floor":[72,72,72,72,72,72,72,72,72,72,72,72,72,72,72,72,72],"relic_stats":{"counters":[10,40],"obtain_stats":[{"Bottled Flame":6,"HornCleat":9,"PureWater":0,"Toy Ornithopter":8},{"Bottled Flame":4,"HornCleat":5,"PureWater":0,"Toy Ornithopter":5},{"Bottled Flame":16,"HornCleat":20,"PureWater":0,"Toy Ornithopter":20}],"Toy Ornithopter":15},"card_choices":[{"not_picked":["Magnetism","Sadistic Nature"],"picked":"Secret Weapon","floor":0},{"not_picked":["FollowUp","CrushJoints"],"picked":"FlurryOfBlows","floor":1},{"not_picked":["ForeignInfluence","Halt"],"picked":"EmptyBody","floor":3},{"not_picked":["EmptyFist","ThirdEye"],"picked":"FlyingSleeves","floor":4},{"not_picked":["PathToVictory","LikeWater"],"picked":"Protect","floor":6},{"not_picked":["Weave","MasterReality"],"picked":"Evaluate","floor":8},{"not_picked":["Wallop","Evaluate"],"picked":"FearNoEvil","floor":10},{"not_picked":["Indignation","JustLucky"],"picked":"Consecrate","floor":11},{"not_picked":["SashWhip","Crescendo","EmptyFist"],"picked":"SKIP","floor":13}],"player_experience":396055,"relics_obtained":[{"floor":6,"key":"Bottled Flame"},{"floor":8,"key":"Toy Ornithopter"},{"floor":9,"key":"HornCleat"}],"event_choices":[{"cards_removed":["Shame"],"damage_healed":0,"gold_gain":0,"player_choice":"Card Removal","damage_taken":0,"max_hp_gain":0,"max_hp_loss":0,"event_name":"The Cleric","floor":2,"gold_loss":50},{"cards_removed":["Defend_P"],"damage_healed":0,"gold_gain":0,"player_choice":"Card Removal","damage_taken":7,"max_hp_gain":0,"max_hp_loss":0,"event_name":"Golden Wing","floor":5,"gold_loss":0},{"damage_healed":0,"gold_gain":0,"player_choice":"Got Potions","damage_taken":0,"max_hp_gain":0,"max_hp_loss":0,"event_name":"Lab","floor":12,"gold_loss":0}],"is_beta":false,"boss_relics":[],"items_purged_floors":[],"is_endless":false,"potions_floor_spawned":[6,10],"killed_by":"Hexaghost","ascension_level":5}}