{"host":"eny0bxnatoru6fum","time":1610159610,"event":{"mods":["A Magickal Journey","AchievementEnabler","AlwaysNeverKeys","Aspiration","BaseMod","Beaked The Cultist","BetterRewards","Colored Map","Colored Powertips","Conspire","DeckTracker","Duelist Mod","Energized Spire","Glutton Mod","Halation","Hubris","Infinite Spire","Jedi Mod","Lobotomy","LobotomyExtend","Minty Spire (QoL Compilation)","Relic Sorter","Replay The Spire","Shop Mod","Spicy Shops","Spikes Relics","StSLib","Synergy Search","The Animator","The Blue Laboratory","The Bug Knight","The Cursed","The Hierophant","The Jungle","The Problem Sleuth","The Runesmith","The Sage","The Servant 0.9.4","The Spell Scribe","vexMod"],"gold_per_floor":[117,117,91,91,110,110,110],"floor_reached":6,"playtime":540,"items_purged":[],"score":36,"play_id":"0c7e0f6c-e831-4dc2-a61a-80d51aa19d98","local_time":"20210108203330","is_ascension_mode":false,"campfire_choices":[],"circlet_count":0,"master_deck":["animator:Strike_Overlord","animator:Defend_Overlord","animator:Strike+1","animator:Strike","animator:Defend","animator:Defend","animator:Cocytus","animator:Demiurge","animator:MaesHughes","animator:Souei","animator:Kaijin","animator:Evileye","hubris:NaturalOne","animator:Rimuru"],"relics":["animator:LivingPicture","hubris:Icosahedron","animator:TheMissingPiece","animator:PurgingStone","LetterFromLob","Bag of Preparation"],"acts_visited":["Exordium"],"potions_floor_usage":[6],"damage_taken":[{"damage":8,"enemies":"conspire:RoseBush","floor":1,"turns":2},{"damage":8,"enemies":"Cultist","floor":3,"turns":4},{"damage":0,"enemies":"2 Louse","floor":5,"turns":4},{"damage":44,"enemies":"Gremlin Nob","floor":6,"turns":5}],"seed_played":"-6120188618667263803","potions_obtained":[{"floor":3,"key":"Block Potion"}],"is_trial":false,"path_per_floor":["M","?","M","?","M","E"],"character_chosen":"THE_ANIMATOR","items_purchased":[],"campfire_rested":0,"item_purchase_floors":[],"current_hp_per_floor":[40,40,32,32,32,0,0],"gold":110,"neow_bonus":"TRANSFORM_TWO_CARDS","is_daily":false,"chose_seed":false,"campfire_upgraded":0,"win_rate":0.0,"timestamp":1610159610,"path_taken":["M","?","M","?","M","E"],"items_purchased_type":[],"build_version":"2020-12-22","purchased_purges":0,"victory":false,"max_hp_per_floor":[66,66,66,66,66,66,66],"card_choices":[{"not_picked":["animator:Bozes","animator:Raven"],"picked":"animator:Kaijin","floor":1},{"not_picked":["animator:DolaCouronne","animator:Raven"],"picked":"animator:Evileye","floor":3},{"not_picked":["animator:Kuribayashi","animator:Mitsuba"],"picked":"animator:Rimuru","floor":5}],"player_experience":470882,"relics_obtained":[{"floor":1,"key":"LetterFromLob"},{"floor":4,"key":"Bag of Preparation"}],"event_choices":[],"is_beta":false,"boss_relics":[],"items_purged_floors":[],"is_endless":false,"potions_floor_spawned":[3],"killed_by":"Gremlin Nob","ascension_level":0}}