{"host":"l84l8xigz5v5foa2","time":1610200556,"event":{"mods":["2.2 Compatiblity","AchievementEnabler","BaseMod","Better Note","Better Vampires","Card Filter","Colored Map","DeckTracker","Downfall","Gremlin Skip","Highlight Path","Keyboard Shortcuts","Minty Spire (QoL Compilation)","Permanent Neow","Quick Restart","Relic Filter","Relic Stats","StSLib","SuperFastMode","Transform Curses","Unknown Chances"],"gold_per_floor":[0,12,12,12,25,25,25,10,10,30,58,58,86,71,88,88,88,88],"floor_reached":16,"playtime":619,"items_purged":[],"score":266,"play_id":"40060205-c639-4f51-8530-5dad36515d2d","local_time":"20210109225556","is_ascension_mode":true,"campfire_choices":[{"data":"Apotheosis","floor":1,"key":"SMITH"},{"data":"champ:Taunt","floor":6,"key":"SMITH"},{"data":"champ:Backstep","floor":9,"key":"SMITH"},{"data":"champ:HoldFirm","floor":12,"key":"SMITH"}],"circlet_count":0,"master_deck":["AscendersBane","champ:Strike","champ:Strike","champ:Strike","champ:Strike","champ:Defend","champ:Defend","champ:Defend","champ:Defend","champ:Execute","champ:Taunt+1","Apotheosis+1","champ:Backstep+1","champ:StanceDance","champ:Encircle","champ:HoldFirm+1","champ:RisingSlash","champ:FocusedGladiator","champ:GladiatorsShout"],"relics":["champ:ChampionCrown","Torii","White Beast Statue","Ancient Tea Set"],"acts_visited":["Exordium"],"potions_floor_usage":[13],"damage_taken":[{"damage":5,"enemies":"2 Louse","floor":2,"turns":3},{"damage":11,"enemies":"Small Slimes","floor":5,"turns":4},{"damage":5,"enemies":"downfall:FleeingMerchant","floor":8,"turns":4},{"damage":12,"enemies":"Jaw Worm","floor":10,"turns":4},{"damage":46,"enemies":"3 Sentries","floor":11,"turns":10},{"damage":12,"enemies":"Lagavulin","floor":13,"turns":5},{"damage":4,"enemies":"downfall:FleeingMerchant","floor":14,"turns":4},{"damage":7,"enemies":"2 Fungi Beasts","floor":15,"turns":4},{"damage":16,"enemies":"downfall:Ironclad","floor":16,"turns":5}],"seed_played":"-5944372559042077616","potions_obtained":[{"floor":2,"key":"champ:OpenerPotion"},{"floor":11,"key":"FearPotion"},{"floor":13,"key":"sneckomod:MuddlingPotion"},{"floor":14,"key":"SmokeBomb"},{"floor":15,"key":"LiquidBronze"}],"is_trial":false,"path_per_floor":["R","M","?","?","M","R","T","$","R","M","E","R","E","$","M","B"],"character_chosen":"THE_CHAMP","items_purchased":[],"campfire_rested":0,"item_purchase_floors":[],"current_hp_per_floor":[73,73,78,88,82,82,82,82,82,75,46,46,46,46,46,30,30,30],"gold":88,"neow_bonus":"RANDOM_COLORLESS_2","is_daily":false,"chose_seed":false,"campfire_upgraded":4,"win_rate":0.0,"timestamp":1610200556,"path_taken":["R","M","?","?","M","R","T","$","R","M","E","R","E","$","M","BOSS"],"items_purchased_type":[],"build_version":"2020-12-22","purchased_purges":0,"victory":false,"max_hp_per_floor":[81,81,86,96,96,96,96,96,96,96,96,96,96,96,96,96,96,96],"relic_stats":{"Torii":4,"counters":[9,43],"obtain_stats":[{"Torii":7,"champ:ChampionCrown":0,"Ancient Tea Set":13,"White Beast Statue":11},{"Torii":2,"champ:ChampionCrown":0,"Ancient Tea Set":6,"White Beast Statue":5},{"Torii":7,"champ:ChampionCrown":0,"Ancient Tea Set":30,"White Beast Statue":25}]},"card_choices":[{"not_picked":["Violence","Magnetism"],"picked":"Apotheosis","floor":0},{"not_picked":["champ:ShieldSigil","champ:EndlessRage"],"picked":"champ:Backstep","floor":2},{"not_picked":["champ:TornadoPunch","champ:PerfectedStrike"],"picked":"champ:StanceDance","floor":5},{"not_picked":["champ:SwordThrow","champ:RageSigil","champ:Circumvent"],"picked":"SKIP","floor":8},{"not_picked":["champ:ViciousMockery","champ:RecklessLeap"],"picked":"champ:Encircle","floor":10},{"not_picked":["champ:ShieldWall","champ:HeartStrike"],"picked":"champ:HoldFirm","floor":11},{"not_picked":["champ:TornadoPunch","champ:SwordSigil"],"picked":"champ:RisingSlash","floor":13},{"not_picked":["champ:IronFortress","champ:StanceDance"],"picked":"champ:FocusedGladiator","floor":14},{"not_picked":["champ:Circumvent","champ:PerfectedStrike"],"picked":"champ:GladiatorsShout","floor":15}],"player_experience":3033875,"relics_obtained":[{"floor":7,"key":"Torii"},{"floor":11,"key":"White Beast Statue"},{"floor":13,"key":"Ancient Tea Set"}],"event_choices":[{"damage_healed":0,"gold_gain":0,"player_choice":"Donut","damage_taken":0,"max_hp_gain":5,"max_hp_loss":0,"event_name":"Big Fish","floor":3,"gold_loss":0}],"is_beta":false,"boss_relics":[],"items_purged_floors":[],"is_endless":false,"potions_floor_spawned":[2,11,13,14,15],"killed_by":"downfall:Ironclad","ascension_level":20}}