{"host":"tw7a6rmo9h75ssrt","time":1610152529,"event":{"mods":["AchievementEnabler","Act Like it!","BaseMod","Colored Map","Highlight Path","Minty Spire (QoL Compilation)","Permanent Neow","Quick Restart","Relic Stats","SuperFastMode"],"gold_per_floor":[118,43,56,71,71,71,71,71,146,146,158,7,82,93,93,167,167,167],"floor_reached":17,"playtime":391,"items_purged":["Strike_R"],"score":254,"play_id":"d0fb29a4-4183-4584-b7fb-1f1573fb8401","local_time":"20210109083529","is_ascension_mode":true,"campfire_choices":[{"floor":6.0,"key":"REST"},{"data":"Bash","floor":8.0,"key":"SMITH"},{"floor":10.0,"key":"REST"},{"data":"Whirlwind","floor":15.0,"key":"SMITH"}],"circlet_count":0,"master_deck":["AscendersBane","Strike_R","Strike_R","Defend_R","Defend_R","Defend_R","Defend_R","Bash+1","Whirlwind+1","Barricade"],"relics":["Snecko Eye","Omamori","Ornamental Fan","Coffee Dripper"],"acts_visited":["Exordium","TheCity"],"potions_floor_usage":[16],"damage_taken":[{"damage":0.0,"enemies":"2 Louse","floor":1.0,"turns":4.0},{"damage":0.0,"enemies":"Small Slimes","floor":3.0,"turns":3.0},{"damage":2.0,"enemies":"Jaw Worm","floor":4.0,"turns":3.0},{"damage":6.0,"enemies":"Looter","floor":11.0,"turns":3.0},{"damage":6.0,"enemies":"2 Fungi Beasts","floor":14.0,"turns":2.0},{"damage":49,"enemies":"Hexaghost","floor":16,"turns":9}],"seed_played":"7700572758970678432","potions_obtained":[{"floor":14.0,"key":"ElixirPotion"}],"is_trial":false,"path_per_floor":["M","?","M","M","?","R","?","R","T","R","M","$","?","M","R","B",null],"character_chosen":"IRONCLAD","items_purchased":["Whirlwind"],"campfire_rested":2,"item_purchase_floors":[12],"current_hp_per_floor":[68,68,68,66,40,62,62,62,62,75,69,69,58,52,52,3,57,57],"gold":167,"neow_bonus":"BOSS_RELIC","is_daily":false,"chose_seed":false,"campfire_upgraded":2,"win_rate":0.0,"timestamp":1610152529,"path_taken":["M","?","M","M","?","R","?","R","T","R","M","$","?","?","R","BOSS"],"items_purchased_type":["Card"],"build_version":"2020-12-22","purchased_purges":1,"victory":false,"max_hp_per_floor":[75,75,75,75,75,75,75,75,75,75,75,75,75,75,75,75,75,75],"relic_stats":{"counters":[6,24],"Ornamental Fan":[0],"Snecko Eye":[35,38,25,44],"obtain_stats":[{"Ornamental Fan":9,"Snecko Eye":0,"Omamori":5,"Coffee Dripper":17,"Burning Blood":0},{"Ornamental Fan":3,"Snecko Eye":0,"Omamori":3,"Coffee Dripper":6,"Burning Blood":0},{"Ornamental Fan":10,"Snecko Eye":0,"Omamori":10,"Coffee Dripper":24,"Burning Blood":0}]},"card_choices":[{"not_picked":["Clothesline","Havoc","Fire Breathing"],"picked":"SKIP","floor":1.0},{"not_picked":["Combust","Sword Boomerang","Iron Wave"],"picked":"SKIP","floor":3.0},{"not_picked":["Iron Wave","Body Slam","Pommel Strike"],"picked":"SKIP","floor":4.0},{"not_picked":["Body Slam","Clothesline","Shockwave"],"picked":"SKIP","floor":11.0},{"not_picked":["Feed","Fire Breathing","True Grit"],"picked":"SKIP","floor":14.0},{"not_picked":["Immolate","Demon Form"],"picked":"Barricade","floor":16}],"player_experience":125057,"relics_obtained":[{"floor":9.0,"key":"Ornamental Fan"}],"event_choices":[{"cards_removed":["Strike_R"],"damage_healed":0.0,"max_hp_gain":0.0,"max_hp_loss":0.0,"gold_gain":0.0,"event_name":"The Cleric","player_choice":"Card Removal","floor":2.0,"gold_loss":75.0,"damage_taken":0.0},{"damage_healed":0.0,"max_hp_gain":0.0,"max_hp_loss":0.0,"gold_gain":0.0,"event_name":"Scrap Ooze","player_choice":"Success","floor":5.0,"gold_loss":0.0,"damage_taken":26.0,"relics_obtained":["Omamori"]},{"cards_removed":["Strike_R"],"damage_healed":0.0,"max_hp_gain":0.0,"max_hp_loss":0.0,"gold_gain":0.0,"event_name":"Living Wall","player_choice":"Forget","floor":7.0,"gold_loss":0.0,"damage_taken":0.0},{"damage_healed":0.0,"max_hp_gain":0.0,"max_hp_loss":0.0,"gold_gain":75.0,"event_name":"World of Goop","player_choice":"Gather Gold","floor":13.0,"gold_loss":0.0,"damage_taken":11.0}],"is_beta":false,"boss_relics":[{"not_picked":["SlaversCollar","SacredBark"],"picked":"Coffee Dripper"}],"items_purged_floors":[12],"is_endless":false,"potions_floor_spawned":[14],"ascension_level":15}}