{"host":"e48gchmu8shm63ip","time":1610235426,"event":{"mods":["Abigail Mod","AchievementEnabler","Act Like it!","BaseMod","Better Match","Better Note","Better Vampires","CapriCore","DeckTracker","Exacting","Gensokyo","Googly Eyes","Hallownest","Hermit","HololiveMod","Infinite Spire","Jorbs\u0027s Wanderer Trilogy","Koishi","Marisa????????","Minty Spire (QoL Compilation)","Railgun Mod","Rare Cards Sparkle","Relic Filter","Relic Stats","Remilia??????","Robot Space Explorer","Shade Mod","StSLib","The Animator","The Caster","The Construct","The Dragon Tamer","The Forsaken","The Immortal","The Judge","The Marked","The Poker Player","The Senshi","The Servant 0.9.4","TheSwordswoman","Waifu the Spire"],"gold_per_floor":[231,243,168,168,133,133,133],"floor_reached":6,"playtime":557,"items_purged":["animator:Strike"],"score":41,"play_id":"9d9dd6d9-2493-41da-bb0c-0ab27183e947","local_time":"20210110003706","is_ascension_mode":true,"campfire_choices":[],"circlet_count":0,"master_deck":["animator:Strike_NoGameNoLife","animator:Defend_NoGameNoLife","animator:Strike","animator:Strike","animator:Defend","animator:Defend","animator:Defend","animator:DolaSchwi","animator:DolaCouronne","animator:Tyuule","animator:ChaikaBohdan"],"relics":["animator:LivingPicture","animator:TheMissingPiece","Hallownest:BankAccountRelic","Hallownest:DreamNailRelic"],"acts_visited":["Exordium"],"potions_floor_usage":[],"damage_taken":[{"damage":16,"enemies":"2_ Uuma","floor":1,"turns":6},{"damage":5,"enemies":"Hallownest:monsterHuskGuard","floor":2,"turns":5},{"damage":40,"enemies":"Hallownest:eliteMossKnight","floor":6,"turns":13}],"seed_played":"-4247216160797604956","potions_obtained":[{"floor":1,"key":"DuplicationPotion"}],"is_trial":false,"path_per_floor":["M","M","?","?","$","E"],"character_chosen":"THE_ANIMATOR","items_purchased":[],"campfire_rested":0,"item_purchase_floors":[],"current_hp_per_floor":[50,45,45,45,45,5,5],"gold":133,"neow_bonus":"HUNDRED_GOLD","is_daily":false,"chose_seed":false,"campfire_upgraded":0,"win_rate":0.0,"timestamp":1610235426,"path_taken":["M","M","?","?","$","E"],"items_purchased_type":[],"build_version":"2020-12-22","purchased_purges":1,"victory":false,"max_hp_per_floor":[66,66,66,66,66,66,66],"relic_stats":{"counters":[3,24],"obtain_stats":[{"Hallownest:BankAccountRelic":3,"animator:TheMissingPiece":0,"animator:LivingPicture":0,"Hallownest:DreamNailRelic":4},{"Hallownest:BankAccountRelic":2,"animator:TheMissingPiece":0,"animator:LivingPicture":0,"Hallownest:DreamNailRelic":2},{"Hallownest:BankAccountRelic":11,"animator:TheMissingPiece":0,"animator:LivingPicture":0,"Hallownest:DreamNailRelic":11}]},"card_choices":[{"not_picked":["animator:Bozes","animator:Spearman"],"picked":"animator:Tyuule","floor":1},{"not_picked":["animator:YuiTsuruno","animator:NagisaMomoe"],"picked":"animator:ChaikaBohdan","floor":2}],"player_experience":681478,"relics_obtained":[],"event_choices":[],"is_beta":false,"boss_relics":[],"items_purged_floors":[5],"is_endless":false,"potions_floor_spawned":[1],"killed_by":"Hallownest:eliteMossKnight","ascension_level":4}}