{"host":"bux1pdxjwq4dkad9","time":1610183244,"event":{"mods":["Act Like it!","BaseMod","Colored Map","Minty Spire (QoL Compilation)","Quick Restart","Spicy Shops","StSLib","SuperFastMode","°æ“≈ŒÔMod°øºÚµ•”Œœ∑","ƒßΩ‰"],"gold_per_floor":[118,133,133,150,168,194,204,14,41,41,41,51,51,62,62,166,166,182,182,193,66,81,115,132,132,155,184,196,208,230,242,254,371,383,405,435,465,489,515,560,590,602,637,434,447,480,480,480,480,480,480,480,81,115,115],"floor_reached":56,"playtime":2707,"items_purged":["RingOfDestiny:Strike_PU","RingOfDestiny:Defend_PU","RingOfDestiny:Defend_PU"],"score":1443,"play_id":"794f4e17-9446-4e45-9f55-43336ae64240","local_time":"20210109170724","is_ascension_mode":false,"campfire_choices":[{"data":"RingOfDestiny:Refine","floor":11,"key":"SMITH"},{"data":"RingOfDestiny:Filter","floor":15,"key":"SMITH"},{"floor":25,"key":"RECALL"},{"data":"RingOfDestiny:ScrewRules","floor":29,"key":"SMITH"},{"data":"RingOfDestiny:Defend_PU","floor":32,"key":"SMITH"},{"data":"RingOfDestiny:Repeat","floor":47,"key":"SMITH"},{"data":"RingOfDestiny:Repeat","floor":49,"key":"SMITH"},{"floor":52,"key":"RECALL"}],"circlet_count":0,"master_deck":["RingOfDestiny:Defend_PU+1","RingOfDestiny:FirstInvest+1","RingOfDestiny:DiamondOfDeath+1","RingOfDestiny:Metaphysics+1","RingOfDestiny:Corrosion+1","RingOfDestiny:DoubleInvest+1","RingOfDestiny:Filter+1","RingOfDestiny:Refine+1","RingOfDestiny:InvestMagic","RingOfDestiny:ScrewRules+1","RingOfDestiny:Purification+1","RingOfDestiny:Repeat+1","CurseOfTheBell","RingOfDestiny:Repeat+1","RingOfDestiny:CatGash+1"],"relics":["RingOfDestiny:DogEyes","ImprovedEquipment","Toy Ornithopter","Membership Card","Boot","Philosopher\u0027s Stone","OrangePellets","Potion Belt","Strawberry","MawBank","Calling Bell","PreservedInsect","Letter Opener","Ginger","Mercury Hourglass","Bag of Marbles","Medical Kit","TheAbacus","Blood Vial","Sundial","Shuriken","Gremlin Horn","War Paint","Orrery","Centennial Puzzle"],"acts_visited":["Exordium","TheCity","TheBeyond","TheBeyond"],"potions_floor_usage":[],"damage_taken":[{"damage":0,"enemies":"Cultist","floor":1,"turns":2},{"damage":0,"enemies":"Jaw Worm","floor":2,"turns":2},{"damage":0,"enemies":"2 Louse","floor":4,"turns":2},{"damage":0,"enemies":"Lots of Slimes","floor":5,"turns":2},{"damage":0,"enemies":"Lagavulin","floor":6,"turns":2},{"damage":0,"enemies":"Red Slaver","floor":7,"turns":1},{"damage":0,"enemies":"2 Fungi Beasts","floor":12,"turns":1},{"damage":0,"enemies":"Lots of Slimes","floor":14,"turns":1},{"damage":0,"enemies":"Slime Boss","floor":16,"turns":1},{"damage":0,"enemies":"Spheric Guardian","floor":18,"turns":1},{"damage":0,"enemies":"Chosen","floor":20,"turns":1},{"damage":0,"enemies":"Shelled Parasite and Fungi","floor":22,"turns":1},{"damage":0,"enemies":"Book of Stabbing","floor":23,"turns":1},{"damage":0,"enemies":"Centurion and Healer","floor":24,"turns":1},{"damage":0,"enemies":"Slavers","floor":27,"turns":1},{"damage":0,"enemies":"Chosen and Byrds","floor":30,"turns":1},{"damage":0,"enemies":"Collector","floor":33,"turns":1},{"damage":0,"enemies":"3 Darklings","floor":35,"turns":1},{"damage":0,"enemies":"3 Shapes","floor":36,"turns":1},{"damage":0,"enemies":"Maw","floor":37,"turns":1},{"damage":0,"enemies":"Sphere and 2 Shapes","floor":38,"turns":1},{"damage":0,"enemies":"Transient","floor":39,"turns":1},{"damage":0,"enemies":"Reptomancer","floor":40,"turns":1},{"damage":0,"enemies":"Jaw Worm Horde","floor":41,"turns":1},{"damage":0,"enemies":"Sphere and 2 Shapes","floor":45,"turns":1},{"damage":0,"enemies":"Giant Head","floor":46,"turns":1},{"damage":0,"enemies":"Awakened One","floor":50,"turns":2},{"damage":0,"enemies":"RingOfDestiny:fyra","floor":54,"turns":1},{"damage":0,"enemies":"RingOfDestiny:Rita","floor":55,"turns":3}],"seed_played":"-1992547123574994688","potions_obtained":[{"floor":4,"key":"PowerPotion"},{"floor":5,"key":"Strength Potion"},{"floor":7,"key":"Fire Potion"},{"floor":12,"key":"Weak Potion"},{"floor":27,"key":"Strength Potion"},{"floor":33,"key":"Ancient Potion"}],"is_trial":false,"path_per_floor":["M","M","?","M","M","E","M","$","T","$","R","M","T","M","R","B",null,"M","?","M","$","M","E","M","R","T","E","?","R","M","?","R","B",null,"M","M","M","M","M","E","M","?","T","$","M","E","R","T","R","B",null,"R","$","E","B",null],"character_chosen":"Purchemist","items_purchased":["Membership Card","OrangePellets","Medical Kit","TheAbacus","Shuriken","Gremlin Horn","War Paint","Orrery"],"campfire_rested":0,"item_purchase_floors":[8,21,44,44,53,53,53,53],"current_hp_per_floor":[63,63,63,63,63,63,63,63,63,63,63,63,63,63,63,63,90,90,90,90,90,90,90,90,90,97,97,97,97,97,97,97,97,97,97,97,97,97,97,97,97,97,97,97,97,97,97,97,97,97,97,97,97,97,97],"gold":115,"neow_bonus":"REMOVE_TWO","is_daily":false,"chose_seed":false,"campfire_upgraded":6,"win_rate":0.0,"timestamp":1610183244,"path_taken":["M","?","?","M","?","E","M","$","T","?","R","M","?","M","R","BOSS","M","?","?","?","M","E","M","R","T","E","?","R","?","?","R","BOSS","M","M","M","?","?","E","M","?","T","$","?","E","R","?","R","BOSS","R","$","E","BOSS"],"items_purchased_type":["Relic","Relic","Relic","Relic","Relic","Relic","Relic","Relic"],"build_version":"2020-12-22","purchased_purges":3,"victory":true,"max_hp_per_floor":[90,90,90,90,90,90,90,90,90,90,90,90,90,90,90,90,90,90,90,90,90,90,90,90,90,97,97,97,97,97,97,97,97,97,97,97,97,97,97,97,97,97,97,97,97,97,97,97,97,97,97,97,97,97,97],"card_choices":[{"not_picked":["RingOfDestiny:Concentrate","RingOfDestiny:CrushDiamond"],"picked":"RingOfDestiny:Corrosion","floor":1},{"not_picked":["RingOfDestiny:GoldFinger","RingOfDestiny:Disdain"],"picked":"RingOfDestiny:DoubleInvest","floor":2},{"not_picked":["RingOfDestiny:MultipleInvest","RingOfDestiny:Recommend"],"picked":"RingOfDestiny:Filter","floor":4},{"not_picked":["RingOfDestiny:Conversion","RingOfDestiny:HoldOn"],"picked":"RingOfDestiny:Refine","floor":5},{"not_picked":["RingOfDestiny:MultipleInvest","RingOfDestiny:Shuffle"],"picked":"RingOfDestiny:InvestMagic","floor":6},{"not_picked":["RingOfDestiny:Reinforcement","RingOfDestiny:RaiseMoney","RingOfDestiny:MassInvest"],"picked":"SKIP","floor":7},{"not_picked":["RingOfDestiny:Disdain","RingOfDestiny:NoviceReward","RingOfDestiny:Purification"],"picked":"SKIP","floor":12},{"not_picked":["RingOfDestiny:BloodBorne","RingOfDestiny:Filter","RingOfDestiny:DanceOfBlood"],"picked":"SKIP","floor":14},{"not_picked":["RingOfDestiny:InvestMagic","RingOfDestiny:Show"],"picked":"RingOfDestiny:ScrewRules","floor":16},{"not_picked":["RingOfDestiny:Purification+1","RingOfDestiny:AristocraticPedigree+1","RingOfDestiny:GoldFinger"],"picked":"SKIP","floor":18},{"not_picked":["RingOfDestiny:Filter","RingOfDestiny:Windfall","RingOfDestiny:BloodBorne+1"],"picked":"SKIP","floor":20},{"not_picked":["RingOfDestiny:Conversion","RingOfDestiny:Refine","RingOfDestiny:DrawAgain"],"picked":"SKIP","floor":22},{"not_picked":["RingOfDestiny:DrawAgain+1","RingOfDestiny:Filter","RingOfDestiny:Metaphysics"],"picked":"SKIP","floor":23},{"not_picked":["RingOfDestiny:NoLoss","RingOfDestiny:NoviceReward","RingOfDestiny:MultipleInvest"],"picked":"SKIP","floor":24},{"not_picked":["RingOfDestiny:DanceOfBlood","RingOfDestiny:Purification+1","RingOfDestiny:CheckOut"],"picked":"SKIP","floor":27},{"not_picked":["RingOfDestiny:DanceOfBlood","RingOfDestiny:CheckOut"],"picked":"RingOfDestiny:Purification+1","floor":27},{"not_picked":["RingOfDestiny:Rebate","RingOfDestiny:Refine","RingOfDestiny:CrushDiamond"],"picked":"SKIP","floor":30},{"not_picked":["RingOfDestiny:Privilege","RingOfDestiny:Extraction"],"picked":"RingOfDestiny:Repeat","floor":33},{"not_picked":["RingOfDestiny:DrawAgain+1","RingOfDestiny:DoubleInvest+1","RingOfDestiny:FreePlay+1"],"picked":"SKIP","floor":35},{"not_picked":["RingOfDestiny:Refine+1","RingOfDestiny:Reinforcement+1","RingOfDestiny:StayUpLate"],"picked":"SKIP","floor":36},{"not_picked":["RingOfDestiny:CatGash","RingOfDestiny:SwornRevenge","RingOfDestiny:CrushDiamond"],"picked":"SKIP","floor":37},{"not_picked":["RingOfDestiny:Concentrate+1","RingOfDestiny:DoubleInvest","RingOfDestiny:Wilful+1"],"picked":"SKIP","floor":38},{"not_picked":["RingOfDestiny:StayUpLate","RingOfDestiny:Rebate+1","RingOfDestiny:Windfall+1"],"picked":"SKIP","floor":39},{"not_picked":["RingOfDestiny:ThreeRaffles+1","RingOfDestiny:Wild"],"picked":"RingOfDestiny:Repeat","floor":40},{"not_picked":["RingOfDestiny:BloodAvalanche","RingOfDestiny:Corrosion+1","RingOfDestiny:Windfall"],"picked":"SKIP","floor":41},{"not_picked":["RingOfDestiny:NoviceReward","RingOfDestiny:MultipleInvest","RingOfDestiny:Filter"],"picked":"SKIP","floor":45},{"not_picked":["RingOfDestiny:CatGash+1","RingOfDestiny:RaiseMoney","RingOfDestiny:SwornRevenge"],"picked":"SKIP","floor":46},{"not_picked":["RingOfDestiny:DrawAgain+1","RingOfDestiny:Happy"],"picked":"RingOfDestiny:CatGash+1","floor":53},{"not_picked":["RingOfDestiny:BuyBuyBuy","RingOfDestiny:NoLoss+1","RingOfDestiny:Shuffle"],"picked":"SKIP","floor":54}],"player_experience":2428094,"relics_obtained":[{"floor":6,"key":"Toy Ornithopter"},{"floor":13,"key":"Boot"},{"floor":23,"key":"Potion Belt"},{"floor":26,"key":"Strawberry"},{"floor":27,"key":"MawBank"},{"floor":34,"key":"PreservedInsect"},{"floor":34,"key":"Letter Opener"},{"floor":34,"key":"Ginger"},{"floor":40,"key":"Mercury Hourglass"},{"floor":43,"key":"Bag of Marbles"},{"floor":46,"key":"Blood Vial"},{"floor":48,"key":"Sundial"},{"floor":54,"key":"Centennial Puzzle"}],"event_choices":[{"damage_healed":0,"gold_gain":0,"player_choice":"Upgraded","damage_taken":0,"max_hp_gain":0,"max_hp_loss":0,"event_name":"Upgrade Shrine","floor":3,"gold_loss":0,"cards_upgraded":["RingOfDestiny:DoubleInvest"]},{"damage_healed":0,"gold_gain":0,"player_choice":"Upgraded","damage_taken":0,"max_hp_gain":0,"max_hp_loss":0,"event_name":"Upgrade Shrine","floor":19,"gold_loss":0,"cards_upgraded":["RingOfDestiny:FirstInvest"]},{"cards_removed":["RingOfDestiny:Strike_PU"],"damage_healed":0,"gold_gain":0,"player_choice":"Purged","damage_taken":0,"max_hp_gain":0,"max_hp_loss":0,"event_name":"Purifier","floor":28,"gold_loss":0},{"damage_healed":0,"gold_gain":0,"player_choice":"Forge","damage_taken":0,"max_hp_gain":0,"max_hp_loss":0,"event_name":"Accursed Blacksmith","floor":31,"gold_loss":0,"cards_upgraded":["RingOfDestiny:DiamondOfDeath"]},{"damage_healed":0,"gold_gain":0,"player_choice":"Ignored","damage_taken":0,"max_hp_gain":0,"max_hp_loss":0,"event_name":"SecretPortal","floor":42,"gold_loss":0}],"is_beta":false,"boss_relics":[{"not_picked":["Velvet Choker","Runic Dome"],"picked":"Philosopher\u0027s Stone"},{"not_picked":["Empty Cage","SacredBark"],"picked":"Calling Bell"}],"items_purged_floors":[8,21,44],"is_endless":false,"potions_floor_spawned":[4,5,7,12,16,27,33,35,40,46,54],"ascension_level":0}}