{"host":"56ghxnzsglgdq727","time":1610212136,"event":{"mods":["AchievementEnabler","BaseMod","Downfall","Duelist Mod","Hermit","Marisa????????","Minty Spire (QoL Compilation)","Rare Cards Sparkle","Remilia??????","SOS???????","StSLib","The Bug Knight","The Senshi","The Servant 0.9.4","The Wild Card","Yuri Mod"],"gold_per_floor":[392,447,177,204,215,245,245,275,275,294,294,294,312,133,133,235,235,218,218,236,110,110,110,124,124,147,171,183,212,61,61,61,61,61],"floor_reached":33,"playtime":1796,"items_purged":["theDuelist:CastleWalls","theDuelist:CastleWalls","theDuelist:CaveDragon"],"score":328,"play_id":"a708d8c0-8690-4b23-bc06-a9c675cc9cac","local_time":"20210109120856","is_ascension_mode":false,"campfire_choices":[{"floor":7,"key":"REST"},{"floor":11,"key":"REST"},{"floor":15,"key":"REST"},{"data":"theDuelist:ArmageddonDragonEmp","floor":23,"key":"SMITH"},{"floor":25,"key":"REST"},{"floor":28,"key":"REST"},{"floor":32,"key":"REST"}],"circlet_count":0,"master_deck":["theDuelist:BabyDragon","theDuelist:VoidOgreDragon","theDuelist:TyrantWing+1","theDuelist:LesserDragon","theDuelist:ArmageddonDragonEmp","theDuelist:ArmageddonDragonEmp+1","theDuelist:StarlightRoad","theDuelist:GaiaDragonChamp","theDuelist:Sparks+1","theDuelist:Raigeki+1","theDuelist:LesserDragon","theDuelist:Solidarity+1","theDuelist:BoosterDragon","theDuelist:MagicSparks+1","theDuelist:YamataDragon","theDuelist:AncientRules+1","theDuelist:TornadoDragon","theDuelist:YellowBelliedOni","theDuelist:CastleDragonSouls"],"relics":["theDuelist:MillenniumPuzzle","theDuelist:CardPoolRelic","theDuelist:CardPoolBasicRelic","theDuelist:BoosterPackPoolRelic","theDuelist:CardPoolAddRelic","theDuelist:CardPoolMinusRelic","theDuelist:CardPoolSaveRelic","theDuelist:CardPoolOptionsRelic","Lizard Tail","Tough Bandages","Ginger","theDuelist:MerchantNecklace","theDuelist:PointPass","Blood Vial","theSenshi:SailorFukuRelic","ScarletDevilRocket","theDuelist:BoosterPackTrapEgg","theDuelist:DragonRelicB","theDuelist:CardRewardRelicH","Inserter","MawBank"],"acts_visited":["Exordium","TheCity"],"potions_floor_usage":[6,13,13,24,27],"damage_taken":[{"damage":0,"enemies":"Cultist","floor":1,"turns":2},{"damage":38,"enemies":"Cultist","floor":2,"turns":22},{"damage":0,"enemies":"Small Slimes","floor":5,"turns":3},{"damage":31,"enemies":"Lagavulin","floor":6,"turns":7},{"damage":18,"enemies":"Gremlin Nob","floor":8,"turns":5},{"damage":10,"enemies":"Jaw Worm","floor":10,"turns":6},{"damage":10,"enemies":"Large Slime","floor":13,"turns":6},{"damage":0,"enemies":"Slime Boss","floor":16,"turns":8},{"damage":21,"enemies":"2 Thieves","floor":18,"turns":4},{"damage":10,"enemies":"Spheric Guardian","floor":20,"turns":3},{"damage":21,"enemies":"Snecko","floor":24,"turns":5},{"damage":31,"enemies":"Snake Plant","floor":27,"turns":5},{"damage":13,"enemies":"Centurion and Healer","floor":29,"turns":8},{"damage":76,"enemies":"Automaton","floor":33,"turns":8}],"seed_played":"8368704560942174973","potions_obtained":[{"floor":2,"key":"theDuelist:OrbBottle"},{"floor":8,"key":"theDuelist:FusionPotion"},{"floor":10,"key":"theDuelist:WhiteBottle"},{"floor":16,"key":"champ:CounterPotion"},{"floor":24,"key":"ColorlessPotion"}],"is_trial":false,"path_per_floor":["M","?","$","T","M","E","R","E","T","M","R","?","M","$","R","B",null,"M","$","M","$","?","R","M","R","T","M","R","M","$","?","R","B"],"character_chosen":"THE_DUELIST","items_purchased":["theDuelist:MerchantNecklace","theDuelist:PointPass","theDuelist:Solidarity","theDuelist:CardRewardRelicH","theDuelist:StarlightRoad","theDuelist:CastleDragonSouls"],"campfire_rested":6,"item_purchase_floors":[3,3,3,14,21,30],"current_hp_per_floor":[72,34,34,34,36,7,28,12,12,4,25,19,11,11,32,34,72,51,51,43,43,43,43,24,45,45,16,37,26,26,13,36,0,0],"gold":61,"neow_bonus":"TWO_FIFTY_GOLD","is_daily":false,"chose_seed":false,"campfire_upgraded":1,"win_rate":0.0,"timestamp":1610212136,"path_taken":["M","?","$","?","M","E","R","E","T","?","R","?","M","$","R","BOSS","M","$","M","$","?","R","M","R","T","M","R","?","$","?","R","BOSS"],"items_purchased_type":["Relic","Relic","Card","Relic","Card","Card"],"build_version":"2020-12-22","purchased_purges":3,"victory":false,"max_hp_per_floor":[72,72,72,72,72,72,72,72,72,72,72,72,72,72,72,72,72,72,72,72,72,72,72,72,72,72,72,72,72,72,77,77,77,77],"card_choices":[{"not_picked":["theDuelist:TwinHeadedFire","theDuelist:MirageDragon","theDuelist:CyberDinosaur","theDuelist:BlackPtera","theDuelist:Destroyersaurus"],"picked":"SKIP","floor":1},{"not_picked":["theDuelist:DragonTreasure","theDuelist:Berserking","theDuelist:AutorokketDragon"],"picked":"theDuelist:BoosterDragon","floor":2},{"not_picked":["theDuelist:Hydrogeddon","theDuelist:LavaDragon","theDuelist:CaveDragon","theDuelist:CoralDragon","theDuelist:RedDragonArchfiend"],"picked":"SKIP","floor":5},{"not_picked":["theDuelist:BattleguardKing","theDuelist:Hinotama","theDuelist:ForbiddenLance","theDuelist:SmashingGround"],"picked":"theDuelist:Raigeki","floor":6},{"not_picked":["theDuelist:RainbowOverdragon","theDuelist:BlockGolem","theDuelist:ObeliskTormentor","theDuelist:TheCreator"],"picked":"theDuelist:YellowBelliedOni","floor":8},{"not_picked":["theDuelist:TwinHeadedFire","theDuelist:BlackStego","theDuelist:Sabersaurus","theDuelist:MadFlameKaiju","theDuelist:ArmedDragon5"],"picked":"SKIP","floor":10},{"not_picked":["theDuelist:DragonZombie","theDuelist:GuardragonJusticia","theDuelist:BlasterDragonInfernos","theDuelist:BarrelDragon"],"picked":"theDuelist:GaiaDragonChamp","floor":13},{"not_picked":["theDuelist:WaterDragon","theDuelist:QueenDragunDjinn","theDuelist:BusterBladerDDS","theDuelist:BSkullDragon"],"picked":"theDuelist:VoidOgreDragon","floor":16},{"not_picked":["theDuelist:SafeZone+1","theDuelist:FireDarts+1","theDuelist:DragonCaptureJar+1","theDuelist:DefenseZone+1"],"picked":"theDuelist:TyrantWing+1","floor":18},{"not_picked":["theDuelist:BoosterDragon","theDuelist:YellowBelliedOni","theDuelist:GaiaDragonChamp","theDuelist:MadFlameKaiju"],"picked":"theDuelist:ArmageddonDragonEmp","floor":20},{"not_picked":["theDuelist:CurseDragon","theDuelist:MoltenDestruction","theDuelist:BlackStego","theDuelist:Beatraptor"],"picked":"theDuelist:AncientRules","floor":24},{"not_picked":["theDuelist:YamataDragon+1","theDuelist:CyberDragonDrei","theDuelist:RedRisingDragon","theDuelist:DefenseZone","theDuelist:Beatraptor"],"picked":"SKIP","floor":27},{"not_picked":["theDuelist:MaskedDragon","theDuelist:MoltenDestruction","theDuelist:Kabazauls","theDuelist:HazyFlameHydra+1","theDuelist:AtomicScrapDragon"],"picked":"SKIP","floor":29}],"player_experience":208099,"relics_obtained":[{"floor":2,"key":"Lizard Tail"},{"floor":2,"key":"Tough Bandages"},{"floor":2,"key":"Ginger"},{"floor":4,"key":"Blood Vial"},{"floor":6,"key":"theSenshi:SailorFukuRelic"},{"floor":8,"key":"ScarletDevilRocket"},{"floor":9,"key":"theDuelist:BoosterPackTrapEgg"},{"floor":26,"key":"MawBank"}],"event_choices":[{"damage_healed":0,"gold_gain":0,"player_choice":"Fight","duelist":true,"damage_taken":0,"max_hp_gain":0,"max_hp_loss":0,"event_name":"Battle City","floor":2,"gold_loss":0},{"damage_healed":0,"gold_gain":0,"player_choice":"Dig - random Duelist relic","duelist":true,"damage_taken":0,"max_hp_gain":0,"max_hp_loss":0,"event_name":"Aknamkanon\u0027s Tomb","floor":12,"gold_loss":0},{"damage_healed":0,"gold_gain":0,"cards_transformed":["theDuelist:CaveDragon"],"player_choice":"Transformed","damage_taken":0,"max_hp_gain":0,"max_hp_loss":0,"event_name":"Transmorgrifier","floor":22,"gold_loss":0,"cards_obtained":["theDuelist:TornadoDragon"]},{"damage_healed":0,"gold_gain":0,"player_choice":"Shed Blood","damage_taken":18,"max_hp_gain":5,"max_hp_loss":0,"event_name":"Forgotten Altar","floor":31,"gold_loss":0}],"is_beta":false,"boss_relics":[{"not_picked":["Ectoplasm","Busted Crown"],"picked":"Inserter"}],"items_purged_floors":[3,21,30],"is_endless":false,"potions_floor_spawned":[2,8,10,16,24],"killed_by":"Automaton","ascension_level":0}}