{"host":"ig7tc0uedzltt2sr","time":1610232689,"event":{"mods":["BaseMod","Better Twitch Integration","Block Reminder","Colored Map","Colored Powertips","Communication Mod","Current Relic Mod","GifTheSpireLib","HexUI Lib","Minty Spire (QoL Compilation)","Quick Restart","Random Character Button","Rare Cards Sparkle","Relic Sorter","Relic Stats","Slay the Relics Exporter","StSLib","SuperFastMode","Synergy Search","Twitch Decklist","Twitch Utils","everything is the same but u backflip on backflip","slay the spire mod where everything is the same but ironclad has a cowboy hat"],"gold_per_floor":[109,120,120,139,104,104,74,74,74],"floor_reached":8,"playtime":86,"items_purged":[],"score":46,"play_id":"f5dc4b77-7b44-42bc-93aa-9b45c305b3da","local_time":"20210109145129","is_ascension_mode":false,"campfire_choices":[{"data":"Defend_R","floor":6,"key":"SMITH"}],"circlet_count":0,"master_deck":["Strike_R","Strike_R","Strike_R","Strike_R","Strike_R","Defend_R+1","Defend_R","Defend_R","Defend_R","Bash","Whirlwind","Clothesline","Sentinel","Shrug It Off"],"relics":["Burning Blood"],"acts_visited":["Exordium"],"potions_floor_usage":[],"damage_taken":[{"damage":43,"enemies":"Cultist","floor":1,"turns":9},{"damage":5,"enemies":"2 Louse","floor":2,"turns":5},{"damage":29,"enemies":"Jaw Worm","floor":4,"turns":9},{"damage":2,"enemies":"Looter","floor":7,"turns":4},{"damage":67,"enemies":"Lagavulin","floor":8,"turns":12}],"seed_played":"7943798880417011817","potions_obtained":[{"floor":2,"key":"Fruit Juice"}],"is_trial":false,"path_per_floor":["M","M","$","M","?","R","M","E"],"character_chosen":"IRONCLAD","items_purchased":[],"campfire_rested":0,"item_purchase_floors":[],"current_hp_per_floor":[51,52,52,34,57,57,61,0,0],"gold":74,"neow_bonus":"TEN_PERCENT_HP_BONUS","is_daily":false,"chose_seed":false,"campfire_upgraded":1,"win_rate":0.0,"timestamp":1610232689,"path_taken":["M","M","?","?","?","R","M","E"],"items_purchased_type":[],"build_version":"2020-12-22","purchased_purges":0,"victory":false,"max_hp_per_floor":[88,88,88,93,93,93,93,93,93],"relic_stats":{"counters":[5,39],"obtain_stats":[{"Burning Blood":0},{"Burning Blood":0},{"Burning Blood":0}],"Burning Blood":24},"card_choices":[{"not_picked":["Anger","Twin Strike"],"picked":"Whirlwind","floor":1},{"not_picked":["Havoc","True Grit"],"picked":"Clothesline","floor":2},{"not_picked":["Perfected Strike","Battle Trance"],"picked":"Sentinel","floor":4},{"not_picked":["Intimidate","Perfected Strike"],"picked":"Shrug It Off","floor":7}],"player_experience":1472631,"relics_obtained":[],"event_choices":[{"damage_healed":23,"gold_gain":0,"player_choice":"Healed","damage_taken":0,"max_hp_gain":0,"max_hp_loss":0,"event_name":"The Cleric","floor":5,"gold_loss":35}],"is_beta":false,"boss_relics":[],"items_purged_floors":[],"is_endless":false,"potions_floor_spawned":[2],"killed_by":"Lagavulin","ascension_level":0}}