{"host":"l0ccjemsrct3bo1s","time":1610204143,"event":{"mods":["Act Like it!","BaseMod","Gensokyo","Koishi","Lobotomy","LobotomyExtend","Marisa£®ÏF”Í°°ƒß¿Ì…≥£©","Minty Spire (QoL Compilation)","Reimu£®≤©¿ˆ¡È√Œ£©","Remilia£®¿Ÿ√◊¿Ú—«£©","RumiaBox-¬∂√◊Ê´µƒ…Ò√ÿ∫–◊”","StSLib","The Administrix","The Cursed","The Servant 0.9.4","Yakumo Yukari mod","Youmu£®ªÍ∆«—˝√Œ£©","Yuyuko"],"gold_per_floor":[119,132,57,13,29,29,53,80,105,134,144,176,208,241,241,344,344,344,344,358,411,422,422,456,456,483,509,509,165,199,219,219,316,316,335,335,335,335,354,383,397,429,429,123,155,155,183,195,195,195],"floor_reached":51,"playtime":2709,"items_purged":["DancingSilver","Starlight","FastForward"],"score":1369,"play_id":"5560afef-6d62-4386-861e-715e0dfb478c","local_time":"20210109225543","daily_mods":["Draft","DeadlyEvents","Elite Swarm"],"is_ascension_mode":true,"campfire_choices":[{"data":"TimeWarp","floor":6,"key":"SMITH"},{"data":"TimeWarp","floor":15,"key":"SMITH"},{"data":"Solidify","floor":23,"key":"SMITH"},{"data":"BestPractice","floor":25,"key":"SMITH"},{"data":"TheWorld","floor":28,"key":"SMITH"},{"data":"FlawlessForm","floor":32,"key":"SMITH"},{"data":"Comet","floor":46,"key":"SMITH"},{"data":"Moondial","floor":49,"key":"PURGE"}],"circlet_count":0,"master_deck":["BestPractice+1","BottledTime","Replace","Contraction","Rearm","ShiftingGears+1","Comet+1","BottledTime","Rewind+1","ShatteredReality","TimeWarp+1","Potential","ShatteredReality","SoulSculpture","Solidify+1","TimeWarp+1","FlawlessForm+1","Dilation+1","ShatteredReality+1","TheWorld+1","FloweringNight","Madness","Madness","Sadistic Nature","PendulumOfEternity","TheWorld"],"relics":["Uniform","LetterFromLob","Bag of Preparation","MoreBug","Bronze Scales","ScarletDevilRocket","Smiling Mask","Dream Catcher","Darkstone Periapt","Philosopher\u0027s Stone","War Paint","Blue Candle","ZombieArmy","Strawberry","Tiny Chest","Pan","Peace Pipe","Sozu","MealTicket","Anchor","StoneCalendar","Prayer Wheel","Mummified Hand","Potion Belt","Shuriken"],"acts_visited":["Exordium","TheCity","TheBeyond"],"potions_floor_usage":[16,16,24,27,35],"damage_taken":[{"damage":2,"enemies":"Small Slimes","floor":1,"turns":3},{"damage":0,"enemies":"Jaw Worm","floor":2,"turns":2},{"damage":0,"enemies":"2 Louse","floor":5,"turns":2},{"damage":11,"enemies":"Gremlin Nob","floor":8,"turns":3},{"damage":2,"enemies":"3 Sentries","floor":10,"turns":2},{"damage":0,"enemies":"Exordium Thugs","floor":11,"turns":1},{"damage":0,"enemies":"Gremlin Nob","floor":12,"turns":2},{"damage":6,"enemies":"Lagavulin","floor":13,"turns":3},{"damage":0,"enemies":"Gremlin Nob","floor":14,"turns":2},{"damage":0,"enemies":"The Guardian","floor":16,"turns":4},{"damage":3,"enemies":"Chosen","floor":20,"turns":3},{"damage":0,"enemies":"Spheric Guardian","floor":22,"turns":3},{"damage":6,"enemies":"Slavers","floor":24,"turns":2},{"damage":0,"enemies":"Gremlin Leader","floor":27,"turns":2},{"damage":0,"enemies":"Book of Stabbing","floor":30,"turns":2},{"damage":0,"enemies":"Centurion and Healer","floor":31,"turns":2},{"damage":0,"enemies":"Automaton","floor":33,"turns":4},{"damage":1,"enemies":"3 Shapes","floor":35,"turns":1},{"damage":0,"enemies":"Orb Walker","floor":39,"turns":1},{"damage":0,"enemies":"Reptomancer","floor":40,"turns":2},{"damage":0,"enemies":"Spire Growth","floor":41,"turns":2},{"damage":0,"enemies":"Giant Head","floor":42,"turns":3},{"damage":0,"enemies":"Reptomancer","floor":45,"turns":1},{"damage":0,"enemies":"Nemesis","floor":47,"turns":3},{"damage":0,"enemies":"Maw","floor":48,"turns":2},{"damage":0,"enemies":"Time Eater","floor":50,"turns":3}],"seed_played":"-5294644597638971909","potions_obtained":[{"floor":2,"key":"FearPotion"},{"floor":11,"key":"AttackPotion"},{"floor":12,"key":"BlessingOfTheForge"},{"floor":16,"key":"PowerPotion"},{"floor":24,"key":"SpeedPotion"},{"floor":27,"key":"Explosive Potion"},{"floor":31,"key":"SpeedPotion"}],"is_trial":true,"path_per_floor":["M","M","$","?","M","R","T","E","T","E","M","E","E","E","R","B",null,"M","?","M","T","M","R","E","R","T","E","R","$","E","M","R","B",null,"M","?","T","?","M","E","M","E","T","$","E","R","E","M","R","B",null],"character_chosen":"THE_SERVANT","items_purchased":["Tiny Chest","Pan","Mummified Hand"],"campfire_rested":0,"item_purchase_floors":[29,29,44],"current_hp_per_floor":[63,63,63,63,63,63,63,52,52,51,51,51,45,45,45,46,65,15,36,33,33,37,37,31,31,31,38,38,38,38,38,38,38,72,71,62,62,62,62,64,64,64,64,72,72,72,72,72,72,72],"gold":195,"neow_bonus":"","is_daily":false,"chose_seed":false,"campfire_upgraded":7,"win_rate":0.0,"timestamp":1610204143,"path_taken":["M","M","$","?","M","R","?","E","T","E","?","E","?","E","R","BOSS","M","?","M","?","M","R","E","R","T","E","R","$","?","?","R","BOSS","M","?","?","?","?","E","M","E","T","$","E","R","?","M","R","BOSS"],"items_purchased_type":["Relic","Relic","Relic"],"build_version":"2020-12-22","purchased_purges":3,"victory":true,"max_hp_per_floor":[65,65,65,65,65,65,65,65,65,65,65,65,65,65,65,65,65,65,65,65,65,65,65,65,65,65,72,72,72,72,72,72,72,72,72,72,72,72,72,72,72,72,72,72,72,72,72,72,72,72],"card_choices":[{"not_picked":["Spin","DualDimension"],"picked":"DancingSilver","floor":0},{"not_picked":["InstantArmor","Rewind"],"picked":"FastForward","floor":0},{"not_picked":["Spin","Rewind"],"picked":"BestPractice","floor":0},{"not_picked":["Starlight","Contraction"],"picked":"BottledTime","floor":0},{"not_picked":["TimeWarp","SpecialFormula"],"picked":"Replace","floor":0},{"not_picked":["Defy","Foresight"],"picked":"Contraction","floor":0},{"not_picked":["Ricochet","SurpressingFire"],"picked":"Rearm","floor":0},{"not_picked":["Rewind","Starlight"],"picked":"ShiftingGears","floor":0},{"not_picked":["DoubleEdge","SpecialFormula"],"picked":"Comet","floor":0},{"not_picked":["Defy","Deadline"],"picked":"Starlight","floor":0},{"not_picked":["Replace","Defy"],"picked":"BottledTime","floor":0},{"not_picked":["Replace","SpecialFormula"],"picked":"Moondial","floor":0},{"not_picked":["Moondial","Revamp"],"picked":"Rewind","floor":0},{"not_picked":["Ricochet","Read"],"picked":"ShatteredReality","floor":0},{"not_picked":["Reset","Rewind"],"picked":"TimeWarp","floor":0},{"not_picked":["DualDimension","Replace","Unruled"],"picked":"SKIP","floor":1},{"not_picked":["Deadline","FastForward"],"picked":"Potential","floor":2},{"not_picked":["Foresight","Rewind"],"picked":"ShatteredReality","floor":5},{"not_picked":["ForgedInTime","LightFlow"],"picked":"SoulSculpture","floor":8},{"not_picked":["SilverMatrix","SoulSculpture"],"picked":"Solidify","floor":10},{"not_picked":["SurpressingFire","Comet"],"picked":"TimeWarp","floor":11},{"not_picked":["LightFlow","Duplication","SoulSculpture"],"picked":"SKIP","floor":12},{"not_picked":["Sunlight","ForgedInTime"],"picked":"FlawlessForm","floor":13},{"not_picked":["FlawlessForm","TrueSight","LightFlow"],"picked":"SKIP","floor":14},{"not_picked":["FloweringNight","ForgedInTime"],"picked":"Dilation","floor":16},{"not_picked":["Ricochet+1","Alleviate"],"picked":"ShatteredReality+1","floor":20},{"not_picked":["Spin+1","Rewind","DualDimension"],"picked":"SKIP","floor":22},{"not_picked":["FloweringNight","SoulSculpture"],"picked":"TheWorld","floor":24},{"not_picked":["MurderousAura","Dilation","FloweringNight"],"picked":"SKIP","floor":27},{"not_picked":["Dilation","SilverMatrix","KillingDoll"],"picked":"SKIP","floor":30},{"not_picked":["MoonPhase","Spin","DoubleEdge"],"picked":"SKIP","floor":31},{"not_picked":["SoulSculpture","FlawlessForm"],"picked":"FloweringNight","floor":33},{"not_picked":["Desolation","Rewind","Unruled+1"],"picked":"SKIP","floor":35},{"not_picked":["Dramatic Entrance","Metamorphosis"],"picked":"Sadistic Nature","floor":38},{"not_picked":["Spin+1","Comet","Unruled"],"picked":"SKIP","floor":39},{"not_picked":["Initiator","TheWorld"],"picked":"PendulumOfEternity","floor":40},{"not_picked":["Starlight+1","Shuttle+1","TimeWarp+1"],"picked":"SKIP","floor":41},{"not_picked":["Solidify","Duplication","Sunlight"],"picked":"SKIP","floor":42},{"not_picked":["Initiator","Solidify","LightFlow"],"picked":"SKIP","floor":45},{"not_picked":["Initiator","FlawlessForm"],"picked":"TheWorld","floor":47},{"not_picked":["Replace","Unruled+1","BottledTime+1"],"picked":"SKIP","floor":48},{"not_picked":["Misdirection+1","SilverBlades","Rewind+1"],"picked":"SKIP","floor":48}],"player_experience":372588,"relics_obtained":[{"floor":1,"key":"LetterFromLob"},{"floor":7,"key":"Bag of Preparation"},{"floor":8,"key":"MoreBug"},{"floor":9,"key":"Bronze Scales"},{"floor":10,"key":"ScarletDevilRocket"},{"floor":12,"key":"Smiling Mask"},{"floor":13,"key":"Dream Catcher"},{"floor":14,"key":"Darkstone Periapt"},{"floor":21,"key":"War Paint"},{"floor":24,"key":"Blue Candle"},{"floor":26,"key":"ZombieArmy"},{"floor":27,"key":"Strawberry"},{"floor":30,"key":"Peace Pipe"},{"floor":37,"key":"MealTicket"},{"floor":40,"key":"Anchor"},{"floor":42,"key":"StoneCalendar"},{"floor":43,"key":"Prayer Wheel"},{"floor":45,"key":"Potion Belt"},{"floor":47,"key":"Shuriken"}],"event_choices":[{"damage_healed":0,"gold_gain":0,"player_choice":"Left Gold","damage_taken":0,"max_hp_gain":0,"max_hp_loss":0,"event_name":"World of Goop","floor":4,"gold_loss":44},{"damage_healed":21,"gold_gain":0,"player_choice":"Heal","damage_taken":0,"max_hp_gain":0,"max_hp_loss":0,"event_name":"The Library","floor":19,"gold_loss":0},{"damage_healed":0,"gold_gain":0,"player_choice":"Embrace Madness","damage_taken":9,"max_hp_gain":0,"max_hp_loss":0,"event_name":"Winding Halls","floor":36,"gold_loss":0,"cards_obtained":["Madness","Madness"]},{"damage_healed":0,"gold_gain":0,"player_choice":"Memory 1","damage_taken":0,"max_hp_gain":0,"max_hp_loss":0,"event_name":"SensoryStone","floor":38,"gold_loss":0}],"is_beta":false,"boss_relics":[{"not_picked":["SlaversCollar","Runic Pyramid"],"picked":"Philosopher\u0027s Stone"},{"not_picked":["Runic Dome","Velvet Choker"],"picked":"Sozu"}],"items_purged_floors":[3,29,44],"is_endless":false,"potions_floor_spawned":[2,11,12,14,16,24,27,31,35,39,40],"ascension_level":1}}