{"host":"skzt5oiq3jmvln28","time":1610184758,"event":{"mods":["AchievementEnabler","Act Like it!","BaseMod","Downfall","GifTheSpireLib","Minty Spire (QoL Compilation)","StSLib"],"gold_per_floor":[99,99,99,118,136,146,198,198,215,241,241,257,257,275,287,287,287,287],"floor_reached":16,"playtime":1283,"items_purged":[],"score":104,"play_id":"d94fd602-26d0-47b5-9881-1a3cdb8116c0","local_time":"20210109013238","is_ascension_mode":false,"campfire_choices":[{"data":"Guardian:CurlUp","floor":1,"key":"SMITH"},{"data":"Guardian:GuardianWhirl","floor":8,"key":"SMITH"},{"floor":11,"key":"REST"},{"data":"Guardian:TwinSlam","floor":13,"key":"SMITH"}],"circlet_count":0,"master_deck":["Guardian:Strike_Guardian","Guardian:Strike_Guardian","Guardian:Strike_Guardian","Guardian:Strike_Guardian","Guardian:Defend_Guardian","Guardian:Defend_Guardian","Guardian:Defend_Guardian","Guardian:Defend_Guardian","Guardian:CurlUp+1","Guardian:TwinSlam+1","Regret","Guardian:GuardianWhirl+1","Guardian:VentSteam","Guardian:Planning","Guardian:SpikerProtocol","Guardian:Recover","Guardian:TemporalStrike","Guardian:Gem_Green"],"relics":["Guardian:ModeShifter","Nunchaku","Bag of Marbles","Boot"],"acts_visited":["Exordium"],"potions_floor_usage":[10],"damage_taken":[{"damage":19,"enemies":"Jaw Worm","floor":4,"turns":6},{"damage":2,"enemies":"Small Slimes","floor":5,"turns":3},{"damage":1,"enemies":"2 Louse","floor":6,"turns":2},{"damage":5,"enemies":"Large Slime","floor":9,"turns":8},{"damage":26,"enemies":"Gremlin Nob","floor":10,"turns":4},{"damage":7,"enemies":"Blue Slaver","floor":12,"turns":3},{"damage":25,"enemies":"Exordium Wildlife","floor":14,"turns":5},{"damage":4,"enemies":"2 Fungi Beasts","floor":15,"turns":4},{"damage":25,"enemies":"downfall:Ironclad","floor":16,"turns":8}],"seed_played":"5289560314751696235","potions_obtained":[{"floor":5,"key":"Energy Potion"},{"floor":9,"key":"Fire Potion"}],"is_trial":false,"path_per_floor":["R","?","?","M","M","M","T","R","M","E","R","M","R","M","M","B"],"character_chosen":"GUARDIAN","items_purchased":[],"campfire_rested":1,"item_purchase_floors":[],"current_hp_per_floor":[88,88,88,69,67,66,66,66,61,35,61,54,54,29,25,0,0,0],"gold":287,"neow_bonus":"TEN_PERCENT_HP_BONUS","is_daily":false,"chose_seed":false,"campfire_upgraded":3,"win_rate":0.0,"timestamp":1610184758,"path_taken":["R","?","?","M","M","M","T","R","M","E","R","M","R","M","M","BOSS"],"items_purchased_type":[],"build_version":"2020-12-22","purchased_purges":0,"victory":false,"max_hp_per_floor":[88,88,88,88,88,88,88,88,88,88,88,88,88,88,88,88,88,88],"card_choices":[{"not_picked":["Guardian:Gem_Lightblue","Guardian:Gem_Cyan"],"picked":"Guardian:GuardianWhirl","floor":4},{"not_picked":["Guardian:Gem_Red","Guardian:TimeBomb"],"picked":"Guardian:VentSteam","floor":5},{"not_picked":["Guardian:PolyBeam","Guardian:GuardianWhirl"],"picked":"Guardian:Planning","floor":6},{"not_picked":["Guardian:Planning","Guardian:GuardianWhirl"],"picked":"Guardian:SpikerProtocol","floor":9},{"not_picked":["Guardian:Recover","Guardian:TemporalShield"],"picked":"Guardian:Gem_Crimson","floor":10},{"not_picked":["Guardian:PiercingHide","Guardian:PolyBeam"],"picked":"Guardian:Recover","floor":12},{"not_picked":["Guardian:DecasProtection","Guardian:Gem_White"],"picked":"Guardian:TemporalStrike","floor":14},{"not_picked":["Guardian:Reroute","Guardian:Gem_Lightblue"],"picked":"Guardian:Gem_Green","floor":15}],"player_experience":26398,"relics_obtained":[{"floor":7,"key":"Bag of Marbles"},{"floor":10,"key":"Boot"}],"event_choices":[{"damage_healed":0,"gold_gain":0,"player_choice":"Box","damage_taken":0,"relics_obtained":["Nunchaku"],"max_hp_gain":0,"max_hp_loss":0,"event_name":"Big Fish","floor":2,"gold_loss":0,"cards_obtained":["Regret"]}],"is_beta":false,"boss_relics":[],"items_purged_floors":[],"is_endless":false,"potions_floor_spawned":[5,9],"killed_by":"downfall:Ironclad","ascension_level":0}}