{"host":"nzm1i0l8mrsm8hd2","time":1610193640,"event":{"mods":["Act Like it!","Arknights The Spire","Aspiration","BaseMod","Better Third Choice","Challenge The Spire","Conspire","Friendly Minions","Gensokyo","Jedi Mod","Minty Spire (QoL Compilation)","Pale of the Ancients","Quick Restart","RumiaBox-露米娅的神秘盒子","Spicy Shops","StSLib","The Jungle","Yohane!"],"gold_per_floor":[112,212,212,0,0,0,226,226,226,245,245,264,297,309,309,407,407,417,417,417,141,154,184,184,197,220,220,220],"floor_reached":27,"playtime":1271,"items_purged":[],"score":289,"play_id":"e0613b5f-eacd-4d88-ab2d-c85e69a96c31","local_time":"20210109200040","is_ascension_mode":false,"campfire_choices":[{"data":"jedi:pocketpoison","floor":6,"key":"SMITH"},{"data":"Yohane:Little_Demon_Ruby","floor":8,"key":"SMITH"},{"data":"Burst","floor":11,"key":"SMITH"},{"data":"Yohane:Mijuku_Dreamer","floor":15,"key":"SMITH"}],"circlet_count":0,"master_deck":["Yohane:Strike_Grey","Yohane:Strike_Grey","Yohane:Strike_Grey","Yohane:Strike_Grey","Yohane:Defend_Grey","Yohane:Little_Demon_Lily+1","Yohane:Well_Laid_Ambush","Crippling Poison","jedi:pocketpoison+1","Burst+1","Yohane:Little_Demon_Mari+1","Yohane:Little_Demon_Ruby+1","Yohane:Mijuku_Dreamer+1","Yohane:Take_Flight","Yohane:Envious+1","Gensokyo:SummonPsychicCat","Yohane:Yousoro"],"relics":["Yohane:AngelWings","aspiration:Nostalgia","Ring of the Snake","Baka","Medical Kit","MagicDraw1","GodSword4","jedi:arcanewood","Blood Vial","Philosopher\u0027s Stone","Gensokyo:RedStar","Gensokyo:Companionship","Happy Flower","Omamori","Frozen Eye","Lizard Tail"],"acts_visited":["Exordium","Gensokyo:Gensokyo"],"potions_floor_usage":[12,22,23,23],"damage_taken":[{"damage":2,"enemies":"Gensokyo:Gryphon","floor":1,"turns":3},{"damage":0,"enemies":"Gensokyo:Mamizou","floor":7,"turns":7},{"damage":4,"enemies":"Gensokyo:2_Kodama","floor":10,"turns":2},{"damage":0,"enemies":"Gensokyo:3_Fairies","floor":12,"turns":3},{"damage":0,"enemies":"Gensokyo:Cirno","floor":13,"turns":4},{"damage":0,"enemies":"Gensokyo:Kitsune","floor":14,"turns":2},{"damage":24,"enemies":"Gensokyo:Kokoro","floor":16,"turns":6},{"damage":0,"enemies":"Gensokyo:2_Gloops","floor":18,"turns":3},{"damage":32,"enemies":"Gensokyo:3_Dogs","floor":22,"turns":4},{"damage":50,"enemies":"Gensokyo:Reisen","floor":23,"turns":6},{"damage":0,"enemies":"Gensokyo:Wraith","floor":25,"turns":4},{"damage":49,"enemies":"Gensokyo:Koishi","floor":27,"turns":5}],"seed_played":"-4524440361980052670","potions_obtained":[{"floor":10,"key":"DistilledChaos"},{"floor":12,"key":"PowerPotion"},{"floor":14,"key":"Regen Potion"},{"floor":18,"key":"Block Potion"}],"is_trial":false,"path_per_floor":["M","?","?","COS","?","R","E","R","T","M","R","M","E","M","R","B",null,"M","?","?","COS","M","E","?","M","T","E"],"character_chosen":"FallenAngel","items_purchased":[],"campfire_rested":0,"item_purchase_floors":[],"current_hp_per_floor":[58,58,58,58,58,58,58,58,58,54,54,54,54,56,56,22,67,67,67,67,67,35,34,42,44,44,37,37],"gold":220,"neow_bonus":"NOSTALGIA","is_daily":false,"chose_seed":false,"campfire_upgraded":4,"win_rate":0.0,"timestamp":1610193640,"path_taken":["M","?","?","COS","?","R","E","R","T","?","R","M","E","M","R","BOSS","M","?","?","COS","M","E","?","?","T","E"],"items_purchased_type":[],"build_version":"2020-12-22","purchased_purges":0,"victory":false,"max_hp_per_floor":[60,60,60,60,60,60,60,60,60,60,60,60,60,60,60,67,67,67,67,67,67,67,74,74,74,74,74,74],"card_choices":[{"not_picked":["Yohane:Backfoot","Yohane:Introspection","Yohane:Energy_Change"],"picked":"SKIP","floor":1},{"not_picked":["Yohane:Excitement+1","Yohane:Cursed_Strike+1"],"picked":"Yohane:Little_Demon_Mari+1","floor":7},{"not_picked":["Yohane:One_Two","Yohane:Hakodate"],"picked":"Yohane:Little_Demon_Ruby","floor":7},{"not_picked":["Yohane:Wrath","Yohane:Miracle_Wave","Yohane:Lailapse"],"picked":"SKIP","floor":10},{"not_picked":["Yohane:Academic_Prowess","Yohane:Little_Demon_Ruby","Yohane:Ice_Cream_Assault"],"picked":"SKIP","floor":12},{"not_picked":["Yohane:Lailapse","Yohane:Dark_Rest","Yohane:Little_Demon_Recruit"],"picked":"SKIP","floor":13},{"not_picked":["Yohane:Little_Demon_Support","Yohane:Little_Demon_Mari"],"picked":"Yohane:Mijuku_Dreamer","floor":14},{"not_picked":["Yohane:Shadow_Gate","Yohane:Awaken_The_Power"],"picked":"Yohane:Take_Flight","floor":16},{"not_picked":["Yohane:Inspiration","Yohane:Guilty_Kiss","Yohane:Excitement"],"picked":"SKIP","floor":18},{"not_picked":["Yohane:Hakodate","Yohane:Lailapse"],"picked":"Yohane:Envious+1","floor":22},{"not_picked":["Yohane:Witch_Trick","Yohane:Awaken_The_Power"],"picked":"Yohane:Yousoro","floor":23},{"not_picked":["Yohane:Dark_Shield","Yohane:Gluttony","Yohane:Blazing"],"picked":"SKIP","floor":23},{"not_picked":["Yohane:Culinary_Genius","Yohane:Wrath","Yohane:Cursed_Strike+1"],"picked":"SKIP","floor":25}],"player_experience":564538,"relics_obtained":[{"floor":1,"key":"Baka"},{"floor":7,"key":"MagicDraw1"},{"floor":9,"key":"GodSword4"},{"floor":13,"key":"Blood Vial"},{"floor":23,"key":"Strawberry"},{"floor":26,"key":"Omamori"}],"event_choices":[{"damage_healed":0,"gold_gain":0,"player_choice":"Leave","damage_taken":0,"max_hp_gain":0,"max_hp_loss":0,"event_name":"conspire:Investor","floor":19,"gold_loss":0}],"is_beta":false,"boss_relics":[{"not_picked":["Busted Crown","conspire:SeveredTorchhead"],"picked":"Philosopher\u0027s Stone"}],"items_purged_floors":[],"is_endless":false,"potions_floor_spawned":[10,12,14,18],"killed_by":"Gensokyo:Koishi","ascension_level":0}}