{"host":"Oniwa","time":1610183461,"event":{"mods":["BaseMod","Colored Map","Colored Powertips","Minty Spire (QoL Compilation)","Relic Stats","Slay the Relics Exporter","SpireBot","StSLib","ojb\u0027s Better Paths Mod","ojb\u0027s Info Mod"],"gold_per_floor":[110,110,110,124,142,142,170,170,223,234,309,325,354,8,8,86,86,106,124,124,147,117,144,158,174,174,174,174,174,206,218,218,293,293,312,358,84,84,34,63,63,98,125,150,150,165,198,198,198,198,198,198,198,24,59,59],"floor_reached":57,"playtime":7032,"items_purged":["Hello World+1","Strike_B","Defend_B"],"score":3003,"play_id":"4beda548-b183-446b-9bc5-64eb793f8db9","local_time":"20210109181101","is_ascension_mode":true,"campfire_choices":[{"data":"Consume","floor":6,"key":"SMITH"},{"data":"Sunder","floor":8,"key":"SMITH"},{"data":"Recycle","floor":15,"key":"SMITH"},{"floor":27,"key":"REST"},{"floor":32,"key":"REST"},{"floor":41,"key":"RECALL"},{"data":"Echo Form","floor":45,"key":"SMITH"},{"data":"Echo Form","floor":49,"key":"SMITH"},{"data":"FTL","floor":53,"key":"SMITH"}],"circlet_count":0,"master_deck":["AscendersBane","Defend_B+1","Defend_B","Defend_B","Zap+1","Dualcast+1","Consume+1","Darkness+1","Genetic Algorithm","Sunder+1","Recycle+1","FTL+1","Echo Form+1","Go for the Eyes","Turbo+1","Conserve Battery+1","Rainbow+1","Redo+1","All For One","Meteor Strike","Recycle+1","Steam+1","RitualDagger","Cold Snap+1","Genetic Algorithm+1","Glacier+1","Go for the Eyes+1","Echo Form+1","Buffer+1","Leap+1","Stack+1","Self Repair","Seek+1","Hologram+1","BootSequence+1","Reinforced Body+1","Reboot+1","Core Surge","Skim+1","Defragment+1","Capacitor","Glacier+1","Barrage+1"],"relics":["Runic Pyramid","Tiny Chest","Boot","Toxic Egg 2","Orrery","Nuclear Battery","Smiling Mask","Unceasing Top","Mercury Hourglass","MealTicket","Astrolabe","Turnip","Akabeko","TungstenRod","War Paint","Kunai","Omamori","Darkstone Periapt","Orichalcum"],"acts_visited":["Exordium","TheCity","TheBeyond","TheEnding"],"potions_floor_usage":[7,12,23,23,25,30,50,56],"damage_taken":[{"damage":4,"enemies":"Jaw Worm","floor":1,"turns":4},{"damage":1,"enemies":"Cultist","floor":4,"turns":3},{"damage":9,"enemies":"2 Louse","floor":5,"turns":3},{"damage":5,"enemies":"Lagavulin","floor":7,"turns":7},{"damage":0,"enemies":"Exordium Wildlife","floor":10,"turns":2},{"damage":1,"enemies":"Blue Slaver","floor":12,"turns":3},{"damage":15,"enemies":"3 Sentries","floor":13,"turns":4},{"damage":1,"enemies":"Hexaghost","floor":16,"turns":6},{"damage":7,"enemies":"2 Thieves","floor":18,"turns":4},{"damage":7,"enemies":"3 Byrds","floor":19,"turns":4},{"damage":17,"enemies":"Slavers","floor":23,"turns":4},{"damage":15,"enemies":"Cultist and Chosen","floor":24,"turns":6},{"damage":4,"enemies":"Centurion and Healer","floor":25,"turns":4},{"damage":0,"enemies":"Gremlin Leader","floor":30,"turns":5},{"damage":0,"enemies":"Snecko","floor":31,"turns":5},{"damage":2,"enemies":"Automaton","floor":33,"turns":10},{"damage":0,"enemies":"3 Darklings","floor":35,"turns":6},{"damage":11,"enemies":"2 Orb Walkers","floor":36,"turns":5},{"damage":0,"enemies":"Nemesis","floor":40,"turns":7},{"damage":0,"enemies":"Giant Head","floor":42,"turns":8},{"damage":6,"enemies":"Nemesis","floor":44,"turns":9},{"damage":0,"enemies":"3 Shapes","floor":46,"turns":4},{"damage":4,"enemies":"Reptomancer","floor":47,"turns":7},{"damage":16,"enemies":"Time Eater","floor":50,"turns":11},{"damage":38,"enemies":"Donu and Deca","floor":51,"turns":14},{"damage":0,"enemies":"Shield and Spear","floor":55,"turns":8},{"damage":53,"enemies":"The Heart","floor":56,"turns":10}],"seed_played":"-368134048160085869","potions_obtained":[{"floor":4,"key":"Block Potion"},{"floor":7,"key":"ColorlessPotion"},{"floor":13,"key":"SkillPotion"},{"floor":16,"key":"SteroidPotion"},{"floor":19,"key":"Block Potion"},{"floor":22,"key":"GamblersBrew"},{"floor":24,"key":"ColorlessPotion"},{"floor":25,"key":"Explosive Potion"},{"floor":44,"key":"ColorlessPotion"},{"floor":46,"key":"LiquidBronze"}],"is_trial":false,"path_per_floor":["M","?","?","M","M","R","E","R","T","M","?","M","E","$","R","B",null,"M","M","?","T","?","E","M","M","T","R","?","T","E","M","R","B",null,"M","?","$","?","$","E","R","E","T","E","R","M","E","T","R","B","B",null,"R","$","E","B",null],"character_chosen":"DEFECT","items_purchased":["Orrery","Redo+1","All For One","Seek+1","Hologram+1","Capacitor","Glacier+1"],"campfire_rested":2,"item_purchase_floors":[14,14,14,37,37,54,54],"current_hp_per_floor":[60,60,60,59,50,50,45,45,45,45,34,33,18,18,18,17,58,51,44,38,38,38,21,6,2,2,23,23,23,23,23,44,42,64,64,53,68,68,71,71,71,71,71,71,71,71,71,71,71,69,45,65,65,71,71,25],"gold":59,"neow_bonus":"BOSS_RELIC","is_daily":false,"chose_seed":false,"campfire_upgraded":6,"win_rate":0.0,"timestamp":1610183461,"path_taken":["M","?","?","M","M","R","E","R","T","?","?","M","E","$","R","BOSS","M","M","?","?","?","E","M","?","T","R","?","?","E","M","R","BOSS","M","?","$","?","$","E","R","E","T","E","R","?","E","?","R","BOSS","BOSS","R","$","E","BOSS"],"items_purchased_type":["Relic","Card","Card","Card","Card","Card","Card"],"build_version":"2020-12-18","purchased_purges":3,"victory":true,"max_hp_per_floor":[71,71,71,71,71,71,71,71,71,71,71,71,71,71,71,71,71,71,71,71,71,71,71,71,71,71,71,71,71,71,71,71,71,71,71,71,71,71,71,71,71,71,71,71,71,71,71,71,71,71,71,71,71,71,71,71],"relic_stats":{"Darkstone Periapt":0,"counters":[27,163],"Astrolabe":["Hello World","Buffer","Leap"],"War Paint":["Defend_B","Darkness"],"Orichalcum":[12],"Boot":[156],"Smiling Mask":150,"Mercury Hourglass":[372],"Tiny Chest":3,"MealTicket":24,"Turnip":[4],"Kunai":[11],"obtain_stats":[{"Darkstone Periapt":48,"Astrolabe":34,"Omamori":47,"War Paint":43,"Orichalcum":55,"Boot":9,"Smiling Mask":21,"Akabeko":40,"Nuclear Battery":17,"Mercury Hourglass":26,"Orrery":14,"Tiny Chest":7,"MealTicket":30,"Turnip":36,"Kunai":44,"Toxic Egg 2":13,"Cracked Core":0,"Unceasing Top":23,"TungstenRod":42,"Runic Pyramid":0},{"Darkstone Periapt":23,"Astrolabe":16,"Omamori":23,"War Paint":20,"Orichalcum":26,"Boot":4,"Smiling Mask":10,"Akabeko":19,"Nuclear Battery":8,"Mercury Hourglass":13,"Orrery":7,"Tiny Chest":4,"MealTicket":14,"Turnip":18,"Kunai":21,"Toxic Egg 2":7,"Cracked Core":0,"Unceasing Top":11,"TungstenRod":20,"Runic Pyramid":0},{"Darkstone Periapt":120,"Astrolabe":74,"Omamori":120,"War Paint":100,"Orichalcum":153,"Boot":17,"Smiling Mask":40,"Akabeko":92,"Nuclear Battery":32,"Mercury Hourglass":54,"Orrery":26,"Tiny Chest":17,"MealTicket":59,"Turnip":85,"Kunai":109,"Toxic Egg 2":26,"Cracked Core":0,"Unceasing Top":44,"TungstenRod":100,"Runic Pyramid":0}],"Unceasing Top":[25],"TungstenRod":33},"card_choices":[{"not_picked":["Stack","Hologram"],"picked":"Consume","floor":1},{"not_picked":["Beam Cell","Sweeping Beam"],"picked":"Darkness","floor":4},{"not_picked":["Hologram","Undo"],"picked":"Genetic Algorithm","floor":5},{"not_picked":["Loop","Thunder Strike"],"picked":"Sunder","floor":7},{"not_picked":["Barrage","Coolheaded"],"picked":"Recycle","floor":10},{"not_picked":["Hologram","Storm"],"picked":"FTL","floor":12},{"not_picked":["Gash","Streamline","Sunder"],"picked":"SKIP","floor":13},{"not_picked":["Chaos+1","Recycle+1"],"picked":"Echo Form","floor":14},{"not_picked":["Melter","Barrage"],"picked":"Go for the Eyes","floor":14},{"not_picked":["Stack+1","Conserve Battery+1"],"picked":"Turbo+1","floor":14},{"not_picked":["Gash","Turbo+1"],"picked":"Conserve Battery+1","floor":14},{"not_picked":["Barrage","Coolheaded+1"],"picked":"Rainbow+1","floor":14},{"not_picked":["Amplify+1","Creative AI"],"picked":"Meteor Strike","floor":16},{"not_picked":["Stack+1","Fusion+1"],"picked":"Recycle+1","floor":18},{"not_picked":["Barrage","Doom and Gloom+1"],"picked":"Steam+1","floor":19},{"not_picked":["Hyperbeam","Darkness+1"],"picked":"Cold Snap+1","floor":23},{"not_picked":["Go for the Eyes","Barrage"],"picked":"Genetic Algorithm+1","floor":24},{"not_picked":["Turbo+1","Skim+1"],"picked":"Glacier+1","floor":25},{"not_picked":["Compile Driver","Steam+1","Ball Lightning+1"],"picked":"SKIP","floor":30},{"not_picked":["Turbo+1","Force Field+1"],"picked":"Go for the Eyes+1","floor":31},{"not_picked":["Amplify+1","All For One"],"picked":"Echo Form","floor":33},{"not_picked":["Gash+1","Undo+1"],"picked":"Stack+1","floor":35},{"not_picked":["Loop+1","Conserve Battery+1"],"picked":"Self Repair","floor":36},{"not_picked":["Storm","Leap+1"],"picked":"Reinforced Body+1","floor":40},{"not_picked":["Barrage","Genetic Algorithm+1"],"picked":"Reboot+1","floor":42},{"not_picked":["Go for the Eyes","Genetic Algorithm+1"],"picked":"Core Surge","floor":44},{"not_picked":["Compile Driver+1","Coolheaded+1"],"picked":"Skim+1","floor":46},{"not_picked":["Beam Cell+1","Reprogram+1"],"picked":"Defragment+1","floor":47},{"not_picked":["Leap+1","Chaos+1"],"picked":"Barrage+1","floor":55}],"player_experience":2526345,"relics_obtained":[{"floor":7,"key":"Tiny Chest"},{"floor":9,"key":"Boot"},{"floor":13,"key":"Toxic Egg 2"},{"floor":21,"key":"Smiling Mask"},{"floor":23,"key":"Unceasing Top"},{"floor":26,"key":"Mercury Hourglass"},{"floor":30,"key":"MealTicket"},{"floor":36,"key":"Turnip"},{"floor":40,"key":"Akabeko"},{"floor":42,"key":"TungstenRod"},{"floor":43,"key":"War Paint"},{"floor":44,"key":"Kunai"},{"floor":47,"key":"Omamori"},{"floor":48,"key":"Darkstone Periapt"},{"floor":55,"key":"Orichalcum"}],"event_choices":[{"damage_healed":0,"gold_gain":0,"player_choice":"Ignored","damage_taken":0,"max_hp_gain":0,"max_hp_loss":0,"event_name":"Liars Game","floor":2,"gold_loss":0},{"damage_healed":0,"gold_gain":0,"player_choice":"Forge","damage_taken":0,"max_hp_gain":0,"max_hp_loss":0,"event_name":"Accursed Blacksmith","floor":3,"gold_loss":0,"cards_upgraded":["Zap"]},{"damage_healed":0,"gold_gain":75,"player_choice":"Gather Gold","damage_taken":11,"max_hp_gain":0,"max_hp_loss":0,"event_name":"World of Goop","floor":11,"gold_loss":0},{"damage_healed":0,"gold_gain":0,"player_choice":"Joined the Cult","damage_taken":6,"max_hp_gain":0,"max_hp_loss":0,"event_name":"Nest","floor":20,"gold_loss":0,"cards_obtained":["RitualDagger"]},{"damage_healed":0,"gold_gain":0,"player_choice":"Bought 2 Potions","damage_taken":0,"max_hp_gain":0,"max_hp_loss":0,"event_name":"The Woman in Blue","floor":22,"gold_loss":0},{"damage_healed":0,"gold_gain":0,"player_choice":"Upgraded","damage_taken":0,"max_hp_gain":0,"max_hp_loss":0,"event_name":"Upgrade Shrine","floor":28,"gold_loss":0,"cards_upgraded":["Dualcast"]},{"damage_healed":0,"gold_gain":0,"player_choice":"Fight","damage_taken":0,"max_hp_gain":0,"max_hp_loss":0,"event_name":"Mysterious Sphere","floor":36,"gold_loss":0},{"damage_healed":0,"gold_gain":0,"player_choice":"1 cards matched","damage_taken":0,"max_hp_gain":0,"max_hp_loss":0,"event_name":"Match and Keep!","floor":38,"gold_loss":0,"cards_obtained":["BootSequence"]}],"is_beta":true,"boss_relics":[{"not_picked":["Velvet Choker","SacredBark"],"picked":"Nuclear Battery"},{"not_picked":["Calling Bell","Tiny House"],"picked":"Astrolabe"}],"items_purged_floors":[37,39,54],"is_endless":false,"potions_floor_spawned":[4,7,13,16,18,19,24,25,44,46],"ascension_level":20}}