{"host":"c3lc60y5x60jlt1y","time":1610191527,"event":{"mods":["AchievementEnabler","BaseMod","Bestiary","Colored Map","Minty Spire (QoL Compilation)","Quick Restart","StSLib","ojb\u0027s Info Mod"],"gold_per_floor":[111,124,124,3,75,103,114,146,228,245,263,293,328,23,23,126,126,141,141,141,6,23,58,58,70,70,22,22,62,0,0,0],"floor_reached":31,"playtime":8465,"items_purged":["Strike_B","Decay"],"score":348,"play_id":"aa185681-87d2-4df7-824f-1afab0197b0a","local_time":"20210109132527","is_ascension_mode":true,"campfire_choices":[{"data":"Apotheosis","floor":15,"key":"SMITH"},{"floor":24,"key":"REST"},{"floor":28,"key":"REST"}],"circlet_count":0,"master_deck":["Strike_B","Strike_B","Defend_B","Defend_B","Defend_B","Zap+1","Dualcast","Clumsy","Electrodynamics","Doom and Gloom","BootSequence+1","Seek","Capacitor","Ball Lightning","Biased Cognition","Ball Lightning","Coolheaded","Apotheosis+1","Amplify","Echo Form","Gash","All For One","Sunder","Melter","Tempest+1","Chaos"],"relics":["Cracked Core","Letter Opener","Pocketwatch","Pantograph","Sundial","MawBank","Bag of Marbles","Black Star","Torii","Strawberry","CeramicFish","War Paint"],"acts_visited":["Exordium","TheCity"],"potions_floor_usage":[6,12,23,23,23,29],"damage_taken":[{"damage":1,"enemies":"Small Slimes","floor":1,"turns":2},{"damage":0,"enemies":"Cultist","floor":2,"turns":3},{"damage":33,"enemies":"Gremlin Nob","floor":6,"turns":4},{"damage":0,"enemies":"Jaw Worm","floor":7,"turns":3},{"damage":0,"enemies":"3 Sentries","floor":8,"turns":2},{"damage":3,"enemies":"Exordium Thugs","floor":10,"turns":2},{"damage":2,"enemies":"Large Slime","floor":11,"turns":3},{"damage":8,"enemies":"Gremlin Nob","floor":12,"turns":3},{"damage":24,"enemies":"The Guardian","floor":16,"turns":6},{"damage":2,"enemies":"Chosen","floor":18,"turns":4},{"damage":28,"enemies":"Shell Parasite","floor":22,"turns":5},{"damage":25,"enemies":"Gremlin Leader","floor":23,"turns":4},{"damage":19,"enemies":"Snecko","floor":25,"turns":4},{"damage":46,"enemies":"Book of Stabbing","floor":29,"turns":5},{"damage":10,"enemies":"Centurion and Healer","floor":31,"turns":1}],"seed_played":"2588862074395702265","potions_obtained":[{"floor":2,"key":"EssenceOfDarkness"},{"floor":7,"key":"Dexterity Potion"},{"floor":10,"key":"GamblersBrew"},{"floor":12,"key":"SteroidPotion"},{"floor":16,"key":"FearPotion"},{"floor":18,"key":"Energy Potion"},{"floor":20,"key":"Swift Potion"},{"floor":20,"key":"SkillPotion"},{"floor":29,"key":"ColorlessPotion"}],"is_trial":false,"path_per_floor":["M","M","?","$","T","E","M","E","T","M","M","E","T","$","R","B",null,"M","?","?","$","M","E","R","M","T","$","R","E","?","M"],"character_chosen":"DEFECT","items_purchased":["Seek","AttackPotion","Apotheosis","Amplify","Sunder","FearPotion"],"campfire_rested":2,"item_purchase_floors":[4,4,14,14,21,27],"current_hp_per_floor":[74,74,74,74,74,41,41,41,41,38,36,28,28,28,28,29,75,73,73,73,73,45,27,51,32,32,32,56,10,10,0,0],"gold":0,"neow_bonus":"THREE_RARE_CARDS","is_daily":false,"chose_seed":false,"campfire_upgraded":1,"win_rate":0.0,"timestamp":1610191527,"path_taken":["M","M","?","$","?","E","M","E","T","M","?","E","?","?","R","BOSS","M","?","?","$","M","E","R","?","T","$","R","E","?","M"],"items_purchased_type":["Card","Potion","Card","Card","Card","Potion"],"build_version":"2020-12-22","purchased_purges":2,"victory":false,"max_hp_per_floor":[75,75,75,75,75,75,75,75,75,75,75,75,75,75,75,75,75,75,75,75,75,75,82,82,82,82,82,82,82,82,82,82],"card_choices":[{"not_picked":["Buffer","Fission"],"picked":"Electrodynamics","floor":0},{"not_picked":["Consume","Go for the Eyes"],"picked":"Doom and Gloom","floor":1},{"not_picked":["Hologram","Doom and Gloom"],"picked":"BootSequence","floor":2},{"not_picked":["Coolheaded","Melter"],"picked":"Capacitor","floor":6},{"not_picked":["Redo","Barrage"],"picked":"Ball Lightning","floor":7},{"not_picked":["Beam Cell","Turbo"],"picked":"Biased Cognition","floor":8},{"not_picked":["Heatsinks","Reprogram"],"picked":"Ball Lightning","floor":10},{"not_picked":["Gash","Beam Cell","Stack"],"picked":"SKIP","floor":11},{"not_picked":["Cold Snap","Barrage"],"picked":"Coolheaded","floor":12},{"not_picked":["Reboot","Amplify"],"picked":"Echo Form","floor":16},{"not_picked":["Aggregate+1","Coolheaded+1","Sweeping Beam"],"picked":"SKIP","floor":18},{"not_picked":["Conserve Battery+1","Sweeping Beam"],"picked":"Melter","floor":22},{"not_picked":["Conserve Battery","Barrage+1","Stack"],"picked":"SKIP","floor":23},{"not_picked":["Leap","Streamline"],"picked":"Tempest+1","floor":25},{"not_picked":["Streamline","Leap"],"picked":"Chaos","floor":29}],"player_experience":7754999,"relics_obtained":[{"floor":5,"key":"Letter Opener"},{"floor":6,"key":"Pocketwatch"},{"floor":8,"key":"Pantograph"},{"floor":9,"key":"Sundial"},{"floor":12,"key":"MawBank"},{"floor":13,"key":"Bag of Marbles"},{"floor":23,"key":"Torii"},{"floor":23,"key":"Strawberry"},{"floor":29,"key":"CeramicFish"},{"floor":29,"key":"War Paint"}],"event_choices":[{"damage_healed":0,"gold_gain":0,"player_choice":"Cursed","damage_taken":0,"max_hp_gain":0,"max_hp_loss":0,"event_name":"Wheel of Change","floor":3,"gold_loss":0,"cards_obtained":["Decay"]},{"damage_healed":0,"gold_gain":0,"cards_transformed":["Strike_B","Defend_B"],"player_choice":"Became Test Subject","damage_taken":0,"max_hp_gain":0,"max_hp_loss":0,"event_name":"Drug Dealer","floor":19,"gold_loss":0,"cards_obtained":["Gash","All For One"]},{"damage_healed":0,"gold_gain":0,"player_choice":"Got Potions","damage_taken":0,"max_hp_gain":0,"max_hp_loss":0,"event_name":"Lab","floor":20,"gold_loss":0},{"damage_healed":0,"gold_gain":0,"player_choice":"Paid Fearfully","damage_taken":0,"max_hp_gain":0,"max_hp_loss":0,"event_name":"Masked Bandits","floor":30,"gold_loss":62}],"is_beta":false,"boss_relics":[{"not_picked":["Empty Cage","Tiny House"],"picked":"Black Star"}],"items_purged_floors":[14,21],"is_endless":false,"potions_floor_spawned":[2,7,10,12,16,18,29],"killed_by":"Centurion and Healer","ascension_level":2}}