{"host":"njruw0b0uprlitpx","time":1610160957,"event":{"mods":["2.2 Compatiblity","Bartender","BaseMod","Better Altar","Better Match","Better Note","Better Sensory Stone","Better Skull","Better Third Choice","Block Reminder","Colored Map","Colored Powertips","Downfall","Energized Spire","Jedi Mod","Keyboard Shortcuts","Minty Spire (QoL Compilation)","Quick Restart","Rare Cards Sparkle","Relic Stats","Replay The Spire","SacredBarkPlus","Spicy Shops","StSLib","SuperFastMode"],"gold_per_floor":[99,109,109,124,142,67,141,153,193,193,262,293,328,11,30,142,142,67,93,93,93,93],"floor_reached":21,"playtime":4221,"items_purged":[],"score":272,"play_id":"49a2c42f-a64d-4589-8e18-a9a9cc287ab9","local_time":"20210108205557","is_ascension_mode":true,"campfire_choices":[{"floor":1.0,"key":"RECALL"},{"data":"Slimebound:Grow","floor":6.0,"key":"SMITH"},{"data":"Slimebound:SplitSpecialist","floor":18,"key":"SMITH"}],"circlet_count":0,"master_deck":["AscendersBane","Slimebound:Strike_Slimebound","Slimebound:Strike_Slimebound","Slimebound:Strike_Slimebound","Slimebound:Tackle","Slimebound:Defend_Slimebound","Slimebound:Defend_Slimebound+1","Slimebound:Defend_Slimebound","Slimebound:Defend_Slimebound","Slimebound:Split","Slimebound:CorrosiveSpit+1","Slimebound:RollThrough","Slimebound:Recollect","Slimebound:Grow+1","Slimebound:SplitAcid","Slimebound:SpikyOuterGoop","Slimebound:Dissolve","Slimebound:RainOfGoop","Slimebound:GoopSpray","Slimebound:LivingWall","Slimebound:SplitSpecialist+1","Slimebound:RallyTheTroops+1","Slimebound:LevelUp+1","Slimebound:TagTeam","Slimebound:HauntingLick+1"],"relics":["Slimebound:AbsorbEndCombat","downfall:HeartBlessingRed","Question Card","CeramicFish","MawBank","Slimebound:MaxSlimesRelic","Velvet Choker","downfall:HeartBlessingGreen"],"acts_visited":["Exordium","TheCity"],"potions_floor_usage":[11,11,16,16,19],"damage_taken":[{"damage":25.0,"enemies":"Jaw Worm","floor":2.0,"turns":5.0},{"damage":10.0,"enemies":"Small Slimes","floor":4.0,"turns":4.0},{"damage":0.0,"enemies":"2 Louse","floor":5.0,"turns":3.0},{"damage":9.0,"enemies":"2 Fungi Beasts","floor":8.0,"turns":4.0},{"damage":31.0,"enemies":"Gremlin Nob","floor":9.0,"turns":4.0},{"damage":35,"enemies":"3 Sentries","floor":11,"turns":6},{"damage":14,"enemies":"Blue Slaver","floor":12,"turns":4},{"damage":19,"enemies":"Large Slime","floor":13,"turns":6},{"damage":8,"enemies":"downfall:FleeingMerchant","floor":14,"turns":4},{"damage":12,"enemies":"2 Fungi Beasts","floor":15,"turns":3},{"damage":44,"enemies":"downfall:Defect","floor":16,"turns":9},{"damage":19,"enemies":"3 Byrds","floor":19,"turns":3},{"damage":4,"enemies":"downfall:FleeingMerchant","floor":21,"turns":1}],"seed_played":"3920583336623819602","potions_obtained":[{"floor":0.0,"key":"LifebloodPotion"},{"floor":0.0,"key":"Cursed Concoction"},{"floor":0.0,"key":"Fruit Juice"},{"floor":4.0,"key":"Fire Potion"},{"floor":5.0,"key":"PowerPotion"},{"floor":12,"key":"LiquidMemories"},{"floor":13,"key":"SteroidPotion"},{"floor":15,"key":"BlessingOfTheForge"},{"floor":16,"key":"Adrenaline Potion"},{"floor":19,"key":"Dexterity Potion"}],"is_trial":false,"path_per_floor":["R","M","?","M","M","R","T","M","E","?","?","M","M","$","M","B",null,"R","M","?","$"],"character_chosen":"SLIMEBOUND","items_purchased":["Slimebound:SplitSpecialist","Slimebound:RallyTheTroops+1","Slimebound:MaxSlimesRelic"],"campfire_rested":0,"item_purchase_floors":[14,14,14],"current_hp_per_floor":[59,50,50,52,56,56,56,59,42,42,19,21,22,34,42,34,57,57,58,58,54,54],"gold":93,"neow_bonus":"THREE_SMALL_POTIONS","is_daily":false,"chose_seed":false,"campfire_upgraded":2,"win_rate":0.0,"timestamp":1610160957,"path_taken":["R","M","?","M","M","R","T","M","E","?","?","M","M","$","M","BOSS","R","M","?","$"],"items_purchased_type":["Card","Card","Relic"],"build_version":"2020-12-22","purchased_purges":0,"victory":false,"max_hp_per_floor":[65,65,65,65,65,65,65,65,65,65,65,65,65,65,65,65,65,65,65,65,65,65],"relic_stats":{"counters":[13,54],"CeramicFish":90,"Question Card":9,"MawBank":36,"obtain_stats":[{"Slimebound:MaxSlimesRelic":14,"downfall:HeartBlessingRed":6,"CeramicFish":9,"Velvet Choker":17,"downfall:HeartBlessingGreen":18,"Slimebound:AbsorbEndCombat":0,"Question Card":7,"MawBank":11},{"Slimebound:MaxSlimesRelic":9,"downfall:HeartBlessingRed":3,"CeramicFish":5,"Velvet Choker":11,"downfall:HeartBlessingGreen":11,"Slimebound:AbsorbEndCombat":0,"Question Card":3,"MawBank":5},{"Slimebound:MaxSlimesRelic":38,"downfall:HeartBlessingRed":12,"CeramicFish":20,"Velvet Choker":50,"downfall:HeartBlessingGreen":50,"Slimebound:AbsorbEndCombat":0,"Question Card":12,"MawBank":20}]},"card_choices":[{"not_picked":["Slimebound:SlimeBarrage","Slimebound:SamplingLick"],"picked":"Slimebound:RollThrough","floor":2.0},{"not_picked":["Slimebound:RollThrough","Slimebound:ServeAndProtect"],"picked":"Slimebound:Recollect","floor":4.0},{"not_picked":["Slimebound:SamplingLick","Slimebound:SplitMire"],"picked":"Slimebound:Grow","floor":5.0},{"not_picked":["Slimebound:ItLooksTasty","Slimebound:TongueLash","Slimebound:Recollect"],"picked":"Slimebound:SplitAcid","floor":8.0},{"not_picked":["Slimebound:SlimeSpikes","Slimebound:SlimeSlap","Slimebound:FirmFortitude"],"picked":"Slimebound:SpikyOuterGoop","floor":9.0},{"not_picked":["Slimebound:SplitAcid","Slimebound:Recollect","Slimebound:SpikyOuterGoop"],"picked":"Slimebound:Dissolve","floor":11},{"not_picked":["Slimebound:Schlurp","Slimebound:ItLooksTasty","Slimebound:ProtectTheBoss"],"picked":"Slimebound:RainOfGoop","floor":12},{"not_picked":["Slimebound:Schlurp","Slimebound:LeechingTouch","Slimebound:Replication"],"picked":"Slimebound:GoopSpray","floor":13},{"not_picked":["Slimebound:ServeAndProtect","Slimebound:SlimeSpikes","Slimebound:WasteNot"],"picked":"Slimebound:LivingWall","floor":14},{"not_picked":["Slimebound:Dissolve","Slimebound:ServeAndProtect","Slimebound:PressTheAttack"],"picked":"Slimebound:LevelUp","floor":15},{"not_picked":["Slimebound:Teamwork","Slimebound:Overexert","Slimebound:DouseInSlime"],"picked":"Slimebound:TagTeam","floor":16},{"not_picked":["Slimebound:Chomp+1","Slimebound:LeechingTouch+1","Slimebound:Gluttony"],"picked":"Slimebound:HauntingLick+1","floor":19}],"player_experience":1473297,"relics_obtained":[{"floor":7.0,"key":"Question Card"},{"floor":9.0,"key":"CeramicFish"}],"event_choices":[{"damage_healed":0,"gold_gain":0,"player_choice":"Grow","damage_taken":0,"max_hp_gain":0,"max_hp_loss":0,"event_name":"Living Wall","floor":10,"gold_loss":0,"cards_upgraded":["Slimebound:CorrosiveSpit"]},{"damage_healed":0,"gold_gain":0,"player_choice":"Forge","damage_taken":0,"max_hp_gain":0,"max_hp_loss":0,"event_name":"Accursed Blacksmith","floor":20,"gold_loss":0,"cards_upgraded":["Slimebound:LevelUp"]}],"is_beta":false,"boss_relics":[{"not_picked":["expansioncontent:StudyCardRelic","Snecko Heart"],"picked":"Velvet Choker"}],"items_purged_floors":[],"is_endless":false,"potions_floor_spawned":[4,5,12,13,15,16,19],"killed_by":"downfall:FleeingMerchant","ascension_level":10}}