{"host":"sum4dy402bbv9y4o","time":1610233398,"event":{"mods":["Aspiration","BaseMod","Conspire","Highlight Path","Minty Spire (QoL Compilation)","StSLib"],"gold_per_floor":[116,6,6,18,18,18,33,33,33,33,52,63,63,28,28,102,102,119,132,57,71,71,98,98,23,23,23,23,23],"floor_reached":28,"playtime":795,"items_purged":["Strike_P"],"score":502,"play_id":"698a58e1-cc3a-48dd-93de-f925dbd189b9","local_time":"20210110020318","is_ascension_mode":true,"campfire_choices":[{"data":"Eruption","floor":6,"key":"SMITH"},{"data":"TalkToTheHand","floor":8,"key":"SMITH"},{"data":"SashWhip","floor":10,"key":"SMITH"},{"floor":15,"key":"REST"},{"data":"TalkToTheHand","floor":24,"key":"SMITH"},{"floor":27,"key":"REST"}],"circlet_count":0,"master_deck":["AscendersBane","Strike_P","Strike_P","Strike_P","Defend_P+1","Defend_P+1","Defend_P","Eruption+1","Vigilance+1","FlurryOfBlows","TalkToTheHand+1","SashWhip+1","MentalFortress","Adaptation","FlyingSleeves+1","CutThroughFate","LessonLearned","SashWhip","TalkToTheHand+1","Protect"],"relics":["PureWater","aspiration:Nostalgia","Ring of the Snake","Thread and Needle","conspire:SpecialSausage","aspiration:RitualStick","Oddly Smooth Stone","TungstenRod"],"acts_visited":["Exordium","TheCity"],"potions_floor_usage":[16,16,18,21,28],"damage_taken":[{"damage":12,"enemies":"Small Slimes","floor":1,"turns":2},{"damage":0,"enemies":"Jaw Worm","floor":4,"turns":3},{"damage":1,"enemies":"conspire:RoseBush","floor":7,"turns":4},{"damage":8,"enemies":"3 Louse","floor":11,"turns":2},{"damage":0,"enemies":"Large Slime","floor":12,"turns":3},{"damage":17,"enemies":"The Guardian","floor":16,"turns":7},{"damage":0,"enemies":"3 Byrds","floor":18,"turns":4},{"damage":12,"enemies":"Spheric Guardian","floor":19,"turns":4},{"damage":13,"enemies":"Snecko","floor":21,"turns":3},{"damage":0,"enemies":"conspire:Head Lice","floor":23,"turns":6},{"damage":43,"enemies":"Slavers","floor":28,"turns":3}],"seed_played":"-1958622587123012468","potions_obtained":[{"floor":7,"key":"ColorlessPotion"},{"floor":12,"key":"FearPotion"},{"floor":16,"key":"LiquidMemories"},{"floor":18,"key":"Dexterity Potion"},{"floor":19,"key":"Weak Potion"}],"is_trial":false,"path_per_floor":["M","$","?","M","$","R","M","R","T","R","M","M","?","?","R","B",null,"M","M","$","M","?","E","R","?","T","R","E"],"character_chosen":"WATCHER","items_purchased":["TalkToTheHand","SashWhip"],"campfire_rested":2,"item_purchase_floors":[2,2],"current_hp_per_floor":[49,49,39,39,39,39,38,38,38,38,30,30,10,27,47,30,59,59,47,47,34,17,17,17,17,17,37,0,0],"gold":23,"neow_bonus":"NOSTALGIA","is_daily":false,"chose_seed":false,"campfire_upgraded":4,"win_rate":0.0,"timestamp":1610233398,"path_taken":["M","$","?","M","?","R","M","R","T","R","?","M","?","?","R","BOSS","M","M","$","M","?","E","R","?","T","R","E"],"items_purchased_type":["Card","Card"],"build_version":"2020-12-22","purchased_purges":1,"victory":false,"max_hp_per_floor":[68,68,68,68,68,68,68,68,68,68,68,68,68,68,68,68,68,68,68,68,68,68,68,68,68,68,68,68,68],"card_choices":[{"not_picked":["EmptyMind","Evaluate"],"picked":"FlurryOfBlows","floor":1},{"not_picked":["BattleHymn","Swivel"],"picked":"MentalFortress","floor":4},{"not_picked":["WindmillStrike","FollowUp"],"picked":"Adaptation","floor":7},{"not_picked":["ReachHeaven","SandsOfTime"],"picked":"FlyingSleeves","floor":11},{"not_picked":["Wireheading","ClearTheMind"],"picked":"CutThroughFate","floor":12},{"not_picked":["Devotion","DeusExMachina"],"picked":"LessonLearned","floor":16},{"not_picked":["Perseverance","CarveReality"],"picked":"SashWhip","floor":18},{"not_picked":["EmptyBody","Study"],"picked":"TalkToTheHand","floor":19},{"not_picked":["ForeignInfluence","WindmillStrike","ReachHeaven"],"picked":"SKIP","floor":21},{"not_picked":["SashWhip","JustLucky"],"picked":"Protect","floor":23}],"player_experience":2915579,"relics_obtained":[{"floor":9,"key":"Thread and Needle"},{"floor":23,"key":"Oddly Smooth Stone"},{"floor":26,"key":"TungstenRod"}],"event_choices":[{"damage_healed":0,"gold_gain":0,"player_choice":"Damaged","damage_taken":10,"max_hp_gain":0,"max_hp_loss":0,"event_name":"Wheel of Change","floor":3,"gold_loss":0},{"damage_healed":0,"gold_gain":0,"player_choice":"Entered Light","damage_taken":20,"max_hp_gain":0,"max_hp_loss":0,"event_name":"Shining Light","floor":13,"gold_loss":0,"cards_upgraded":["FlyingSleeves","Vigilance"]},{"damage_healed":17,"gold_gain":0,"player_choice":"Healed","damage_taken":0,"max_hp_gain":0,"max_hp_loss":0,"event_name":"The Cleric","floor":14,"gold_loss":35},{"cards_removed":["Defend_P"],"damage_healed":0,"gold_gain":0,"player_choice":"Gave Gold","damage_taken":0,"max_hp_gain":0,"max_hp_loss":0,"event_name":"Beggar","floor":25,"gold_loss":75}],"is_beta":false,"boss_relics":[{"not_picked":["SacredBark","Black Star"],"picked":"conspire:SpecialSausage"}],"items_purged_floors":[20],"is_endless":false,"potions_floor_spawned":[7,12,16,18,19],"killed_by":"Slavers","ascension_level":20}}