{"host":"4qkvkh7pd9qr2mca","time":1610214364,"event":{"mods":["AchievementEnabler","BaseMod","Colored Map","Colored Powertips","Highlight Path","Minty Spire (QoL Compilation)","Permanent Neow","Quick Restart","StSLib","SuperFastMode"],"gold_per_floor":[118,137,117,135,145,145,171,171,171,96,135,144,172,191,191,275,275,298,320,343,352,295,295,323,343,343,343,382,78,104,133,133,220,229,249,278,65,91,118,118,159,159,186,215,233,233,270,270,270,270,270,270,270,0,41,41,41],"floor_reached":56,"playtime":3954,"items_purged":["Strike_G","Defend_G"],"score":2130,"play_id":"618137c0-2345-4013-86c2-e0614d5a6809","local_time":"20210109184604","is_ascension_mode":true,"campfire_choices":[{"data":"Apotheosis","floor":6,"key":"SMITH"},{"floor":8,"key":"REST"},{"floor":15,"key":"REST"},{"floor":23,"key":"RECALL"},{"floor":27,"key":"REST"},{"floor":32,"key":"REST"},{"data":"After Image","floor":40,"key":"SMITH"},{"data":"Tactician","floor":42,"key":"SMITH"},{"floor":49,"key":"REST"},{"data":"Blade Dance","floor":53,"key":"PURGE"}],"circlet_count":0,"master_deck":["AscendersBane","Defend_G","Defend_G","Defend_G","Defend_G","Survivor","Neutralize","Apotheosis+1","Dagger Throw","Dagger Spray","Slice","Predator","Unload","Backflip","Dash","Well Laid Plans","Corpse Explosion","Setup","Acrobatics","Acrobatics","Adrenaline","Unload","Quick Slash","Backflip","Tactician+1","Footwork","Adrenaline","After Image+1","CurseOfTheBell","Slice+1","Flechettes","Leg Sweep","Noxious Fumes","Catalyst","Footwork","Catalyst","Prepared+1","Madness","Madness+1","Acrobatics","Noxious Fumes+1"],"relics":["Ring of the Snake","Bottled Lightning","InkBottle","CeramicFish","Gambling Chip","HoveringKite","Lantern","Letter Opener","Oddly Smooth Stone","Centennial Puzzle","Calling Bell","MealTicket","Meat on the Bone","Du-Vu Doll","Frozen Egg 2","Peace Pipe","Ninja Scroll","Ornamental Fan","Strawberry"],"acts_visited":["Exordium","TheCity","TheBeyond","TheEnding"],"potions_floor_usage":[5,7,14,20,44,55,55,56],"damage_taken":[{"damage":0,"enemies":"2 Louse","floor":1,"turns":5},{"damage":0,"enemies":"Cultist","floor":2,"turns":3},{"damage":4,"enemies":"Jaw Worm","floor":4,"turns":5},{"damage":0,"enemies":"Looter","floor":5,"turns":4},{"damage":19,"enemies":"3 Sentries","floor":7,"turns":6},{"damage":0,"enemies":"Gremlin Nob","floor":11,"turns":3},{"damage":10,"enemies":"3 Sentries","floor":13,"turns":4},{"damage":0,"enemies":"Exordium Wildlife","floor":14,"turns":4},{"damage":17,"enemies":"Slime Boss","floor":16,"turns":8},{"damage":1,"enemies":"Chosen","floor":18,"turns":4},{"damage":2,"enemies":"Shell Parasite","floor":19,"turns":5},{"damage":1,"enemies":"Centurion and Healer","floor":20,"turns":3},{"damage":9,"enemies":"Gremlin Leader","floor":24,"turns":6},{"damage":0,"enemies":"Snake Plant","floor":25,"turns":4},{"damage":10,"enemies":"Book of Stabbing","floor":28,"turns":4},{"damage":0,"enemies":"Snecko","floor":31,"turns":5},{"damage":15,"enemies":"Automaton","floor":33,"turns":9},{"damage":0,"enemies":"3 Shapes","floor":35,"turns":1},{"damage":0,"enemies":"Orb Walker","floor":36,"turns":2},{"damage":0,"enemies":"Maw","floor":38,"turns":6},{"damage":0,"enemies":"3 Darklings","floor":39,"turns":3},{"damage":0,"enemies":"Giant Head","floor":41,"turns":8},{"damage":0,"enemies":"4 Shapes","floor":44,"turns":4},{"damage":0,"enemies":"Nemesis","floor":47,"turns":7},{"damage":9,"enemies":"Donu and Deca","floor":50,"turns":5},{"damage":8,"enemies":"Awakened One","floor":51,"turns":13},{"damage":39,"enemies":"Shield and Spear","floor":55,"turns":5},{"damage":59,"enemies":"The Heart","floor":56,"turns":3}],"seed_played":"7912315995980004418","potions_obtained":[{"floor":1,"key":"Strength Potion"},{"floor":3,"key":"CunningPotion"},{"floor":5,"key":"Fruit Juice"},{"floor":13,"key":"Weak Potion"},{"floor":14,"key":"Fruit Juice"},{"floor":18,"key":"Energy Potion"},{"floor":20,"key":"Fruit Juice"},{"floor":24,"key":"CunningPotion"},{"floor":35,"key":"Block Potion"},{"floor":47,"key":"Poison Potion"},{"floor":55,"key":"Explosive Potion"}],"is_trial":false,"path_per_floor":["M","M","?","M","M","R","E","R","T","?","E","?","E","M","R","B",null,"M","M","M","?","?","R","E","M","T","R","E","$","T","M","R","B",null,"M","M","$","M","M","R","E","R","T","M","?","T","E","?","R","B","B",null,"R","$","E","B"],"character_chosen":"THE_SILENT","items_purchased":["Footwork","Adrenaline","Leg Sweep","Noxious Fumes","Ornamental Fan"],"campfire_rested":5,"item_purchase_floors":[29,29,37,37,54],"current_hp_per_floor":[44,44,44,40,45,45,26,47,47,47,47,47,37,42,64,47,69,68,66,70,70,70,70,61,61,61,81,71,71,71,71,81,66,77,77,77,81,81,81,81,81,81,81,81,66,66,66,66,81,72,64,77,77,81,49,0,0],"gold":41,"neow_bonus":"RANDOM_COLORLESS_2","is_daily":false,"chose_seed":false,"campfire_upgraded":3,"win_rate":0.0,"timestamp":1610214364,"path_taken":["M","M","?","M","?","R","E","R","T","?","E","?","E","M","R","BOSS","M","M","M","?","?","R","E","?","T","R","E","?","?","M","R","BOSS","M","M","$","M","M","R","E","R","T","?","?","?","E","?","R","BOSS","BOSS","R","$","E","BOSS"],"items_purchased_type":["Card","Card","Card","Card","Relic"],"build_version":"2020-12-22","purchased_purges":2,"victory":false,"max_hp_per_floor":[66,66,66,66,71,71,71,71,71,71,71,71,71,76,76,76,76,76,76,81,81,81,81,81,81,81,81,81,81,81,81,81,81,81,81,81,81,81,81,81,81,81,81,81,81,81,81,81,81,81,81,81,81,81,88,88,88],"card_choices":[{"not_picked":["Magnetism","The Bomb"],"picked":"Apotheosis","floor":0},{"not_picked":["Outmaneuver","Acrobatics"],"picked":"Dagger Throw","floor":1},{"not_picked":["Flying Knee","Prepared"],"picked":"Dagger Spray","floor":2},{"not_picked":["Flying Knee","Outmaneuver"],"picked":"Slice","floor":4},{"not_picked":["Accuracy","Deflect"],"picked":"Predator","floor":5},{"not_picked":["Bane","Deadly Poison"],"picked":"Unload","floor":7},{"not_picked":["Accuracy","Reflex"],"picked":"Backflip","floor":11},{"not_picked":["Poisoned Stab","Masterful Stab","Quick Slash"],"picked":"SKIP","floor":13},{"not_picked":["Endless Agony","Dagger Spray"],"picked":"Well Laid Plans","floor":14},{"not_picked":["Burst","Envenom"],"picked":"Corpse Explosion","floor":16},{"not_picked":["Flechettes+1","Outmaneuver"],"picked":"Setup","floor":18},{"not_picked":["Dagger Throw","Poisoned Stab"],"picked":"Acrobatics","floor":19},{"not_picked":["Slice","Poisoned Stab"],"picked":"Acrobatics","floor":20},{"not_picked":["Grand Finale","Dagger Throw","Acrobatics"],"picked":"SKIP","floor":24},{"not_picked":["Dagger Throw","Flying Knee"],"picked":"Backflip","floor":25},{"not_picked":["Bane","Terror"],"picked":"Tactician","floor":28},{"not_picked":["PiercingWail","Dash"],"picked":"Blade Dance","floor":31},{"not_picked":["Storm of Steel","Malaise"],"picked":"After Image","floor":33},{"not_picked":["Deflect","Bane"],"picked":"Slice+1","floor":35},{"not_picked":["Glass Knife","Acrobatics"],"picked":"Flechettes","floor":36},{"not_picked":["Endless Agony","Deadly Poison"],"picked":"Catalyst","floor":38},{"not_picked":["Calculated Gamble+1","Backflip"],"picked":"Footwork","floor":39},{"not_picked":["Backstab","Quick Slash"],"picked":"Catalyst","floor":41},{"not_picked":["Cloak And Dagger","Infinite Blades+1"],"picked":"Prepared+1","floor":44},{"not_picked":["Bane","Backflip"],"picked":"Acrobatics","floor":47},{"not_picked":["Poisoned Stab","Cloak And Dagger"],"picked":"Noxious Fumes+1","floor":55}],"player_experience":520440,"relics_obtained":[{"floor":7,"key":"Bottled Lightning"},{"floor":9,"key":"InkBottle"},{"floor":11,"key":"CeramicFish"},{"floor":13,"key":"Gambling Chip"},{"floor":24,"key":"Lantern"},{"floor":26,"key":"Letter Opener"},{"floor":28,"key":"Oddly Smooth Stone"},{"floor":30,"key":"Centennial Puzzle"},{"floor":34,"key":"MealTicket"},{"floor":34,"key":"Meat on the Bone"},{"floor":34,"key":"Du-Vu Doll"},{"floor":41,"key":"Frozen Egg 2"},{"floor":46,"key":"Peace Pipe"},{"floor":47,"key":"Ninja Scroll"},{"floor":55,"key":"Strawberry"}],"event_choices":[{"damage_healed":0,"gold_gain":0,"player_choice":"Bought 1 Potion","damage_taken":0,"max_hp_gain":0,"max_hp_loss":0,"event_name":"The Woman in Blue","floor":3,"gold_loss":0},{"cards_removed":["Strike_G"],"damage_healed":0,"gold_gain":0,"player_choice":"Card Removal","damage_taken":0,"max_hp_gain":0,"max_hp_loss":0,"event_name":"The Cleric","floor":10,"gold_loss":75},{"damage_healed":0,"gold_gain":0,"cards_transformed":["Strike_G"],"player_choice":"Change","damage_taken":0,"max_hp_gain":0,"max_hp_loss":0,"event_name":"Living Wall","floor":12,"gold_loss":0,"cards_obtained":["Dash"]},{"damage_healed":0,"gold_gain":0,"player_choice":"Read","damage_taken":0,"max_hp_gain":0,"max_hp_loss":0,"event_name":"The Library","floor":21,"gold_loss":0,"cards_obtained":["Adrenaline"]},{"damage_healed":0,"gold_gain":0,"cards_transformed":["Strike_G","Strike_G"],"player_choice":"Transformed Cards","damage_taken":0,"max_hp_gain":0,"max_hp_loss":0,"event_name":"Designer","floor":22,"gold_loss":75,"cards_obtained":["Unload","Quick Slash"]},{"damage_healed":0,"gold_gain":0,"player_choice":"Embrace Madness","damage_taken":15,"max_hp_gain":0,"max_hp_loss":0,"event_name":"Winding Halls","floor":45,"gold_loss":0,"cards_obtained":["Madness","Madness"]},{"damage_healed":0,"gold_gain":0,"player_choice":"Forge","damage_taken":0,"max_hp_gain":0,"max_hp_loss":0,"event_name":"Accursed Blacksmith","floor":48,"gold_loss":0,"cards_upgraded":["Madness"]}],"is_beta":false,"boss_relics":[{"not_picked":["Empty Cage","Runic Dome"],"picked":"HoveringKite"},{"not_picked":["Snecko Eye","Tiny House"],"picked":"Calling Bell"}],"items_purged_floors":[29,37],"is_endless":false,"potions_floor_spawned":[1,5,13,14,18,20,24,25,35,38,41,47,55],"killed_by":"The Heart","ascension_level":20}}