{"host":"9ndbo4kgsfoemf7y","time":1610180835,"event":{"mods":["AchievementEnabler","BaseMod","Colored Map","DeckTracker","Keyboard Shortcuts","Minty Spire (QoL Compilation)","Permanent Neow","Quick Restart","Relic Stats","StSLib","SuperFastMode"],"gold_per_floor":[110,110,61,73,85,118,118,128,155,155,155,165,185,212,212,212,212],"floor_reached":16,"playtime":580,"items_purged":[],"score":146,"play_id":"a98eb17a-4655-4e33-87aa-0279614e6561","local_time":"20210109172715","is_ascension_mode":true,"campfire_choices":[{"data":"Hologram","floor":7.0,"key":"SMITH"},{"data":"Recycle","floor":10.0,"key":"SMITH"},{"data":"FTL","floor":15.0,"key":"SMITH"}],"circlet_count":0,"master_deck":["Strike_B","Strike_B+1","Defend_B","Defend_B","Defend_B","Defend_B","Zap","Dualcast","Core Surge","Go for the Eyes+1","Glacier","Conserve Battery","FTL+1","Coolheaded","Hologram+1","Recycle+1","Ball Lightning","Melter"],"relics":["Cracked Core","Boot","MealTicket","Anchor","Mummified Hand"],"acts_visited":["Exordium"],"potions_floor_usage":[],"damage_taken":[{"damage":8.0,"enemies":"Small Slimes","floor":1.0,"turns":3.0},{"damage":0.0,"enemies":"Cultist","floor":4.0,"turns":3.0},{"damage":0.0,"enemies":"Jaw Worm","floor":5.0,"turns":3.0},{"damage":10.0,"enemies":"Gremlin Nob","floor":6.0,"turns":5.0},{"damage":0.0,"enemies":"Looter","floor":8.0,"turns":3.0},{"damage":1.0,"enemies":"Blue Slaver","floor":12.0,"turns":3.0},{"damage":0.0,"enemies":"2 Fungi Beasts","floor":13.0,"turns":2.0},{"damage":5.0,"enemies":"Lagavulin","floor":14.0,"turns":6.0},{"damage":31,"enemies":"The Guardian","floor":16,"turns":6}],"seed_played":"-6833275649506813802","potions_obtained":[{"floor":1.0,"key":"Strength Potion"},{"floor":14.0,"key":"CultistPotion"}],"is_trial":false,"path_per_floor":["M","?","$","M","M","E","R","M","T","R","?","M","M","E","R","B"],"character_chosen":"DEFECT","items_purchased":["Conserve Battery"],"campfire_rested":0,"item_purchase_floors":[3],"current_hp_per_floor":[60,46,46,46,46,36,36,36,36,36,36,35,35,30,30,0,0],"gold":212,"neow_bonus":"TRANSFORM_TWO_CARDS","is_daily":false,"chose_seed":false,"campfire_upgraded":3,"win_rate":0.0,"timestamp":1610180835,"path_taken":["M","?","$","M","M","E","R","M","T","R","?","M","M","E","R","BOSS"],"items_purchased_type":["Card"],"build_version":"2020-12-22","purchased_purges":0,"victory":false,"max_hp_per_floor":[68,68,68,68,68,68,68,68,68,68,68,68,68,68,68,68,68],"relic_stats":{"counters":[9,34],"Mummified Hand":[0],"MealTicket":0,"Boot":[14],"obtain_stats":[{"Anchor":11,"Mummified Hand":14,"MealTicket":9,"Cracked Core":0,"Boot":6},{"Anchor":5,"Mummified Hand":8,"MealTicket":5,"Cracked Core":0,"Boot":4},{"Anchor":17,"Mummified Hand":28,"MealTicket":17,"Cracked Core":0,"Boot":14}]},"card_choices":[{"not_picked":["BootSequence","Skim"],"picked":"Glacier","floor":1.0},{"not_picked":["Steam","Conserve Battery"],"picked":"FTL","floor":4.0},{"not_picked":["Barrage","Scrape"],"picked":"Coolheaded","floor":5.0},{"not_picked":["Beam Cell","Steam"],"picked":"Hologram","floor":6.0},{"not_picked":["Beam Cell","Compile Driver"],"picked":"Recycle","floor":8.0},{"not_picked":["Steam","Redo"],"picked":"Ball Lightning","floor":12.0},{"not_picked":["Rebound","Hyperbeam","Redo"],"picked":"SKIP","floor":13.0},{"not_picked":["Redo","Coolheaded"],"picked":"Melter","floor":14.0}],"player_experience":794852,"relics_obtained":[{"floor":6.0,"key":"Boot"},{"floor":9.0,"key":"MealTicket"},{"floor":11.0,"key":"Anchor"},{"floor":14.0,"key":"Mummified Hand"}],"event_choices":[{"damage_healed":0.0,"max_hp_gain":0.0,"max_hp_loss":0.0,"gold_gain":0.0,"event_name":"Shining Light","player_choice":"Entered Light","floor":2.0,"gold_loss":0.0,"damage_taken":14.0,"cards_upgraded":["Go for the Eyes","Strike_B"]},{"damage_healed":0.0,"max_hp_gain":0.0,"max_hp_loss":0.0,"gold_gain":0.0,"event_name":"Wheel of Change","player_choice":"Relic","floor":11.0,"gold_loss":0.0,"damage_taken":0.0}],"is_beta":false,"boss_relics":[],"items_purged_floors":[],"is_endless":false,"potions_floor_spawned":[1,14],"killed_by":"The Guardian","ascension_level":6}}