{"host":"3vgzk5mhz751jdrj","time":1610155343,"event":{"mods":["2.2 Compatiblity","AchievementEnabler","Act Like it!","Aspiration","BaseMod","Better Altar","Better Match","Better Note","Better Sensory Stone","Better Skull","Better Third Choice","Block Reminder","Colored Map","Conspire","Curses Come First","Dark Map","Displayed Cursed Tome","Downfall","Friendly Minions","GifTheSpireLib","Halation","Hubris","Marked Mod","Mimic Mod","Minty Spire (QoL Compilation)","Quick Restart","Rare Cards Sparkle","Replay The Spire","Reworked Bosses","Shop Mod","Spicy Shops","Spikes Relics","StSLib","Stuff the Spire","Thieving Mod","Trackpad","vexMod"],"gold_per_floor":[0,12,0,0,0,0,0,0,0,0],"floor_reached":8,"playtime":470,"items_purged":[],"score":46,"play_id":"b31f8cac-3d7d-4aa8-b470-31daef4131e0","local_time":"20210108202223","is_ascension_mode":true,"campfire_choices":[{"data":"hexamod:Float","floor":1,"key":"SMITH"}],"circlet_count":0,"master_deck":["hexamod:Strike","hexamod:Strike","hexamod:Strike","hexamod:Strike+1","hexamod:Defend","hexamod:Defend+1","hexamod:Defend","hexamod:Defend+1","hexamod:Sear","hexamod:Float+1","hexamod:ShieldOfDarkness","hexamod:ShieldOfDarkness","hexamod:CatchUp","Regret","hexamod:BurningTouch"],"relics":["hexamod:SpiritBrand","hexamod:SoulConsumer","trackpad:CultistFigurine"],"acts_visited":["Exordium"],"potions_floor_usage":[],"damage_taken":[{"damage":0,"enemies":"Cultist","floor":2,"turns":3},{"damage":0,"enemies":"downfall:FleeingMerchant","floor":3,"turns":4},{"damage":0,"enemies":"downfall:FleeingMerchant","floor":4,"turns":4},{"damage":8,"enemies":"downfall:FleeingMerchant","floor":6,"turns":4},{"damage":75,"enemies":"Gremlin Nob","floor":8,"turns":5}],"seed_played":"-4130609316997858562","potions_obtained":[],"is_trial":false,"path_per_floor":["R","M","$","$","?","$","T","E"],"character_chosen":"THE_SPIRIT","items_purchased":[],"campfire_rested":0,"item_purchase_floors":[],"current_hp_per_floor":[70,70,70,70,70,62,62,0,0,0],"gold":0,"neow_bonus":"ONE_RARE_RELIC","is_daily":false,"chose_seed":false,"campfire_upgraded":1,"win_rate":0.0,"timestamp":1610155343,"path_taken":["R","M","?","$","?","$","T","E"],"items_purchased_type":[],"build_version":"2020-12-22","purchased_purges":0,"victory":false,"max_hp_per_floor":[70,70,70,70,70,70,70,70,70,70],"card_choices":[{"not_picked":["hexamod:SpectersWail","hexamod:DynamicBlow"],"picked":"hexamod:ShieldOfDarkness","floor":2},{"not_picked":["hexamod:AdvancingGuard","hexamod:Again"],"picked":"hexamod:ShieldOfDarkness","floor":3},{"not_picked":["hexamod:NightmareGuise","hexamod:BacktrackSmack"],"picked":"hexamod:CatchUp","floor":4},{"not_picked":["hexamod:Hexaguard","hexamod:NightmareStrike"],"picked":"hexamod:BurningTouch","floor":6}],"player_experience":389425,"relics_obtained":[{"floor":7,"key":"trackpad:CultistFigurine"}],"event_choices":[],"is_beta":false,"boss_relics":[],"items_purged_floors":[],"is_endless":false,"potions_floor_spawned":[],"killed_by":"Gremlin Nob","ascension_level":2}}