{"host":"hszimsrtxxc2k25w","time":1610174996,"event":{"mods":["AchievementEnabler","BaseMod","Colored Map","DeckTracker","Minty Spire (QoL Compilation)","Rare Cards Sparkle","SuperFastMode"],"gold_per_floor":[112,112,132,149,74,74,103,121,121,41,41,56,74,94,94,94,94],"floor_reached":16,"playtime":435,"items_purged":["Strike_R"],"score":208,"play_id":"b085ad22-79ff-431b-9a93-3914ca05068c","local_time":"20210109154956","is_ascension_mode":true,"campfire_choices":[{"data":"Shrug It Off","floor":6.0,"key":"SMITH"},{"data":"Carnage","floor":11.0,"key":"SMITH"},{"data":"Dark Embrace","floor":15,"key":"SMITH"}],"circlet_count":0,"master_deck":["AscendersBane","Strike_R","Strike_R","Strike_R","Defend_R","Defend_R","Defend_R","Defend_R","Bash+1","Power Through","Shrug It Off+1","Dropkick","Second Wind","Carnage+1","Dark Embrace+1"],"relics":["Burning Blood","Matryoshka","Meat on the Bone","StrikeDummy"],"acts_visited":["Exordium"],"potions_floor_usage":[],"damage_taken":[{"damage":7.0,"enemies":"Cultist","floor":1.0,"turns":4.0},{"damage":7.0,"enemies":"Small Slimes","floor":3.0,"turns":3.0},{"damage":11.0,"enemies":"2 Louse","floor":4.0,"turns":3.0},{"damage":44.0,"enemies":"Lagavulin","floor":7.0,"turns":9.0},{"damage":4.0,"enemies":"Large Slime","floor":8.0,"turns":9.0},{"damage":0.0,"enemies":"Looter","floor":12.0,"turns":3.0},{"damage":10,"enemies":"Gremlin Gang","floor":13,"turns":7},{"damage":11,"enemies":"Exordium Wildlife","floor":14,"turns":4},{"damage":9,"enemies":"Hexaghost","floor":16,"turns":6}],"seed_played":"7166074843297419769","potions_obtained":[{"floor":4.0,"key":"Strength Potion"},{"floor":12.0,"key":"SpeedPotion"}],"is_trial":false,"path_per_floor":["M","?","M","M","$","R","E","M","T","$","R","M","M","M","R","B"],"character_chosen":"IRONCLAD","items_purchased":["Carnage"],"campfire_rested":0,"item_purchase_floors":[10],"current_hp_per_floor":[67,67,66,61,61,61,23,25,25,25,25,43,51,46,46,37,37],"gold":94,"neow_bonus":"REMOVE_CARD","is_daily":false,"chose_seed":false,"campfire_upgraded":3,"win_rate":0.0,"timestamp":1610174996,"path_taken":["M","?","M","M","?","R","E","?","T","$","R","M","M","M","R","BOSS"],"items_purchased_type":["Card"],"build_version":"2020-12-22","purchased_purges":1,"victory":false,"max_hp_per_floor":[75,75,75,75,75,75,75,75,75,75,75,75,75,75,75,75,75],"card_choices":[{"not_picked":["Heavy Blade","Warcry"],"picked":"Power Through","floor":1.0},{"not_picked":["Flex","Dual Wield","Thunderclap"],"picked":"SKIP","floor":3.0},{"not_picked":["Sword Boomerang","True Grit"],"picked":"Shrug It Off","floor":4.0},{"not_picked":["Iron Wave","Havoc"],"picked":"Dropkick","floor":7.0},{"not_picked":["Combust","Juggernaut"],"picked":"Second Wind","floor":8.0},{"not_picked":["Searing Blow","Headbutt"],"picked":"Dark Embrace","floor":12.0},{"not_picked":["Armaments","Perfected Strike","True Grit"],"picked":"SKIP","floor":13},{"not_picked":["Warcry","Clothesline","Spot Weakness"],"picked":"SKIP","floor":14}],"player_experience":607773,"relics_obtained":[{"floor":7.0,"key":"Matryoshka"},{"floor":9.0,"key":"Meat on the Bone"},{"floor":9.0,"key":"StrikeDummy"}],"event_choices":[{"damage_healed":0.0,"max_hp_gain":0.0,"max_hp_loss":0.0,"gold_gain":0.0,"event_name":"Accursed Blacksmith","player_choice":"Forge","floor":2.0,"gold_loss":0.0,"damage_taken":0.0,"cards_upgraded":["Bash"]}],"is_beta":false,"boss_relics":[],"items_purged_floors":[5],"is_endless":false,"potions_floor_spawned":[4,12,13],"killed_by":"Hexaghost","ascension_level":20}}