{"host":"egdqshhcmdynx3fw","time":1610176842,"event":{"mods":["2.2 Compatiblity","Aspiration","BaseMod","Beaked The Cultist","Bestiary","Better Altar","Better Match","Better Note","Better Sensory Stone","Better Skull","Better Third Choice","BetterRewards","Block Reminder","Card Forge","Challenge The Spire","Clawfect","Colored Map","Colored Powertips","Conspire","Dark Map","DeckTracker","Downfall","Energized Spire","Filter the Spire","Halation","Highlight Path","Hubris","Infinite Spire","Jedi Mod","Keyboard Shortcuts","Marisa????????","Marked Mod","Minty Spire (QoL Compilation)","Quarter Circle Forward PUNCH!","Quick Restart","RNG Fix","Random Character Button","Random Character Mod","Rare Cards Sparkle","RatMod","Relic Sorter","Relic Stats","Replay The Spire","Retaliation","SCP261 Mod","Small Relic Pack","Spicy Shops","StSLib","Synergy Search","The Accelerator","The Adventurer","The Blue Laboratory","The Clintock","The Construct","The Cursed","The Disciple","The Necromancer","The Runesmith","The Servant 0.9.4","Treasure Hunter","Uncapped","Wandering Minibosses","vexMod"],"gold_per_floor":[110,110,121,121,138,138,138],"floor_reached":6,"playtime":625,"items_purged":[],"score":49,"play_id":"0afce494-9fca-429a-a0c2-47eb164600a9","local_time":"20210109012042","is_ascension_mode":true,"campfire_choices":[],"circlet_count":0,"master_deck":["Strike_P","Strike_P","Strike_P","Strike_P","Defend_P","Defend_P","Defend_P","Defend_P","Eruption","Vigilance","BowlingBash","Injury","Brilliance+1","Amnesia","Conclude+1"],"relics":["Hammer of Thor","Seething Fire","Anvil of the Gods","halation:SimulatedSpire","Molten Egg 2","ReplayTheSpireMod:Ring of Collecting","Ring of Hypnosis"],"acts_visited":["Exordium"],"potions_floor_usage":[],"damage_taken":[{"damage":0,"enemies":"Jaw Worm","floor":1,"turns":3},{"damage":0,"enemies":"Small Slimes","floor":3,"turns":3},{"damage":0,"enemies":"Cultist","floor":5,"turns":2},{"damage":68,"enemies":"Gremlin Nob","floor":6,"turns":3}],"seed_played":"-5958457199146255655","potions_obtained":[],"is_trial":false,"path_per_floor":["M","?","M","?","M","E"],"character_chosen":"WATCHER","items_purchased":[],"campfire_rested":0,"item_purchase_floors":[],"current_hp_per_floor":[65,65,65,65,65,0,0],"gold":138,"neow_bonus":"SIMULATED_SPIRE","is_daily":false,"chose_seed":false,"campfire_upgraded":0,"win_rate":0.0,"timestamp":1610176842,"path_taken":["M","?","M","?","?","E"],"items_purchased_type":[],"build_version":"2020-12-22","purchased_purges":0,"victory":false,"max_hp_per_floor":[72,72,72,72,72,72,72],"relic_stats":{"counters":[4,11],"obtain_stats":[{"Ring of Hypnosis":4,"Anvil of the Gods":0,"halation:SimulatedSpire":0,"ReplayTheSpireMod:Ring of Collecting":4,"Molten Egg 2":2,"Hammer of Thor":0,"Seething Fire":0,"PureWater":0},{"Ring of Hypnosis":2,"Anvil of the Gods":0,"halation:SimulatedSpire":0,"ReplayTheSpireMod:Ring of Collecting":2,"Molten Egg 2":1,"Hammer of Thor":0,"Seething Fire":0,"PureWater":0},{"Ring of Hypnosis":6,"Anvil of the Gods":0,"halation:SimulatedSpire":0,"ReplayTheSpireMod:Ring of Collecting":6,"Molten Egg 2":3,"Hammer of Thor":0,"Seething Fire":0,"PureWater":0}]},"card_choices":[{"not_picked":["Pray","Replay:Vibes"],"picked":"BowlingBash","floor":1},{"not_picked":["PathToVictory","Evaluate"],"picked":"Brilliance+1","floor":3},{"not_picked":["BattleHymn","WreathOfFlame"],"picked":"Conclude+1","floor":5},{"not_picked":["Halt","CutThroughFate+1","JustLucky+1"],"picked":"SKIP","floor":5}],"player_experience":1495028,"relics_obtained":[{"floor":4,"key":"ReplayTheSpireMod:Ring of Collecting"},{"floor":4,"key":"Ring of Hypnosis"}],"event_choices":[],"is_beta":false,"boss_relics":[],"items_purged_floors":[],"is_endless":false,"potions_floor_spawned":[],"killed_by":"Gremlin Nob","ascension_level":7}}