{"host":"t5h83eruwt5lxl3o","time":1610174776,"event":{"mods":["AchievementEnabler","Act Like it!","BaseMod","CapriCore","Colored Map","DeckTracker","Hermit","Highlight Path","Koishi","Marisa£¨Ùöéë¡¡Øª×âÞÞ£©","Minty Spire (QoL Compilation)","Permanent Neow","Quick Restart","StSLib","SuperFastMode","The Cursed","The Immortal","everything is the same but u backflip on backflip"],"gold_per_floor":[368,368,368,443,468,468,5,34,60,89,101,113,144,156,168,180,180],"floor_reached":16,"playtime":351,"items_purged":[],"score":192,"play_id":"f23f8e94-0e1a-431a-b846-a506d782eca8","local_time":"20210109154616","is_ascension_mode":true,"campfire_choices":[{"data":"Fire Breathing","floor":6,"key":"SMITH"},{"data":"Hemokinesis","floor":12,"key":"SMITH"},{"data":"Power Through","floor":15,"key":"SMITH"}],"circlet_count":0,"master_deck":["AscendersBane","Strike_R","Strike_R","Strike_R","Strike_R","Defend_R","Defend_R","Defend_R","Defend_R","Bash","Fire Breathing+1","Regret","Cleave","Hemokinesis+1","Power Through+1","Body Slam"],"relics":["Burning Blood","Lantern","Juzu Bracelet","Nunchaku","Frozen Egg 2","Bag of Preparation","Bag of Marbles","Happy Flower","MawBank"],"acts_visited":["Exordium"],"potions_floor_usage":[10,16],"damage_taken":[{"damage":9,"enemies":"Jaw Worm","floor":1,"turns":4},{"damage":13,"enemies":"3 Sentries","floor":8,"turns":4},{"damage":22,"enemies":"Gremlin Nob","floor":10,"turns":3},{"damage":0,"enemies":"2 Louse","floor":13,"turns":1},{"damage":35,"enemies":"The Guardian","floor":16,"turns":8}],"seed_played":"-8978373365356032330","potions_obtained":[{"floor":8,"key":"SkillPotion"},{"floor":10,"key":"BloodPotion"}],"is_trial":false,"path_per_floor":["M","?","?","?","T","R","$","E","T","E","$","R","M","?","R","B"],"character_chosen":"IRONCLAD","items_purchased":["Frozen Egg 2","Bag of Preparation","Cleave"],"campfire_rested":0,"item_purchase_floors":[7,7,7],"current_hp_per_floor":[65,65,47,36,36,36,36,29,29,13,13,13,19,19,19,0,0],"gold":180,"neow_bonus":"TWO_FIFTY_GOLD","is_daily":false,"chose_seed":false,"campfire_upgraded":3,"win_rate":0.0,"timestamp":1610174776,"path_taken":["M","?","?","?","?","R","$","E","T","E","?","R","M","?","R","BOSS"],"items_purchased_type":["Relic","Relic","Card"],"build_version":"2020-12-22","purchased_purges":0,"victory":false,"max_hp_per_floor":[68,68,68,68,68,68,68,68,68,68,68,68,68,68,68,68,68],"card_choices":[{"not_picked":["Pommel Strike","Headbutt"],"picked":"Fire Breathing","floor":1},{"not_picked":["Demon Form+1","Sword Boomerang"],"picked":"Hemokinesis","floor":8},{"not_picked":["Pommel Strike","Second Wind","Flex"],"picked":"SKIP","floor":10},{"not_picked":["Armaments","Twin Strike"],"picked":"Power Through","floor":13}],"player_experience":652267,"relics_obtained":[{"floor":5,"key":"Nunchaku"},{"floor":8,"key":"Bag of Marbles"},{"floor":9,"key":"Happy Flower"},{"floor":10,"key":"MawBank"}],"event_choices":[{"damage_healed":0,"gold_gain":0,"player_choice":"Box","damage_taken":0,"relics_obtained":["Lantern"],"max_hp_gain":0,"max_hp_loss":0,"event_name":"Big Fish","floor":2,"gold_loss":0,"cards_obtained":["Regret"]},{"damage_healed":0,"gold_gain":0,"player_choice":"Success","damage_taken":18,"relics_obtained":["Juzu Bracelet"],"max_hp_gain":0,"max_hp_loss":0,"event_name":"Scrap Ooze","floor":3,"gold_loss":0},{"damage_healed":0,"gold_gain":75,"player_choice":"Gather Gold","damage_taken":11,"max_hp_gain":0,"max_hp_loss":0,"event_name":"World of Goop","floor":4,"gold_loss":0},{"damage_healed":0,"gold_gain":0,"cards_transformed":["Strike_R"],"player_choice":"Transformed","damage_taken":0,"max_hp_gain":0,"max_hp_loss":0,"event_name":"Transmorgrifier","floor":14,"gold_loss":0,"cards_obtained":["Body Slam"]}],"is_beta":false,"boss_relics":[],"items_purged_floors":[],"is_endless":false,"potions_floor_spawned":[8,10],"killed_by":"The Guardian","ascension_level":17}}