{"host":"vumwfieg2b2mnrfl","time":1610230534,"event":{"mods":["AchievementEnabler","BaseMod","Minty Spire (QoL Compilation)","Rare Cards Sparkle","Relic Stats"],"gold_per_floor":[113,93,110,123,123,123,157,157,157,157,174,174,509,509,509,586,586,603,615,627,638,306,306,341,351,376,392,307,168,194,214,214,290,290,309,23,40,40,58,90,90,90,167,167,178,178,190,190,190],"floor_reached":48,"playtime":2125,"items_purged":["Accuracy"],"score":965,"play_id":"0df90d42-c9b5-40c0-ace9-1031628f1e8f","local_time":"20210109161534","is_ascension_mode":true,"campfire_choices":[{"floor":6.0,"key":"REST"},{"data":"Glass Knife","floor":8.0,"key":"SMITH"},{"data":"Catalyst","floor":12.0,"key":"SMITH"},{"data":"Noxious Fumes","floor":15.0,"key":"SMITH"},{"floor":23.0,"key":"REST"},{"floor":32.0,"key":"REST"},{"floor":41,"key":"REST"},{"floor":44,"key":"REST"}],"circlet_count":0,"master_deck":["AscendersBane","Survivor","Neutralize+1","Glass Knife+1","Noxious Fumes+1","Poisoned Stab","Catalyst+1","Dagger Throw+1","Dash","Burst","Corpse Explosion","Escape Plan","Outmaneuver","PiercingWail","All Out Attack","Well Laid Plans","Prepared+1","Backflip","Escape Plan","Deadly Poison+1","Bullet Time+1","Slice+1","Deadly Poison+1","Deflect+1","PiercingWail+1","Outmaneuver+1","Backflip+1","Blur+1","Panacea+1","Writhe"],"relics":["Ring of the Snake","Sundial","Old Coin","Ornamental Fan","Pandora\u0027s Box","Meat on the Bone","Pen Nib","Whetstone","Toxic Egg 2","StrikeDummy","Molten Egg 2","Astrolabe","Mango","TungstenRod"],"acts_visited":["Exordium","TheCity","TheBeyond"],"potions_floor_usage":[],"damage_taken":[{"damage":0.0,"enemies":"Jaw Worm","floor":1.0,"turns":3.0},{"damage":0.0,"enemies":"Cultist","floor":3.0,"turns":4.0},{"damage":1.0,"enemies":"2 Louse","floor":4.0,"turns":3.0},{"damage":38.0,"enemies":"Lagavulin","floor":7.0,"turns":7.0},{"damage":1.0,"enemies":"2 Fungi Beasts","floor":11.0,"turns":4.0},{"damage":34.0,"enemies":"Gremlin Nob","floor":13.0,"turns":4.0},{"damage":7.0,"enemies":"Slime Boss","floor":16.0,"turns":8.0},{"damage":8.0,"enemies":"3 Byrds","floor":18.0,"turns":3.0},{"damage":22.0,"enemies":"2 Thieves","floor":19.0,"turns":4.0},{"damage":13.0,"enemies":"Snake Plant","floor":20.0,"turns":4.0},{"damage":0.0,"enemies":"Chosen and Byrds","floor":21.0,"turns":5.0},{"damage":28.0,"enemies":"Gremlin Leader","floor":24.0,"turns":6.0},{"damage":10.0,"enemies":"Snecko","floor":25.0,"turns":5.0},{"damage":13.0,"enemies":"Snake Plant","floor":27.0,"turns":5.0},{"damage":31.0,"enemies":"Book of Stabbing","floor":30.0,"turns":6.0},{"damage":18.0,"enemies":"Cultist and Chosen","floor":31.0,"turns":4.0},{"damage":34.0,"enemies":"Collector","floor":33.0,"turns":6.0},{"damage":10.0,"enemies":"Orb Walker","floor":35.0,"turns":4.0},{"damage":0.0,"enemies":"3 Shapes","floor":37.0,"turns":1.0},{"damage":29,"enemies":"Sphere and 2 Shapes","floor":39,"turns":4},{"damage":19,"enemies":"Nemesis","floor":40,"turns":5},{"damage":20,"enemies":"Transient","floor":45,"turns":5},{"damage":6,"enemies":"Maw","floor":47,"turns":6},{"damage":94,"enemies":"Giant Head","floor":48,"turns":8}],"seed_played":"2679700782488844303","potions_obtained":[{"floor":1.0,"key":"CunningPotion"},{"floor":2.0,"key":"Weak Potion"},{"floor":4.0,"key":"Explosive Potion"},{"floor":19.0,"key":"SkillPotion"},{"floor":21.0,"key":"LiquidBronze"},{"floor":25.0,"key":"Block Potion"},{"floor":27.0,"key":"FairyPotion"},{"floor":30.0,"key":"Ancient Potion"},{"floor":35.0,"key":"Dexterity Potion"}],"is_trial":false,"path_per_floor":["M","?","M","M","?","R","E","R","T","?","M","R","E","T","R","B",null,"M","M","M","M","$","R","E","M","T","M","?","?","E","M","R","B",null,"M","$","M","?","M","E","R","?","T","R","M","?","M","E"],"character_chosen":"THE_SILENT","items_purchased":["Meat on the Bone","Mango"],"campfire_rested":5,"item_purchase_floors":[22,36],"current_hp_per_floor":[44,44,44,43,36,55,17,17,17,66,65,65,31,31,31,24,56,48,26,13,13,13,32,16,18,18,17,17,17,22,16,35,13,53,43,57,57,57,40,33,57,57,57,80,60,76,70,0,0],"gold":190,"neow_bonus":"THREE_RARE_CARDS","is_daily":false,"chose_seed":false,"campfire_upgraded":3,"win_rate":0.0,"timestamp":1610230534,"path_taken":["M","?","M","?","?","R","E","R","T","?","?","R","E","?","R","BOSS","M","M","M","M","$","R","E","M","T","M","?","?","E","?","R","BOSS","M","$","M","?","M","E","R","?","T","R","M","?","M","E"],"items_purchased_type":["Relic","Relic"],"build_version":"2020-12-22","purchased_purges":1,"victory":false,"max_hp_per_floor":[66,66,66,66,66,66,66,66,66,66,66,66,66,66,66,66,66,66,66,66,66,66,66,66,66,66,66,66,66,66,66,66,66,66,66,80,80,80,80,80,80,80,80,80,80,80,80,80,80],"relic_stats":{"counters":[24,114],"Sundial":[12],"Ornamental Fan":[96],"Astrolabe":["Slice","Deadly Poison","Deflect"],"Pandora\u0027s Box":["Corpse Explosion","Escape Plan","Reflex","Blade Dance","Outmaneuver","PiercingWail","All Out Attack","Dagger Spray","Accuracy"],"Pen Nib":[9],"Whetstone":["Neutralize","Dagger Throw"],"obtain_stats":[{"Astrolabe":34,"Mango":36,"Pen Nib":24,"Whetstone":26,"Old Coin":13,"Sundial":7,"Ornamental Fan":14,"Pandora\u0027s Box":17,"Molten Egg 2":30,"Toxic Egg 2":28,"StrikeDummy":29,"TungstenRod":40,"Ring of the Snake":0,"Meat on the Bone":22},{"Astrolabe":17,"Mango":18,"Pen Nib":12,"Whetstone":13,"Old Coin":6,"Sundial":4,"Ornamental Fan":6,"Pandora\u0027s Box":7,"Molten Egg 2":15,"Toxic Egg 2":14,"StrikeDummy":14,"TungstenRod":21,"Ring of the Snake":0,"Meat on the Bone":11},{"Astrolabe":81,"Mango":85,"Pen Nib":55,"Whetstone":60,"Old Coin":25,"Sundial":17,"Ornamental Fan":25,"Pandora\u0027s Box":33,"Molten Egg 2":71,"Toxic Egg 2":65,"StrikeDummy":65,"TungstenRod":95,"Ring of the Snake":0,"Meat on the Bone":49}],"TungstenRod":7,"Ring of the Snake":[48],"Meat on the Bone":96},"card_choices":[{"not_picked":["Doppelganger","Adrenaline"],"picked":"Glass Knife","floor":0.0},{"not_picked":["Footwork","Poisoned Stab"],"picked":"Noxious Fumes","floor":1.0},{"not_picked":["Deadly Poison","Backflip"],"picked":"Poisoned Stab","floor":3.0},{"not_picked":["Caltrops","Dagger Spray"],"picked":"Blur","floor":4.0},{"not_picked":["Finisher","Escape Plan"],"picked":"Catalyst","floor":7.0},{"not_picked":["Quick Slash","Deflect"],"picked":"Dagger Throw","floor":11.0},{"not_picked":["Wraith Form v2","Backflip"],"picked":"Dash","floor":13.0},{"not_picked":["Bullet Time","Doppelganger"],"picked":"Burst","floor":16.0},{"not_picked":["Dagger Throw","Flying Knee","Underhanded Strike"],"picked":"SKIP","floor":18.0},{"not_picked":["Poisoned Stab","Underhanded Strike"],"picked":"Well Laid Plans","floor":19.0},{"not_picked":["Deadly Poison","Calculated Gamble"],"picked":"Prepared+1","floor":20.0},{"not_picked":["Acrobatics","Heel Hook"],"picked":"Backflip","floor":21.0},{"not_picked":["Deflect","Tools of the Trade"],"picked":"Escape Plan","floor":24.0},{"not_picked":["Dagger Throw","All Out Attack","Well Laid Plans"],"picked":"SKIP","floor":25.0},{"not_picked":["Skewer","Underhanded Strike","Prepared+1"],"picked":"SKIP","floor":27.0},{"not_picked":["Bane+1","Dodge and Roll+1","Blade Dance+1"],"picked":"SKIP","floor":30.0},{"not_picked":["Prepared+1","Skewer+1"],"picked":"Deadly Poison+1","floor":31.0},{"not_picked":["Storm of Steel+1","Wraith Form v2"],"picked":"Bullet Time+1","floor":33.0},{"not_picked":["Bouncing Flask+1","Dodge and Roll+1"],"picked":"PiercingWail+1","floor":35.0},{"not_picked":["Flying Knee+1","Well Laid Plans"],"picked":"Outmaneuver+1","floor":37.0},{"not_picked":["Quick Slash+1","Concentrate+1"],"picked":"Backflip+1","floor":39},{"not_picked":["Doppelganger+1","Cloak And Dagger+1"],"picked":"Blur+1","floor":40},{"not_picked":["Blind+1","Mind Blast+1"],"picked":"Panacea+1","floor":42},{"not_picked":["Underhanded Strike+1","Poisoned Stab+1","Dagger Spray+1"],"picked":"SKIP","floor":45},{"not_picked":["PiercingWail+1","Expertise+1","Acrobatics+1"],"picked":"SKIP","floor":47}],"player_experience":393914,"relics_obtained":[{"floor":7.0,"key":"Sundial"},{"floor":13.0,"key":"Old Coin"},{"floor":14.0,"key":"Ornamental Fan"},{"floor":24.0,"key":"Pen Nib"},{"floor":26.0,"key":"Whetstone"},{"floor":30.0,"key":"Molten Egg 2"},{"floor":40,"key":"TungstenRod"}],"event_choices":[{"damage_healed":0.0,"max_hp_gain":0.0,"max_hp_loss":0.0,"gold_gain":0.0,"event_name":"The Woman in Blue","player_choice":"Bought 1 Potion","floor":2.0,"gold_loss":0.0,"damage_taken":0.0},{"cards_removed":["Strike_G"],"damage_healed":0.0,"max_hp_gain":0.0,"max_hp_loss":0.0,"gold_gain":0.0,"event_name":"Golden Wing","player_choice":"Card Removal","floor":5.0,"gold_loss":0.0,"damage_taken":7.0},{"cards_removed":["Blur"],"damage_healed":49.0,"max_hp_gain":0.0,"max_hp_loss":0.0,"gold_gain":0.0,"event_name":"Bonfire Elementals","player_choice":"Offered Uncommon","floor":10.0,"gold_loss":0.0,"damage_taken":0.0},{"damage_healed":0.0,"max_hp_gain":0.0,"max_hp_loss":0.0,"gold_gain":0.0,"event_name":"Addict","player_choice":"Obtained Relic","floor":28.0,"gold_loss":85.0,"damage_taken":0.0,"relics_obtained":["Toxic Egg 2"]},{"damage_healed":0.0,"max_hp_gain":0.0,"max_hp_loss":0.0,"gold_gain":0.0,"event_name":"WeMeetAgain","player_choice":"Paid Gold","floor":29.0,"gold_loss":139.0,"damage_taken":0.0,"relics_obtained":["StrikeDummy"]},{"damage_healed":0,"gold_gain":0,"player_choice":"Ignored","damage_taken":0,"max_hp_gain":0,"max_hp_loss":0,"event_name":"Mysterious Sphere","floor":38,"gold_loss":0},{"damage_healed":0,"gold_gain":0,"player_choice":"Memory 1","damage_taken":0,"max_hp_gain":0,"max_hp_loss":0,"event_name":"SensoryStone","floor":42,"gold_loss":0},{"damage_healed":16,"gold_gain":0,"player_choice":"Writhe","damage_taken":0,"max_hp_gain":0,"max_hp_loss":0,"event_name":"Winding Halls","floor":46,"gold_loss":0,"cards_obtained":["Writhe"]}],"is_beta":false,"boss_relics":[{"not_picked":["SacredBark","Coffee Dripper"],"picked":"Pandora\u0027s Box"},{"not_picked":["Tiny House","Runic Pyramid"],"picked":"Astrolabe"}],"items_purged_floors":[22],"is_endless":false,"potions_floor_spawned":[1,4,11,19,21,25,27,30,35,45,47],"killed_by":"Giant Head","ascension_level":15}}