{"host":"hgkb2zpbo2dcws21","time":1610185187,"event":{"mods":["AchievementEnabler","BaseMod","Colored Map","Colored Powertips","Custom Start","DeckTracker","KOR Keyword Fix","Minty Spire (QoL Compilation)","Relic Stats","StSLib","SuperFastMode"],"gold_per_floor":[119,119,131,131,143,143,175,175,201,228,243,4,22,37,37,111,161,181,81,81,98,115,115,115,115],"floor_reached":24,"playtime":428,"items_purged":["Strike_P","Strike_P"],"score":385,"play_id":"1d653c07-fd0e-478c-8994-10a3911e3f53","local_time":"20210109183947","is_ascension_mode":true,"campfire_choices":[{"data":"Indignation","floor":6,"key":"SMITH"},{"data":"EmptyFist","floor":8,"key":"SMITH"},{"data":"Scrawl","floor":15,"key":"SMITH"},{"floor":23,"key":"REST"}],"circlet_count":0,"master_deck":["AscendersBane","Strike_P+1","Strike_P+1","Defend_P","Defend_P+1","Defend_P","Defend_P","Eruption+1","Vigilance","EmptyFist+1","Indignation+1","Halt","Scrawl+1","LessonLearned","TalkToTheHand","FollowUp"],"relics":["PureWater","NeowsBlessing","Bronze Scales","Lantern","Torii","Lee\u0027s Waffle","Tiny House"],"acts_visited":["Exordium","TheCity"],"potions_floor_usage":[],"damage_taken":[{"damage":0,"enemies":"Small Slimes","floor":1,"turns":1},{"damage":0,"enemies":"2 Louse","floor":3,"turns":2},{"damage":0,"enemies":"Jaw Worm","floor":5,"turns":1},{"damage":12,"enemies":"Lagavulin","floor":7,"turns":3},{"damage":39,"enemies":"3 Sentries","floor":10,"turns":9},{"damage":1,"enemies":"Looter","floor":11,"turns":2},{"damage":6,"enemies":"3 Louse","floor":13,"turns":3},{"damage":0,"enemies":"Large Slime","floor":14,"turns":4},{"damage":33,"enemies":"Hexaghost","floor":16,"turns":8},{"damage":17,"enemies":"2 Thieves","floor":18,"turns":4},{"damage":1,"enemies":"Chosen","floor":21,"turns":3},{"damage":38,"enemies":"Snecko","floor":22,"turns":4},{"damage":22,"enemies":"Book of Stabbing","floor":24,"turns":4}],"seed_played":"-2175056025034476576","potions_obtained":[{"floor":3,"key":"DuplicationPotion"},{"floor":7,"key":"BlessingOfTheForge"},{"floor":11,"key":"Ancient Potion"}],"is_trial":false,"path_per_floor":["M","?","M","?","M","R","E","R","T","E","M","$","M","M","R","B",null,"M","$","?","M","M","R","E"],"character_chosen":"WATCHER","items_purchased":["Lee\u0027s Waffle"],"campfire_rested":1,"item_purchase_floors":[12],"current_hp_per_floor":[61,61,61,61,61,61,49,49,49,10,9,75,69,69,69,36,70,53,53,53,52,14,38,16,16],"gold":115,"neow_bonus":"THREE_ENEMY_KILL","is_daily":false,"chose_seed":false,"campfire_upgraded":3,"win_rate":0.0,"timestamp":1610185187,"path_taken":["M","?","M","?","?","R","E","R","T","E","M","$","M","M","R","BOSS","M","$","?","M","M","R","E"],"items_purchased_type":["Relic"],"build_version":"2020-12-22","purchased_purges":2,"victory":false,"max_hp_per_floor":[68,68,68,68,68,68,68,68,68,68,68,75,75,75,75,75,80,80,80,80,80,80,80,80,80],"relic_stats":{"Lee\u0027s Waffle":66,"Torii":6,"counters":[13,48],"Bronze Scales":[108],"obtain_stats":[{"Lantern":9,"Lee\u0027s Waffle":12,"Tiny House":17,"NeowsBlessing":0,"Torii":10,"Bronze Scales":7,"PureWater":0},{"Lantern":4,"Lee\u0027s Waffle":6,"Tiny House":9,"NeowsBlessing":0,"Torii":5,"Bronze Scales":4,"PureWater":0},{"Lantern":7,"Lee\u0027s Waffle":18,"Tiny House":33,"NeowsBlessing":0,"Torii":16,"Bronze Scales":7,"PureWater":0}]},"card_choices":[{"not_picked":["FlyingSleeves","Worship"],"picked":"EmptyFist","floor":1},{"not_picked":["Prostrate","PathToVictory"],"picked":"Indignation","floor":3},{"not_picked":["CutThroughFate","EmptyFist","Weave"],"picked":"SKIP","floor":5},{"not_picked":["CutThroughFate","EmptyFist","Weave"],"picked":"SKIP","floor":5},{"not_picked":["Evaluate","SashWhip","EmptyFist"],"picked":"SKIP","floor":7},{"not_picked":["WindmillStrike","Indignation","CutThroughFate"],"picked":"SKIP","floor":10},{"not_picked":["Crescendo","JustLucky"],"picked":"Halt","floor":11},{"not_picked":["Consecrate","EmptyFist","FlyingSleeves"],"picked":"SKIP","floor":13},{"not_picked":["FlurryOfBlows","FlyingSleeves"],"picked":"Scrawl","floor":14},{"not_picked":["Brilliance","Vault"],"picked":"LessonLearned","floor":16},{"not_picked":["Consecrate","BowlingBash"],"picked":"TalkToTheHand","floor":17},{"not_picked":["Prostrate","PathToVictory"],"picked":"FollowUp","floor":18},{"not_picked":["Brilliance","Halt","FlurryOfBlows"],"picked":"SKIP","floor":21},{"not_picked":["Pray","CrushJoints","BowlingBash"],"picked":"SKIP","floor":22}],"player_experience":1136170,"relics_obtained":[{"floor":7,"key":"Bronze Scales"},{"floor":9,"key":"Lantern"},{"floor":10,"key":"Torii"}],"event_choices":[{"damage_healed":0,"gold_gain":0,"player_choice":"Grow","damage_taken":0,"max_hp_gain":0,"max_hp_loss":0,"event_name":"Living Wall","floor":2,"gold_loss":0,"cards_upgraded":["Eruption"]},{"damage_healed":0,"gold_gain":0,"player_choice":"Ignored","damage_taken":0,"max_hp_gain":0,"max_hp_loss":0,"event_name":"Liars Game","floor":4,"gold_loss":0},{"damage_healed":0,"gold_gain":0,"player_choice":"Ignored","damage_taken":0,"max_hp_gain":0,"max_hp_loss":0,"event_name":"Ghosts","floor":20,"gold_loss":0}],"is_beta":false,"boss_relics":[{"not_picked":["Snecko Eye","Ectoplasm"],"picked":"Tiny House"}],"items_purged_floors":[12,19],"is_endless":false,"potions_floor_spawned":[3,7,11,14,22],"killed_by":"Book of Stabbing","ascension_level":17}}