{"host":"k5ezbu40hxyit46v","time":1610168133,"event":{"mods":["Act Like it!","Aspiration","Astrologer","BaseMod","BetterRewards","Conspire","DeckTracker","Energized Spire","Gensokyo","Googly Eyes","Halation","HexUI Lib","Highlight Path","Hubris","Infinite Spire","Ironclad Rager","Jedi Mod","Mad Scientist","Marisa????????","Minty Spire (QoL Compilation)","Quarter Circle Forward PUNCH!","Quick Restart","Replay The Spire","Reworked Bosses","Shop Mod","Spikes Relics","StSLib","The Administrix","The Awakened One except there are too many feathers","The Bladedancer","The Cursed","The IronCluck","The Servant 0.9.4","The Wild Card","everything is the same but u backflip on backflip","slay the spire mod where everything is the same but ironclad has a cowboy hat","vexMod"],"gold_per_floor":[124,133,143,162,162,162,189,189,216,248,248,21,40,64,64,147,156,169,169,193,45,45,45,58,104,131,151,170,594,594,594,594,594,594,594,594,80,80,80,80,80,80,80,80,80,80,80,80,80,80,80],"floor_reached":52,"playtime":1764,"items_purged":["Strike_R","Strike_R","Decay","Amnesia","Iron Wave"],"score":2441,"play_id":"5489cb0b-37dd-41fc-8ad7-ba0c629d879f","local_time":"20210108235533","is_ascension_mode":true,"campfire_choices":[{"data":"conspire:Banana","floor":6.0,"key":"SMITH"},{"data":"Bludgeon","floor":6.0,"key":"SMITH"},{"data":"Whirlwind","floor":8.0,"key":"SMITH"},{"data":"hubris:EnhanceAbility","floor":8.0,"key":"SMITH"},{"data":"jedi:forcepush","floor":15.0,"key":"SMITH"},{"data":"Finesse","floor":15.0,"key":"SMITH"},{"data":"Demon Form","floor":23.0,"key":"SMITH"},{"data":"Shockwave","floor":23.0,"key":"SMITH"},{"data":"BlessedFruit","floor":30,"key":"SMITH"},{"data":"BlessedFruit","floor":30,"key":"SMITH"},{"floor":32,"key":"REST"},{"data":"Pot Of Greed","floor":40,"key":"SMITH"},{"data":"Defend_R","floor":40,"key":"SMITH"},{"data":"Sword Boomerang","floor":42,"key":"SMITH"},{"data":"Defend_R","floor":42,"key":"SMITH"},{"data":"Bash","floor":49,"key":"SMITH"},{"data":"Strike_R","floor":49,"key":"SMITH"}],"circlet_count":0,"master_deck":["AscendersBane","Strike_R","Strike_R+1","Strike_R+1","Defend_R+1","Defend_R+1","Defend_R+1","Defend_R+1","Bash+1","conspire:Banana+1","hubris:EnhanceAbility+1","Bludgeon+1","Finesse+1","jedi:forcepush+1","Sword Boomerang+1","Whirlwind+1","Demon Form+1","Shockwave+1","Pot Of Greed+1","Pot Of Greed+1","Bludgeon+1","BlessedFruit+1","BlessedFruit+1"],"relics":["Burning Blood","Orichalcum","CeramicFish","halation:Komachan","Membership Card","Replay:Arrowhead","Blue Candle","Replay:Baseball","qcfpunch:Army_Boots","jedi:HeartOfTheCards","Bronze Scales","Odd Mushroom","Replay:Ancient Bell","Omamori","aspiration:FrozenJewel","infinitespire:Golems Mask","Medical Kit","hubris:Towel","Grinning Jar","MealTicket","jedi:ominousloannote","War Paint","DollysMirror","jedi:bottledfury","HeavenlyBonsai","hubris:IronBody","energizedSpire:TabascoSauce","vexMod:Cooldron","Bottled Lightning","halation:TwoAmDonut","MerchantsRug","jedi:heavyjacket","jedi:kaleidoscope","infinitespire:EmpoweringShard","vexMod:MemoryStick"],"acts_visited":["Exordium","TheCity","TheBeyond"],"potions_floor_usage":[31,31,51],"damage_taken":[{"damage":2.0,"enemies":"2 Louse","floor":1.0,"turns":3.0},{"damage":3.0,"enemies":"Cultist","floor":3.0,"turns":3.0},{"damage":0.0,"enemies":"Small Slimes","floor":4.0,"turns":2.0},{"damage":18.0,"enemies":"3 Sentries","floor":7.0,"turns":8.0},{"damage":1.0,"enemies":"Lagavulin","floor":10.0,"turns":5.0},{"damage":0.0,"enemies":"Gremlin Gang","floor":13.0,"turns":2.0},{"damage":0.0,"enemies":"The Mushroom Lair","floor":14.0,"turns":4.0},{"damage":1.0,"enemies":"Slime Boss","floor":16.0,"turns":4.0},{"damage":15.0,"enemies":"2 Thieves","floor":18.0,"turns":4.0},{"damage":2.0,"enemies":"3 Byrds","floor":20.0,"turns":3.0},{"damage":12.0,"enemies":"Shelled Parasite and Fungi","floor":24.0,"turns":3.0},{"damage":12.0,"enemies":"Slavers","floor":25.0,"turns":6.0},{"damage":3.0,"enemies":"3 Cultists","floor":27.0,"turns":3.0},{"damage":6.0,"enemies":"Snake Plant","floor":28.0,"turns":4.0},{"damage":0,"enemies":"Book of Stabbing","floor":31,"turns":4},{"damage":5,"enemies":"Automaton","floor":33,"turns":5},{"damage":6,"enemies":"3 Shapes","floor":35,"turns":2},{"damage":0,"enemies":"Orb Walker","floor":36,"turns":2},{"damage":0,"enemies":"Jaw Worm Horde","floor":38,"turns":3},{"damage":0,"enemies":"Nemesis","floor":41,"turns":7},{"damage":0,"enemies":"R_Hoarder","floor":45,"turns":6},{"damage":24,"enemies":"4 Shapes","floor":46,"turns":1},{"damage":0,"enemies":"Transient","floor":47,"turns":6},{"damage":2,"enemies":"hubris:GrandSnecko","floor":50,"turns":7},{"damage":0,"enemies":"Replay:Hell Engine","floor":51,"turns":6}],"seed_played":"-6876573637296969994","potions_obtained":[{"floor":4.0,"key":"Dexterity Potion"},{"floor":7.0,"key":"Block Potion"},{"floor":13.0,"key":"Strength Potion"},{"floor":16.0,"key":"Dexterity Potion"},{"floor":24.0,"key":"BloodPotion"},{"floor":27.0,"key":"PowerPotion"},{"floor":35,"key":"jedi:StrikingPotion"}],"is_trial":false,"path_per_floor":["M","?","M","M","?","R","E","R","T","E","?","$","M","?","R","B",null,"M","?","M","$","?","R","M","E","T","M","M","$","R","E","R","B",null,"M","M","$","M","?","R","E","R","T","$","E","M","M","$","R","B","B",null],"character_chosen":"IRONCLAD","items_purchased":["Iron Wave","conspire:Banana","Orichalcum","CeramicFish","hubris:EnhanceAbility","halation:Komachan","Membership Card","Replay:Arrowhead","Bludgeon","Finesse","jedi:forcepush","Sword Boomerang","BloodPotion","jedi:HeartOfTheCards","Bronze Scales","Medical Kit","jedi:ominousloannote","War Paint","DollysMirror","jedi:bottledfury","HeavenlyBonsai","vexMod:Cooldron","Bottled Lightning","halation:TwoAmDonut","MerchantsRug"],"campfire_rested":1,"item_purchase_floors":[0,0,0,0,0,0,0,0,0,0,0,0,0,12,12,21,29,29,29,29,29,37,37,37,37],"current_hp_per_floor":[41,41,45,51,28,28,18,18,18,25,25,25,33,41,41,48,77,70,44,50,50,50,50,65,61,61,66,68,5,5,21,54,61,102,99,104,118,119,119,119,122,122,122,122,125,105,111,126,126,129,134],"gold":80,"neow_bonus":"","is_daily":false,"chose_seed":false,"campfire_upgraded":16,"win_rate":0.0,"timestamp":1610168133,"path_taken":["M","?","M","?","?","R","E","R","T","E","?","$","?","?","R","BOSS","M","?","M","$","?","R","M","E","T","M","M","?","R","E","R","BOSS","M","M","$","M","?","R","E","R","T","$","E","?","M","?","R","BOSS","BOSS"],"items_purchased_type":["Card","Card","Relic","Relic","Card","Relic","Relic","Relic","Card","Card","Card","Card","Potion","Relic","Relic","Relic","Relic","Relic","Relic","Relic","Relic","Relic","Relic","Relic","Relic"],"build_version":"2020-12-22","purchased_purges":5,"victory":true,"max_hp_per_floor":[76,76,77,77,77,77,79,79,79,81,81,81,83,85,85,87,87,89,94,96,96,96,96,98,100,100,102,104,104,104,110,110,116,116,116,118,118,119,119,119,122,122,122,122,125,126,129,129,129,131,134],"card_choices":[{"not_picked":["Evolve","Flex"],"picked":"Whirlwind","floor":1.0},{"not_picked":["ReplayTheSpireMod:LeadingStrike","Life Link","Second Wind"],"picked":"SKIP","floor":3.0},{"not_picked":["Fire Breathing","Armaments","Infernal Blade"],"picked":"SKIP","floor":4.0},{"not_picked":["hubris:ReadiedAction","Sword Boomerang","Cleave"],"picked":"SKIP","floor":7.0},{"not_picked":["ReplayTheSpireMod:Strike From Hell","jedi:fear","Seeing Red"],"picked":"SKIP","floor":10.0},{"not_picked":["Absolvement","Perfected Strike","Carnage"],"picked":"SKIP","floor":13.0},{"not_picked":["Eclipse","Limit Break"],"picked":"Demon Form","floor":16.0},{"not_picked":["Replay:Sluggish","Overencumbered"],"picked":"Delirium","floor":17.0},{"not_picked":["Hallucinations","Regret"],"picked":"hubris:Compulsion","floor":17.0},{"not_picked":["Languid","Normality"],"picked":"Amnesia","floor":17.0},{"not_picked":["jedi:strikingstrike","conspire:ExplosiveBarrier+1","Heavy Blade"],"picked":"SKIP","floor":18.0},{"not_picked":["Headbutt","Thunderclap+1"],"picked":"Shockwave","floor":20.0},{"not_picked":["Hemogenesis","Feel No Pain","Second Wind"],"picked":"SKIP","floor":24.0},{"not_picked":["Thunderclap","Carnage","infinitespire:OneForAll"],"picked":"SKIP","floor":25.0},{"not_picked":["Exhume","Flex","Pommel Strike"],"picked":"SKIP","floor":27.0},{"not_picked":["Havoc","Heavy Blade","Ghostly Armor"],"picked":"SKIP","floor":28.0},{"not_picked":["Combust","hubris:ReadiedAction","Warcry+1"],"picked":"SKIP","floor":31},{"not_picked":["Shrug It Off","Armaments+1","Clothesline+1"],"picked":"SKIP","floor":35},{"not_picked":["Thunderclap+1","Havoc","Pummel"],"picked":"SKIP","floor":36},{"not_picked":["Burning Pact","Havoc","Anger"],"picked":"SKIP","floor":38},{"not_picked":["Warcry","Combust","Dark Embrace"],"picked":"SKIP","floor":41},{"not_picked":["Run Through","ReplayTheSpireMod:Stacked","Flex"],"picked":"SKIP","floor":45},{"not_picked":["Spot Weakness","Body Slam+1","Searing Blow"],"picked":"SKIP","floor":46},{"not_picked":["ReplayTheSpireMod:Corrosion Curse","Defy Death+1","Hemokinesis"],"picked":"SKIP","floor":47}],"player_experience":1234837,"relics_obtained":[{"floor":7.0,"key":"Blue Candle"},{"floor":9.0,"key":"Replay:Baseball"},{"floor":10.0,"key":"qcfpunch:Army_Boots"},{"floor":14.0,"key":"Odd Mushroom"},{"floor":25.0,"key":"Grinning Jar"},{"floor":26.0,"key":"MealTicket"},{"floor":31,"key":"hubris:IronBody"},{"floor":41,"key":"jedi:kaleidoscope"},{"floor":43,"key":"infinitespire:EmpoweringShard"},{"floor":45,"key":"vexMod:MemoryStick"}],"event_choices":[{"damage_healed":0.0,"max_hp_gain":0.0,"max_hp_loss":0.0,"gold_gain":0.0,"event_name":"Wheel of Change","player_choice":"Cursed","floor":2.0,"gold_loss":0.0,"damage_taken":0.0,"cards_obtained":["Decay"]},{"damage_healed":0.0,"max_hp_gain":0.0,"max_hp_loss":0.0,"gold_gain":0.0,"event_name":"Shining Light","player_choice":"Entered Light","floor":5.0,"gold_loss":0.0,"damage_taken":23.0,"cards_upgraded":["Strike_R","Defend_R"]},{"damage_healed":0.0,"max_hp_gain":0.0,"max_hp_loss":0.0,"gold_gain":0.0,"event_name":"Transmorgrifier","player_choice":"Ignored","floor":11.0,"gold_loss":0.0,"damage_taken":0.0},{"damage_healed":0.0,"max_hp_gain":0.0,"max_hp_loss":0.0,"gold_gain":0.0,"event_name":"Mushrooms","player_choice":"Fought Mushrooms","floor":14.0,"gold_loss":0.0,"damage_taken":0.0},{"damage_healed":0.0,"max_hp_gain":5.0,"max_hp_loss":0.0,"gold_gain":0.0,"event_name":"Forgotten Altar","player_choice":"Shed Blood","floor":19.0,"gold_loss":0.0,"damage_taken":31.0}],"is_beta":false,"boss_relics":[{"not_picked":["halation:SmartPhone","Replay:Drink Me"],"picked":"Replay:Ancient Bell"},{"not_picked":["halation:LettersToHer","jedi:shrinkray"],"picked":"Omamori"},{"not_picked":["Replay:Bottled Steam","hubris:Reverence"],"picked":"aspiration:FrozenJewel"},{"not_picked":["Ginger","infinitespire:Magic Flask"],"picked":"infinitespire:Golems Mask"},{"not_picked":["ReplayTheSpireMod:DimensionalGlitch","halation:LoveArrow"],"picked":"energizedSpire:TabascoSauce"}],"items_purged_floors":[0,0,21,29,37],"is_endless":false,"potions_floor_spawned":[4,7,13,16,24,25,27,28,35,41,45],"ascension_level":20}}