{"host":"359hz4210ybch7ku","time":1610235183,"event":{"mods":["BaseMod","Block Reminder","Colored Map","Colored Powertips","Highlight Path","Minty Spire (QoL Compilation)","Slay the Relics Exporter","StSLib"],"gold_per_floor":[217,231,231,249,249,249,282,282,331,331,49,67,84,15,15,120,120,134,154,154,168,180,180,8,8,8,42,2,27,27,27,27,131,131,147,0,0,0,10,10,24,51,51,51,51],"floor_reached":44,"playtime":5622,"items_purged":[],"score":570,"play_id":"d9aa98db-6c94-4328-9475-bed48dad2836","local_time":"20210109153303","is_ascension_mode":true,"campfire_choices":[{"data":"SashWhip","floor":6,"key":"SMITH"},{"floor":8,"key":"REST"},{"data":"PathToVictory","floor":10,"key":"SMITH"},{"data":"Eruption","floor":15,"key":"SMITH"},{"floor":23,"key":"REST"},{"data":"WaveOfTheHand","floor":25,"key":"SMITH"},{"floor":32,"key":"REST"},{"data":"Consecrate","floor":40,"key":"SMITH"}],"circlet_count":0,"master_deck":["Strike_P","Strike_P","Strike_P","Strike_P","Defend_P","Defend_P","Defend_P","Eruption+1","Vigilance","Protect","SashWhip+1","PathToVictory+1","JustLucky","WaveOfTheHand+1","FollowUp","CarveReality","DevaForm+1","WreathOfFlame","Prostrate","SashWhip","CarveReality+1","Consecrate+1","PathToVictory","JustLucky","Devotion+1","Adaptation+1","Crescendo+1","Vault","DeceiveReality+1","Madness","Madness","Evaluate+1","CarveReality+1","Prostrate"],"relics":["PureWater","Nunchaku","Frozen Egg 2","Lantern","HornCleat","VioletLotus","Mercury Hourglass","Oddly Smooth Stone","Bag of Preparation","Snecko Eye","Red Mask","Pear","Bird Faced Urn"],"acts_visited":["Exordium","TheCity","TheBeyond"],"potions_floor_usage":[7,16,16,22,42,44],"damage_taken":[{"damage":0,"enemies":"2 Louse","floor":1,"turns":1},{"damage":0,"enemies":"Small Slimes","floor":2,"turns":4},{"damage":3,"enemies":"Cultist","floor":4,"turns":3},{"damage":32,"enemies":"3 Sentries","floor":7,"turns":12},{"damage":0,"enemies":"Blue Slaver","floor":12,"turns":4},{"damage":2,"enemies":"Exordium Wildlife","floor":13,"turns":4},{"damage":7,"enemies":"Slime Boss","floor":16,"turns":6},{"damage":2,"enemies":"Shell Parasite","floor":18,"turns":6},{"damage":0,"enemies":"Chosen","floor":19,"turns":4},{"damage":10,"enemies":"Centurion and Healer","floor":21,"turns":5},{"damage":36,"enemies":"Shelled Parasite and Fungi","floor":22,"turns":5},{"damage":4,"enemies":"Gremlin Leader","floor":27,"turns":4},{"damage":27,"enemies":"Slavers","floor":29,"turns":6},{"damage":32,"enemies":"Champ","floor":33,"turns":10},{"damage":0,"enemies":"Orb Walker","floor":35,"turns":3},{"damage":12,"enemies":"3 Shapes","floor":39,"turns":5},{"damage":6,"enemies":"Maw","floor":41,"turns":7},{"damage":12,"enemies":"Reptomancer","floor":42,"turns":6},{"damage":77,"enemies":"Nemesis","floor":44,"turns":8}],"seed_played":"2086376026226982003","potions_obtained":[{"floor":4,"key":"Energy Potion"},{"floor":7,"key":"Regen Potion"},{"floor":13,"key":"Regen Potion"},{"floor":18,"key":"Strength Potion"},{"floor":19,"key":"LiquidBronze"},{"floor":29,"key":"Weak Potion"},{"floor":35,"key":"Block Potion"},{"floor":42,"key":"Explosive Potion"}],"is_trial":false,"path_per_floor":["M","M","?","M","?","R","E","R","T","R","$","M","M","$","R","B",null,"M","M","?","M","M","R","$","R","T","E","$","E","?","?","R","B",null,"M","?","?","$","M","R","M","E","T","E"],"character_chosen":"WATCHER","items_purchased":["WaveOfTheHand","HornCleat","CarveReality","FairyPotion","PathToVictory","JustLucky","Adaptation+1"],"campfire_rested":3,"item_purchase_floors":[11,11,14,24,24,24,28],"current_hp_per_floor":[72,72,72,69,62,62,30,51,51,51,51,51,49,49,49,69,72,70,70,70,60,24,45,45,45,45,41,41,14,1,26,49,17,77,77,77,67,67,55,55,49,47,47,0,0],"gold":51,"neow_bonus":"HUNDRED_GOLD","is_daily":false,"chose_seed":false,"campfire_upgraded":5,"win_rate":0.0,"timestamp":1610235183,"path_taken":["M","M","?","M","?","R","E","R","T","R","$","M","M","$","R","BOSS","M","M","?","M","?","R","$","R","T","E","$","E","?","?","R","BOSS","M","?","?","$","M","R","M","E","T","E"],"items_purchased_type":["Card","Relic","Card","Potion","Card","Card","Card"],"build_version":"2020-12-22","purchased_purges":0,"victory":false,"max_hp_per_floor":[72,72,72,72,72,72,72,72,72,72,72,72,72,72,72,72,72,72,72,72,72,72,72,72,72,72,72,72,72,77,77,77,77,77,77,77,77,77,77,77,77,87,87,87,87],"card_choices":[{"not_picked":["ThirdEye","CrushJoints"],"picked":"Protect","floor":1},{"not_picked":["Indignation","Swivel"],"picked":"SashWhip","floor":2},{"not_picked":["CrushJoints","CutThroughFate"],"picked":"PathToVictory","floor":4},{"not_picked":["FlurryOfBlows","SandsOfTime"],"picked":"JustLucky","floor":7},{"not_picked":["Halt","Crescendo"],"picked":"FollowUp","floor":12},{"not_picked":["EmptyFist","MentalFortress+1","FlurryOfBlows"],"picked":"SKIP","floor":13},{"not_picked":["Omniscience","Alpha"],"picked":"DevaForm+1","floor":16},{"not_picked":["WindmillStrike","EmptyBody"],"picked":"WreathOfFlame","floor":18},{"not_picked":["FlurryOfBlows","SashWhip"],"picked":"Prostrate","floor":19},{"not_picked":["WreathOfFlame","CutThroughFate"],"picked":"CarveReality+1","floor":21},{"not_picked":["ThirdEye","JustLucky"],"picked":"Consecrate","floor":22},{"not_picked":["WindmillStrike","Wallop"],"picked":"Devotion+1","floor":27},{"not_picked":["WheelKick+1","Evaluate"],"picked":"Crescendo+1","floor":29},{"not_picked":["Blasphemy","DevaForm+1"],"picked":"Vault","floor":33},{"not_picked":["SandsOfTime","Crescendo"],"picked":"DeceiveReality+1","floor":35},{"not_picked":["SashWhip+1","Crescendo"],"picked":"Evaluate+1","floor":39},{"not_picked":["Crescendo+1","CutThroughFate+1"],"picked":"CarveReality+1","floor":41},{"not_picked":["Swivel","BattleHymn+1"],"picked":"Prostrate","floor":42}],"player_experience":167610,"relics_obtained":[{"floor":7,"key":"Frozen Egg 2"},{"floor":9,"key":"Lantern"},{"floor":26,"key":"Mercury Hourglass"},{"floor":27,"key":"Oddly Smooth Stone"},{"floor":29,"key":"Bag of Preparation"},{"floor":42,"key":"Pear"},{"floor":43,"key":"Bird Faced Urn"}],"event_choices":[{"damage_healed":0,"gold_gain":0,"player_choice":"Box","damage_taken":0,"relics_obtained":["Nunchaku"],"max_hp_gain":0,"max_hp_loss":0,"event_name":"Big Fish","floor":3,"gold_loss":0,"cards_obtained":["Regret"]},{"cards_removed":["Regret"],"damage_healed":0,"gold_gain":0,"player_choice":"Card Removal","damage_taken":7,"max_hp_gain":0,"max_hp_loss":0,"event_name":"Golden Wing","floor":5,"gold_loss":0},{"damage_healed":0,"gold_gain":0,"cards_transformed":["Defend_P"],"player_choice":"Transformed","damage_taken":0,"max_hp_gain":0,"max_hp_loss":0,"event_name":"Transmorgrifier","floor":20,"gold_loss":0,"cards_obtained":["SashWhip"]},{"damage_healed":0,"gold_gain":0,"player_choice":"Shed Blood","damage_taken":18,"max_hp_gain":5,"max_hp_loss":0,"event_name":"Forgotten Altar","floor":30,"gold_loss":0},{"damage_healed":25,"gold_gain":0,"player_choice":"Heal","damage_taken":0,"max_hp_gain":0,"max_hp_loss":0,"event_name":"The Library","floor":31,"gold_loss":0},{"damage_healed":0,"gold_gain":0,"player_choice":"Paid","damage_taken":0,"relics_obtained":["Red Mask"],"max_hp_gain":0,"max_hp_loss":0,"event_name":"Tomb of Lord Red Mask","floor":36,"gold_loss":147},{"damage_healed":0,"gold_gain":0,"player_choice":"Embrace Madness","damage_taken":10,"max_hp_gain":0,"max_hp_loss":0,"event_name":"Winding Halls","floor":37,"gold_loss":0,"cards_obtained":["Madness","Madness"]}],"is_beta":false,"boss_relics":[{"not_picked":["HolyWater","SacredBark"],"picked":"VioletLotus"},{"not_picked":["Velvet Choker","Sozu"],"picked":"Snecko Eye"}],"items_purged_floors":[],"is_endless":false,"potions_floor_spawned":[4,7,13,18,19,29,35,42],"killed_by":"Nemesis","ascension_level":3}}