{"host":"cjhtzh7tp54jdfyv","time":1610222282,"event":{"mods":["AchievementEnabler","BaseMod","Colored Map","Colored Powertips","Curses Come First","DeckTracker","Filter the Spire","Minty Spire (QoL Compilation)","RNG Fix","Relic Sorter","Relic Stats","StSLib","UnlockEverythingMod","ojb\u0027s Better Paths Mod","ojb\u0027s Info Mod"],"gold_per_floor":[110,120,131,144,164,199,199,231,258,270,270,288,319,319,319,319,319],"floor_reached":16,"playtime":739,"items_purged":[],"score":298,"play_id":"6816aa67-1b25-426c-9e02-3f51ce0f5ae4","local_time":"20210109145802","is_ascension_mode":true,"campfire_choices":[{"data":"Blasphemy","floor":15,"key":"SMITH"}],"circlet_count":0,"master_deck":["AscendersBane","Strike_P","Strike_P","Strike_P","Strike_P","Defend_P","Eruption","Vigilance","BowlingBash","FlurryOfBlows","WheelKick","Meditate","Blasphemy+1","Tantrum","CutThroughFate"],"relics":["Empty Cage","Bag of Marbles","Calipers","Ice Cream"],"acts_visited":["Exordium"],"potions_floor_usage":[13],"damage_taken":[{"damage":0.0,"enemies":"Small Slimes","floor":1.0,"turns":2.0},{"damage":6.0,"enemies":"2 Louse","floor":2.0,"turns":3.0},{"damage":7.0,"enemies":"Jaw Worm","floor":3.0,"turns":2.0},{"damage":11.0,"enemies":"Blue Slaver","floor":4.0,"turns":4.0},{"damage":5.0,"enemies":"3 Louse","floor":5.0,"turns":2.0},{"damage":10.0,"enemies":"3 Sentries","floor":6.0,"turns":3.0},{"damage":0.0,"enemies":"Gremlin Nob","floor":8.0,"turns":2.0},{"damage":0.0,"enemies":"Gremlin Gang","floor":10.0,"turns":1.0},{"damage":0.0,"enemies":"Exordium Thugs","floor":12.0,"turns":2.0},{"damage":10,"enemies":"Lagavulin","floor":13,"turns":3},{"damage":99999,"enemies":"The Guardian","floor":16,"turns":3}],"seed_played":"6461168242855980327","potions_obtained":[{"floor":2.0,"key":"DistilledChaos"},{"floor":6.0,"key":"BottledMiracle"},{"floor":8.0,"key":"Weak Potion"},{"floor":13,"key":"SmokeBomb"}],"is_trial":false,"path_per_floor":["M","M","M","M","M","E","?","E","T","M","?","M","E","?","R","B"],"character_chosen":"WATCHER","items_purchased":[],"campfire_rested":0,"item_purchase_floors":[],"current_hp_per_floor":[61,55,48,37,32,22,22,22,22,22,15,15,5,5,5,0,0],"gold":319,"neow_bonus":"BOSS_RELIC","is_daily":false,"chose_seed":false,"campfire_upgraded":1,"win_rate":0.0,"timestamp":1610222282,"path_taken":["M","M","M","M","?","E","?","E","T","M","?","M","E","?","R","BOSS"],"items_purchased_type":[],"build_version":"2020-12-22","purchased_purges":0,"victory":false,"max_hp_per_floor":[68,68,68,68,68,68,68,68,68,68,68,68,68,68,68,68,68],"relic_stats":{"counters":[11,26],"obtain_stats":[{"Ice Cream":13,"Calipers":8,"Bag of Marbles":6,"PureWater":0,"Empty Cage":0},{"Ice Cream":10,"Calipers":7,"Bag of Marbles":6,"PureWater":0,"Empty Cage":0},{"Ice Cream":24,"Calipers":18,"Bag of Marbles":16,"PureWater":0,"Empty Cage":0}]},"card_choices":[{"not_picked":["WreathOfFlame","Crescendo"],"picked":"BowlingBash","floor":1.0},{"not_picked":["EmptyFist","Evaluate"],"picked":"FlurryOfBlows","floor":2.0},{"not_picked":["Crescendo","PathToVictory","Halt"],"picked":"SKIP","floor":3.0},{"not_picked":["Crescendo","ClearTheMind"],"picked":"WheelKick","floor":4.0},{"not_picked":["ClearTheMind","Weave"],"picked":"Meditate","floor":5.0},{"not_picked":["Collect","Meditate","Worship"],"picked":"SKIP","floor":6.0},{"not_picked":["Consecrate","SpiritShield"],"picked":"Blasphemy","floor":8.0},{"not_picked":["ClearTheMind","BowlingBash","WindmillStrike"],"picked":"SKIP","floor":10.0},{"not_picked":["JustLucky","InnerPeace"],"picked":"Tantrum","floor":12.0},{"not_picked":["WreathOfFlame","Evaluate"],"picked":"CutThroughFate","floor":13}],"player_experience":4392111,"relics_obtained":[{"floor":6.0,"key":"Bag of Marbles"},{"floor":8.0,"key":"Calipers"},{"floor":13,"key":"Ice Cream"}],"event_choices":[{"damage_healed":0.0,"max_hp_gain":0.0,"max_hp_loss":0.0,"gold_gain":0.0,"event_name":"Liars Game","player_choice":"Ignored","floor":7.0,"gold_loss":0.0,"damage_taken":0.0},{"cards_removed":["Defend_P"],"damage_healed":0.0,"max_hp_gain":0.0,"max_hp_loss":0.0,"gold_gain":0.0,"event_name":"Golden Wing","player_choice":"Card Removal","floor":11.0,"gold_loss":0.0,"damage_taken":7.0},{"damage_healed":0,"gold_gain":0,"player_choice":"Ignored","damage_taken":0,"max_hp_gain":0,"max_hp_loss":0,"event_name":"Shining Light","floor":14,"gold_loss":0}],"is_beta":false,"boss_relics":[],"items_purged_floors":[],"is_endless":false,"potions_floor_spawned":[2,6,8,13],"killed_by":"The Guardian","ascension_level":20}}