{"host":"ixbvfs3so5a39bhe","time":1610179927,"event":{"mods":["BaseMod","Downfall","Minty Spire (QoL Compilation)","Quick Restart","StSLib"],"gold_per_floor":[119,137,137,150,325,325,360,360,406,421,465,478,499,538,538,662,662],"floor_reached":16,"playtime":882,"items_purged":[],"score":189,"play_id":"bf313ad2-cdc3-40fa-b1f6-5813a1acb8db","local_time":"20210109161207","is_ascension_mode":true,"campfire_choices":[{"data":"Apotheosis","floor":6.0,"key":"SMITH"},{"floor":8.0,"key":"RECALL"},{"floor":15.0,"key":"REST"}],"circlet_count":0,"master_deck":["Strike_R","Strike_R","Strike_R","Strike_R","Strike_R","Defend_R","Defend_R","Defend_R","Defend_R","Bash","Apotheosis+1","Cleave","Flame Barrier","Injury","Doubt","Body Slam","Rage","Inflame","Corruption"],"relics":["Burning Blood","Golden Idol","Strawberry","Happy Flower","Red Skull","Tiny Chest"],"acts_visited":["Exordium"],"potions_floor_usage":[16],"damage_taken":[{"damage":0.0,"enemies":"Cultist","floor":1.0,"turns":4.0},{"damage":7.0,"enemies":"2 Louse","floor":2.0,"turns":3.0},{"damage":11.0,"enemies":"Jaw Worm","floor":4.0,"turns":4.0},{"damage":21.0,"enemies":"3 Sentries","floor":7.0,"turns":7.0},{"damage":16.0,"enemies":"Lots of Slimes","floor":10.0,"turns":4.0},{"damage":32.0,"enemies":"Gremlin Nob","floor":11.0,"turns":5.0},{"damage":0.0,"enemies":"2 Fungi Beasts","floor":12.0,"turns":3.0},{"damage":8.0,"enemies":"Blue Slaver","floor":13.0,"turns":3.0},{"damage":9.0,"enemies":"3 Sentries","floor":14.0,"turns":6.0},{"damage":32,"enemies":"Slime Boss","floor":16,"turns":9}],"seed_played":"893339265105806556","potions_obtained":[{"floor":4.0,"key":"Energy Potion"},{"floor":7.0,"key":"Strength Potion"},{"floor":11.0,"key":"Dexterity Potion"},{"floor":13.0,"key":"Fire Potion"}],"is_trial":false,"path_per_floor":["M","M","?","M","?","R","E","R","T","M","E","M","M","E","R","B"],"character_chosen":"IRONCLAD","items_purchased":[],"campfire_rested":1,"item_purchase_floors":[],"current_hp_per_floor":[62,61,61,56,56,56,48,48,48,38,12,18,16,13,39,13,13],"gold":662,"neow_bonus":"RANDOM_COLORLESS_2","is_daily":false,"chose_seed":false,"campfire_upgraded":1,"win_rate":0.0,"timestamp":1610179927,"path_taken":["M","?","?","M","?","R","E","R","T","M","E","M","M","E","R","BOSS"],"items_purchased_type":[],"build_version":"2020-12-22","purchased_purges":0,"victory":false,"max_hp_per_floor":[80,80,80,80,80,80,87,87,87,87,87,87,87,87,87,87,87],"card_choices":[{"not_picked":["Transmutation","Magnetism"],"picked":"Apotheosis","floor":0.0},{"not_picked":["Uppercut","Feel No Pain"],"picked":"Cleave","floor":1.0},{"not_picked":["Ghostly Armor","Uppercut"],"picked":"Flame Barrier","floor":2.0},{"not_picked":["Flex","Cleave","Havoc"],"picked":"SKIP","floor":4.0},{"not_picked":["Inflame","Evolve"],"picked":"Body Slam","floor":7.0},{"not_picked":["True Grit","Clash"],"picked":"Rage","floor":10.0},{"not_picked":["Body Slam","Evolve","Shrug It Off"],"picked":"SKIP","floor":11.0},{"not_picked":["Headbutt","Burning Pact","True Grit"],"picked":"SKIP","floor":12.0},{"not_picked":["Pummel","Dual Wield"],"picked":"Inflame","floor":13.0},{"not_picked":["Combust","Clash","Shrug It Off"],"picked":"SKIP","floor":14.0},{"not_picked":["Reaper","Double Tap"],"picked":"Corruption","floor":16}],"player_experience":151951,"relics_obtained":[{"floor":7.0,"key":"Strawberry"},{"floor":9.0,"key":"Happy Flower"},{"floor":11.0,"key":"Red Skull"},{"floor":14.0,"key":"Tiny Chest"}],"event_choices":[{"damage_healed":0.0,"max_hp_gain":0.0,"max_hp_loss":0.0,"gold_gain":0.0,"event_name":"Golden Idol","player_choice":"Take Wound","floor":3.0,"gold_loss":0.0,"damage_taken":0.0,"relics_obtained":["Golden Idol"],"cards_obtained":["Injury"]},{"damage_healed":0.0,"max_hp_gain":0.0,"max_hp_loss":0.0,"gold_gain":175.0,"event_name":"Liars Game","player_choice":"AGREE","floor":5.0,"gold_loss":0.0,"damage_taken":0.0,"cards_obtained":["Doubt"]}],"is_beta":false,"boss_relics":[],"items_purged_floors":[],"is_endless":false,"potions_floor_spawned":[4,7,11,13],"killed_by":"Slime Boss","ascension_level":2}}