{"host":"9tzam4717zt8ei1o","time":1610168747,"event":{"mods":["BaseMod","Colored Map","Keyboard Shortcuts","Minty Spire (QoL Compilation)","Quick Restart","StSLib","SuperFastMode"],"gold_per_floor":[113,26,26,26,26,26,46,46,71,71,103,117,117,151,151,227,227,246,171,187,204,204,204,204,204,231,246,246,264,22,33,33,33,33],"floor_reached":33,"playtime":613,"items_purged":["Strike_R"],"score":556,"play_id":"1a3fcbc6-2f11-4a67-ba9e-9650465f2119","local_time":"20210109140547","is_ascension_mode":true,"campfire_choices":[{"data":"Blood for Blood","floor":6.0,"key":"SMITH"},{"data":"Hemokinesis","floor":8.0,"key":"SMITH"},{"data":"Flame Barrier","floor":10.0,"key":"SMITH"},{"data":"Limit Break","floor":15.0,"key":"SMITH"},{"data":"Rupture","floor":23.0,"key":"SMITH"},{"data":"Rupture","floor":25.0,"key":"SMITH"},{"data":"Evolve","floor":28.0,"key":"SMITH"},{"floor":32,"key":"REST"}],"circlet_count":0,"master_deck":["AscendersBane","Strike_R","Strike_R","Strike_R","Defend_R","Defend_R","Defend_R","Defend_R","Bash","Blood for Blood+1","Hemokinesis+1","Flame Barrier+1","Rupture+1","Rupture+1","Limit Break+1","Battle Trance","Evolve+1","Shrug It Off"],"relics":["Burning Blood","NeowsBlessing","FossilizedHelix","Art of War","CaptainsWheel","Blood Vial","Orichalcum","TheAbacus"],"acts_visited":["Exordium","TheCity"],"potions_floor_usage":[31,31],"damage_taken":[{"damage":0.0,"enemies":"2 Louse","floor":1.0,"turns":1.0},{"damage":0.0,"enemies":"Small Slimes","floor":7.0,"turns":1.0},{"damage":0.0,"enemies":"3 Sentries","floor":11.0,"turns":2.0},{"damage":0.0,"enemies":"Cultist","floor":12.0,"turns":3.0},{"damage":32.0,"enemies":"Lagavulin","floor":14.0,"turns":7.0},{"damage":44.0,"enemies":"The Guardian","floor":16.0,"turns":13.0},{"damage":10.0,"enemies":"2 Thieves","floor":18.0,"turns":4.0},{"damage":4.0,"enemies":"Chosen","floor":20.0,"turns":5.0},{"damage":21.0,"enemies":"Snake Plant","floor":21.0,"turns":3.0},{"damage":16.0,"enemies":"Shelled Parasite and Fungi","floor":27.0,"turns":7.0},{"damage":38.0,"enemies":"3 Cultists","floor":29.0,"turns":6.0},{"damage":22,"enemies":"Snecko","floor":31,"turns":8},{"damage":60,"enemies":"Automaton","floor":33,"turns":6}],"seed_played":"-7958373393453517212","potions_obtained":[{"floor":1.0,"key":"Ancient Potion"},{"floor":14.0,"key":"ElixirPotion"},{"floor":16.0,"key":"Energy Potion"},{"floor":20.0,"key":"DistilledChaos"},{"floor":21.0,"key":"AttackPotion"},{"floor":29.0,"key":"Weak Potion"}],"is_trial":false,"path_per_floor":["M","$","?","?","$","R","M","R","T","R","E","M","?","E","R","B",null,"M","$","M","M","?","R","?","R","T","M","R","M","$","M","R","B"],"character_chosen":"IRONCLAD","items_purchased":["Hemokinesis","TheAbacus","Regen Potion"],"campfire_rested":1,"item_purchase_floors":[2,30,30],"current_hp_per_floor":[74,74,74,63,63,63,69,69,69,69,75,75,75,49,49,13,60,58,58,62,49,49,49,49,49,49,41,41,11,11,12,34,0,0],"gold":33,"neow_bonus":"THREE_ENEMY_KILL","is_daily":false,"chose_seed":false,"campfire_upgraded":7,"win_rate":0.0,"timestamp":1610168747,"path_taken":["M","$","?","?","$","R","M","R","T","R","E","M","?","E","R","BOSS","M","$","M","?","?","R","?","R","T","M","R","M","$","M","R","BOSS"],"items_purchased_type":["Card","Relic","Potion"],"build_version":"2020-12-22","purchased_purges":1,"victory":false,"max_hp_per_floor":[75,75,75,75,75,75,75,75,75,75,75,75,75,75,75,75,75,75,75,75,75,75,75,75,75,75,75,75,75,75,75,75,75,75],"card_choices":[{"not_picked":["Searing Blow","Armaments"],"picked":"Blood for Blood","floor":1.0},{"not_picked":["Flex","True Grit"],"picked":"Flame Barrier","floor":7.0},{"not_picked":["Havoc","Sever Soul"],"picked":"Rupture","floor":11.0},{"not_picked":["Rupture","Flex","Dropkick"],"picked":"SKIP","floor":12.0},{"not_picked":["Flex","Dropkick"],"picked":"Rupture","floor":12.0},{"not_picked":["Sentinel","Shockwave","Clothesline"],"picked":"SKIP","floor":14.0},{"not_picked":["Twin Strike","Flex","Clash"],"picked":"SKIP","floor":18.0},{"not_picked":["Ghostly Armor","Searing Blow","Twin Strike"],"picked":"SKIP","floor":20.0},{"not_picked":["Sword Boomerang","Disarm"],"picked":"Battle Trance","floor":21.0},{"not_picked":["Sword Boomerang","Whirlwind"],"picked":"Evolve","floor":27.0},{"not_picked":["Bloodletting","Warcry","Havoc"],"picked":"SKIP","floor":29.0},{"not_picked":["Perfected Strike","Thunderclap"],"picked":"Shrug It Off","floor":31}],"player_experience":165944,"relics_obtained":[{"floor":9.0,"key":"Art of War"},{"floor":11.0,"key":"CaptainsWheel"},{"floor":14.0,"key":"Blood Vial"},{"floor":26.0,"key":"Orichalcum"}],"event_choices":[{"cards_removed":["Strike_R"],"damage_healed":0.0,"max_hp_gain":0.0,"max_hp_loss":0.0,"gold_gain":0.0,"event_name":"Living Wall","player_choice":"Forget","floor":3.0,"gold_loss":0.0,"damage_taken":0.0},{"damage_healed":0.0,"max_hp_gain":0.0,"max_hp_loss":0.0,"gold_gain":0.0,"event_name":"Scrap Ooze","player_choice":"Success","floor":4.0,"gold_loss":0.0,"damage_taken":11.0,"relics_obtained":["FossilizedHelix"]},{"damage_healed":0.0,"max_hp_gain":0.0,"max_hp_loss":0.0,"gold_gain":0.0,"event_name":"Match and Keep!","player_choice":"1 cards matched","floor":13.0,"gold_loss":0.0,"damage_taken":0.0,"cards_obtained":["Limit Break"]},{"damage_healed":0.0,"max_hp_gain":0.0,"max_hp_loss":0.0,"gold_gain":0.0,"event_name":"Cursed Tome","player_choice":"Ignored","floor":22.0,"gold_loss":0.0,"damage_taken":0.0},{"damage_healed":0.0,"max_hp_gain":0.0,"max_hp_loss":0.0,"gold_gain":0.0,"event_name":"The Mausoleum","player_choice":"Ignored","floor":24.0,"gold_loss":0.0,"damage_taken":0.0}],"is_beta":false,"boss_relics":[{"not_picked":["Coffee Dripper","Fusion Hammer","Snecko Eye"]}],"items_purged_floors":[19],"is_endless":false,"potions_floor_spawned":[1,14,16,20,21,29],"killed_by":"Automaton","ascension_level":20}}