{"host":"4axoa1rfjgnprp9l","time":1610186972,"event":{"mods":["2.2 Compatiblity","AchievementEnabler","BaseMod","Colored Map","DeckTracker","Highlight Path","Minty Spire (QoL Compilation)","Permanent Neow","StSLib","SuperFastMode"],"gold_per_floor":[113,127,143,154,154,154,174,174,174,192,192,192,224,241,241,319,319,333,313,325,42,42,42,72,90,142,142,5,5,35,70,70,147,147,165,165,176,190,204,204,219,219,219],"floor_reached":42,"playtime":13873,"items_purged":[],"score":880,"play_id":"52758159-078d-4d50-b72a-4843edcb3d40","local_time":"20210109190932","is_ascension_mode":true,"campfire_choices":[{"data":"Dualcast","floor":6.0,"key":"SMITH"},{"data":"Zap","floor":8.0,"key":"SMITH"},{"data":"Ball Lightning","floor":11.0,"key":"SMITH"},{"floor":15.0,"key":"REST"},{"data":"Thunder Strike","floor":23.0,"key":"SMITH"},{"floor":27.0,"key":"REST"},{"data":"Consume","floor":29.0,"key":"SMITH"},{"data":"Static Discharge","floor":32.0,"key":"SMITH"},{"floor":40.0,"key":"REST"}],"circlet_count":0,"master_deck":["AscendersBane","Strike_B","Strike_B","Strike_B","Defend_B","Defend_B","Defend_B","Defend_B","Zap+1","Dualcast+1","Doom and Gloom+1","Ball Lightning+1","Genetic Algorithm","Genetic Algorithm","Undo","Thunder Strike+1","Double Energy","Electrodynamics","Coolheaded","Static Discharge+1","Consume+1","Auto Shields","Turbo","Glacier","Capacitor","Echo Form","CurseOfTheBell","Hologram","Go for the Eyes+1","Reinforced Body+1"],"relics":["Cracked Core","Peace Pipe","Pantograph","Gremlin Horn","SlaversCollar","Orrery","Letter Opener","Nunchaku","Meat on the Bone","Red Mask","Calling Bell","Dream Catcher","Singing Bowl","Gambling Chip"],"acts_visited":["Exordium","TheCity","TheBeyond"],"potions_floor_usage":[42],"damage_taken":[{"damage":1.0,"enemies":"Cultist","floor":1.0,"turns":4.0},{"damage":10.0,"enemies":"Small Slimes","floor":2.0,"turns":3.0},{"damage":4.0,"enemies":"Jaw Worm","floor":3.0,"turns":3.0},{"damage":7.0,"enemies":"Lots of Slimes","floor":4.0,"turns":3.0},{"damage":13.0,"enemies":"Red Slaver","floor":7.0,"turns":3.0},{"damage":12.0,"enemies":"Exordium Wildlife","floor":10.0,"turns":3.0},{"damage":2.0,"enemies":"Gremlin Nob","floor":13.0,"turns":3.0},{"damage":0.0,"enemies":"Lots of Slimes","floor":14.0,"turns":2.0},{"damage":43.0,"enemies":"Slime Boss","floor":16.0,"turns":8.0},{"damage":27.0,"enemies":"Shell Parasite","floor":18.0,"turns":5.0},{"damage":5.0,"enemies":"3 Byrds","floor":20.0,"turns":4.0},{"damage":21.0,"enemies":"Slavers","floor":24.0,"turns":3.0},{"damage":15.0,"enemies":"Snake Plant","floor":25.0,"turns":5.0},{"damage":13.0,"enemies":"Book of Stabbing","floor":30.0,"turns":5.0},{"damage":0.0,"enemies":"Masked Bandits","floor":31.0,"turns":3.0},{"damage":41.0,"enemies":"Champ","floor":33.0,"turns":10.0},{"damage":8.0,"enemies":"Orb Walker","floor":35.0,"turns":5.0},{"damage":11.0,"enemies":"3 Shapes","floor":37.0,"turns":4.0},{"damage":17.0,"enemies":"Maw","floor":38.0,"turns":6.0},{"damage":26.0,"enemies":"Writhing Mass","floor":39.0,"turns":10.0},{"damage":18,"enemies":"4 Shapes","floor":41,"turns":3},{"damage":47,"enemies":"Giant Head","floor":42,"turns":7}],"seed_played":"7815403751940335787","potions_obtained":[{"floor":1.0,"key":"Fire Potion"},{"floor":3.0,"key":"SneckoOil"},{"floor":4.0,"key":"ColorlessPotion"},{"floor":7.0,"key":"EssenceOfSteel"},{"floor":16.0,"key":"FocusPotion"},{"floor":19.0,"key":"LiquidBronze"},{"floor":20.0,"key":"Energy Potion"},{"floor":24.0,"key":"BlessingOfTheForge"},{"floor":31.0,"key":"PowerPotion"},{"floor":33.0,"key":"SpeedPotion"},{"floor":36.0,"key":"DuplicationPotion"},{"floor":36.0,"key":"EntropicBrew"},{"floor":39.0,"key":"ColorlessPotion"},{"floor":41,"key":"Block Potion"}],"is_trial":false,"path_per_floor":["M","M","M","M","?","R","M","R","T","M","R","?","E","M","R","B",null,"M","?","M","$","?","R","E","M","T","R","$","R","E","?","R","B",null,"M","?","M","M","M","R","M","E"],"character_chosen":"DEFECT","items_purchased":["Orrery","FairyPotion","Glacier","FocusPotion"],"campfire_rested":3,"item_purchase_floors":[21,21,28,28],"current_hp_per_floor":[63,53,49,42,42,42,29,29,29,17,17,17,15,15,34,16,52,25,25,20,20,20,20,19,4,4,23,23,23,10,22,22,18,53,45,45,34,29,17,38,34,0,0],"gold":219,"neow_bonus":"ONE_RARE_RELIC","is_daily":false,"chose_seed":false,"campfire_upgraded":6,"win_rate":0.0,"timestamp":1610186972,"path_taken":["M","M","M","M","?","R","M","R","T","?","R","?","E","M","R","BOSS","M","?","?","?","?","R","E","?","T","R","$","R","E","?","R","BOSS","M","?","M","M","M","R","M","E"],"items_purchased_type":["Relic","Potion","Card","Potion"],"build_version":"2020-12-22","purchased_purges":0,"victory":false,"max_hp_per_floor":[64,64,64,64,64,64,64,64,64,64,64,64,64,64,64,64,64,64,64,64,64,64,64,64,64,64,64,64,64,64,64,64,64,64,64,64,64,64,66,68,70,70,70],"card_choices":[{"not_picked":["Steam Power","Steam"],"picked":"Doom and Gloom","floor":1.0},{"not_picked":["Streamline","Hologram"],"picked":"Ball Lightning","floor":2.0},{"not_picked":["Redo","Leap"],"picked":"Genetic Algorithm","floor":3.0},{"not_picked":["Tempest","Go for the Eyes"],"picked":"Genetic Algorithm","floor":4.0},{"not_picked":["White Noise","Barrage","Go for the Eyes"],"picked":"SKIP","floor":7.0},{"not_picked":["Hello World","Rebound","Fusion"],"picked":"SKIP","floor":10.0},{"not_picked":["Rebound","Turbo","Leap"],"picked":"SKIP","floor":13.0},{"not_picked":["Redo","Go for the Eyes"],"picked":"Undo","floor":14.0},{"not_picked":["Seek","Fission"],"picked":"Thunder Strike","floor":16.0},{"not_picked":["Heatsinks","Loop","Ball Lightning"],"picked":"SKIP","floor":18.0},{"not_picked":["Cold Snap","Rip and Tear"],"picked":"Double Energy","floor":20.0},{"not_picked":["Melter","Reboot"],"picked":"Electrodynamics","floor":21.0},{"not_picked":["Redo","Streamline"],"picked":"Coolheaded","floor":21.0},{"not_picked":["Reprogram","Stack"],"picked":"Static Discharge","floor":21.0},{"not_picked":["Hyperbeam","Conserve Battery"],"picked":"Consume","floor":21.0},{"not_picked":["Compile Driver","Sunder"],"picked":"Turbo","floor":24.0},{"not_picked":["Fusion","Beam Cell","Fission"],"picked":"SKIP","floor":25.0},{"not_picked":["Coolheaded","Undo"],"picked":"Capacitor","floor":30.0},{"not_picked":["Buffer","Core Surge"],"picked":"Echo Form","floor":33.0},{"not_picked":["Cold Snap","Sweeping Beam"],"picked":"Hologram","floor":35.0},{"not_picked":["Rebound","Scrape+1"],"picked":"Go for the Eyes+1","floor":37.0},{"not_picked":["Ball Lightning+1","Conserve Battery"],"picked":"Reinforced Body+1","floor":38.0},{"not_picked":["Blizzard","Genetic Algorithm","Thunder Strike"],"picked":"Singing Bowl","floor":39.0},{"not_picked":["Sweeping Beam","Capacitor","Go for the Eyes"],"picked":"Singing Bowl","floor":40.0},{"not_picked":["Stack","Undo+1","Ball Lightning"],"picked":"Singing Bowl","floor":41}],"player_experience":780447,"relics_obtained":[{"floor":9.0,"key":"Pantograph"},{"floor":13.0,"key":"Gremlin Horn"},{"floor":24.0,"key":"Letter Opener"},{"floor":26.0,"key":"Nunchaku"},{"floor":30.0,"key":"Meat on the Bone"},{"floor":31.0,"key":"Red Mask"},{"floor":34.0,"key":"Dream Catcher"},{"floor":34.0,"key":"Singing Bowl"},{"floor":34.0,"key":"Gambling Chip"}],"event_choices":[{"damage_healed":0.0,"max_hp_gain":0.0,"max_hp_loss":0.0,"gold_gain":0.0,"event_name":"Upgrade Shrine","player_choice":"Upgraded","floor":5.0,"gold_loss":0.0,"damage_taken":0.0,"cards_upgraded":["Doom and Gloom"]},{"damage_healed":0.0,"max_hp_gain":0.0,"max_hp_loss":0.0,"gold_gain":0.0,"event_name":"Shining Light","player_choice":"Ignored","floor":12.0,"gold_loss":0.0,"damage_taken":0.0},{"damage_healed":0.0,"max_hp_gain":0.0,"max_hp_loss":0.0,"gold_gain":0.0,"event_name":"The Woman in Blue","player_choice":"Bought 1 Potion","floor":19.0,"gold_loss":0.0,"damage_taken":0.0},{"damage_healed":0.0,"max_hp_gain":0.0,"max_hp_loss":0.0,"gold_gain":0.0,"cards_transformed":["Strike_B"],"event_name":"Transmorgrifier","player_choice":"Transformed","floor":22.0,"gold_loss":0.0,"damage_taken":0.0,"cards_obtained":["Auto Shields"]},{"damage_healed":0.0,"max_hp_gain":0.0,"max_hp_loss":0.0,"gold_gain":0.0,"event_name":"Masked Bandits","player_choice":"Fought Bandits","floor":31.0,"gold_loss":0.0,"damage_taken":0.0},{"damage_healed":0.0,"max_hp_gain":0.0,"max_hp_loss":0.0,"gold_gain":0.0,"event_name":"Lab","player_choice":"Got Potions","floor":36.0,"gold_loss":0.0,"damage_taken":0.0}],"is_beta":false,"boss_relics":[{"not_picked":["Runic Dome","Pandora\u0027s Box"],"picked":"SlaversCollar"},{"not_picked":["Sozu","Philosopher\u0027s Stone"],"picked":"Calling Bell"}],"items_purged_floors":[],"is_endless":false,"potions_floor_spawned":[1,3,4,7,16,20,24,31,33,37,39,41],"killed_by":"Giant Head","ascension_level":20}}