{"host":"kjehzzhcyp0nyrrl","time":1610157804,"event":{"mods":["AchievementEnabler","BaseMod","Custom Start","Hermit","Keyboard Shortcuts","Koishi","Minty Spire (QoL Compilation)","StSLib","SuperFastMode","The Dragon Tamer","The Hierophant","everything is the same but u backflip on backflip"],"gold_per_floor":[118,118,131,131,149,149,32,32,55,79,79,102,142,142,142,271,271,286,286,125,148,161,200,216,216,216,216,236,259,272,272,272],"floor_reached":31,"playtime":810,"items_purged":["Meteor Strike"],"score":350,"play_id":"9e7cd2ce-6e81-4d19-b4f2-5c9a12709453","local_time":"20210109110324","is_ascension_mode":true,"campfire_choices":[{"data":"Beam Cell","floor":6,"key":"SMITH"},{"data":"Swift Strike","floor":8,"key":"SMITH"},{"data":"Recycle","floor":11,"key":"SMITH"},{"data":"Hologram","floor":15,"key":"SMITH"},{"data":"Coolheaded","floor":25,"key":"SMITH"},{"floor":27,"key":"REST"}],"circlet_count":0,"master_deck":["Strike_B","Strike_B","Strike_B","Defend_B","Defend_B","Defend_B","Defend_B","Zap+1","Dualcast","Heatsinks","Conserve Battery","Beam Cell+1","Scrape+1","Swift Strike+1","Recycle+1","Hologram+1","Core Surge","Barrage+1","Flash of Steel","Coolheaded+1","Barrage+1","Rip and Tear+1"],"relics":["Cracked Core","Golden Idol","Bag of Marbles","Pear","Oddly Smooth Stone","Inserter","Orichalcum"],"acts_visited":["Exordium","TheCity"],"potions_floor_usage":[12,21,23,29,29],"damage_taken":[{"damage":7,"enemies":"Jaw Worm","floor":1,"turns":3},{"damage":8,"enemies":"Small Slimes","floor":3,"turns":3},{"damage":1,"enemies":"Cultist","floor":5,"turns":3},{"damage":1,"enemies":"Exordium Thugs","floor":10,"turns":3},{"damage":0,"enemies":"Gremlin Gang","floor":12,"turns":3},{"damage":16,"enemies":"Gremlin Nob","floor":13,"turns":3},{"damage":29,"enemies":"The Guardian","floor":16,"turns":12},{"damage":18,"enemies":"3 Byrds","floor":18,"turns":5},{"damage":5,"enemies":"Spheric Guardian","floor":21,"turns":3},{"damage":0,"enemies":"Snecko","floor":22,"turns":3},{"damage":12,"enemies":"Slavers","floor":23,"turns":2},{"damage":8,"enemies":"3 Cultists","floor":24,"turns":5},{"damage":28,"enemies":"Snake Plant","floor":28,"turns":3},{"damage":5,"enemies":"Shelled Parasite and Fungi","floor":29,"turns":3},{"damage":9,"enemies":"Centurion and Healer","floor":30,"turns":5},{"damage":2,"enemies":"Snake Plant","floor":31,"turns":1}],"seed_played":"-1162069901270226481","potions_obtained":[{"floor":3,"key":"SteroidPotion"},{"floor":10,"key":"DistilledChaos"},{"floor":16,"key":"Block Potion"},{"floor":18,"key":"FocusPotion"},{"floor":22,"key":"AttackPotion"},{"floor":28,"key":"AttackPotion"},{"floor":30,"key":"Weak Potion"}],"is_trial":false,"path_per_floor":["M","?","M","?","M","R","$","R","T","M","R","M","E","T","R","B",null,"M","?","$","M","M","E","M","R","T","R","M","M","M","M"],"character_chosen":"DEFECT","items_purchased":["Scrape","Swift Strike","Flash of Steel"],"campfire_rested":1,"item_purchase_floors":[7,7,20],"current_hp_per_floor":[61,61,53,53,52,52,52,52,52,51,51,51,45,45,45,16,63,45,45,45,40,40,28,20,20,20,43,15,10,1,0,0],"gold":272,"neow_bonus":"UPGRADE_CARD","is_daily":false,"chose_seed":false,"campfire_upgraded":5,"win_rate":0.0,"timestamp":1610157804,"path_taken":["M","?","M","?","M","R","$","R","T","M","R","?","E","?","R","BOSS","M","?","$","M","M","E","M","R","T","R","M","M","M","?"],"items_purchased_type":["Card","Card","Card"],"build_version":"2020-12-22","purchased_purges":1,"victory":false,"max_hp_per_floor":[75,69,69,69,69,69,69,69,69,69,69,69,79,79,79,79,79,79,79,79,79,79,79,79,79,79,79,79,79,79,79,79],"card_choices":[{"not_picked":["Hologram","Force Field"],"picked":"Heatsinks","floor":1},{"not_picked":["Melter","Go for the Eyes"],"picked":"Conserve Battery","floor":3},{"not_picked":["Compile Driver","Multi-Cast"],"picked":"Beam Cell","floor":5},{"not_picked":["Blizzard","Beam Cell"],"picked":"Recycle","floor":10},{"not_picked":["Rebound","Ball Lightning"],"picked":"Hologram","floor":12},{"not_picked":["Beam Cell","Conserve Battery","Turbo"],"picked":"SKIP","floor":13},{"not_picked":["Amplify","Seek"],"picked":"Core Surge","floor":16},{"not_picked":["Go for the Eyes","Hologram+1"],"picked":"Barrage+1","floor":18},{"not_picked":["Stack+1","Hyperbeam"],"picked":"Coolheaded","floor":21},{"not_picked":["Go for the Eyes","Gash"],"picked":"Barrage+1","floor":22},{"not_picked":["Cold Snap","Reinforced Body","Redo"],"picked":"SKIP","floor":23},{"not_picked":["Sunder","Gash","Heatsinks"],"picked":"SKIP","floor":24},{"not_picked":["Tempest","Leap","Rebound+1"],"picked":"SKIP","floor":28},{"not_picked":["Turbo","Sunder"],"picked":"Rip and Tear+1","floor":29},{"not_picked":["Coolheaded","Barrage+1","Cold Snap"],"picked":"SKIP","floor":30}],"player_experience":388431,"relics_obtained":[{"floor":9,"key":"Bag of Marbles"},{"floor":13,"key":"Pear"},{"floor":14,"key":"Oddly Smooth Stone"},{"floor":23,"key":"Orichalcum"}],"event_choices":[{"damage_healed":0,"gold_gain":0,"player_choice":"Lose Max HP","damage_taken":0,"relics_obtained":["Golden Idol"],"max_hp_gain":0,"max_hp_loss":6,"event_name":"Golden Idol","floor":2,"gold_loss":0},{"damage_healed":0,"gold_gain":0,"cards_transformed":["Strike_B"],"player_choice":"Transformed","damage_taken":0,"max_hp_gain":0,"max_hp_loss":0,"event_name":"Transmorgrifier","floor":4,"gold_loss":0,"cards_obtained":["Meteor Strike"]},{"damage_healed":0,"gold_gain":0,"player_choice":"Forge","damage_taken":0,"max_hp_gain":0,"max_hp_loss":0,"event_name":"Accursed Blacksmith","floor":19,"gold_loss":0,"cards_upgraded":["Scrape"]}],"is_beta":false,"boss_relics":[{"not_picked":["Snecko Eye","Cursed Key"],"picked":"Inserter"}],"items_purged_floors":[20],"is_endless":false,"potions_floor_spawned":[3,10,16,18,22,28,30],"killed_by":"Snake Plant","ascension_level":7}}