{"host":"eocn4tduyrehyy81","time":1610236525,"event":{"mods":["AchievementEnabler","BaseMod","BetterRewards","Custom Start","Minty Spire (QoL Compilation)","Replay The Spire","StSLib"],"gold_per_floor":[114,464,476,498,510,522,9,81,81,112,187,32,47,60,60,157,157,172,49,49,64,77,108,124,153,202,13,13,13,42,58,58,158,158,171,188,6,6,25,60,12,24,75,75,75,91,91,122,122,122],"floor_reached":51,"playtime":3118,"items_purged":["Decay"],"score":1513,"play_id":"d28b301d-77ec-4534-bb82-12395e502e58","local_time":"20210109175525","is_ascension_mode":false,"campfire_choices":[{"floor":6.0,"key":"REST"},{"data":"Anger","floor":15.0,"key":"SMITH"},{"floor":29.0,"key":"REST"},{"floor":32.0,"key":"REST"},{"data":"Anger","floor":47,"key":"SMITH"},{"floor":49,"key":"REST"}],"circlet_count":0,"master_deck":["Strike_R","Strike_R","Strike_R","Strike_R","Strike_R","Defend_R","Defend_R","Defend_R","Defend_R","Bash","Thunderclap","CommonCold","Clumsy","Anger+1","Sword Boomerang","Sword Boomerang","Clumsy","Carnage","Shame","Armaments","Sword Boomerang","Writhe","Voices","Hallucinations","Anger","Looming Evil","ReplayTheSpireMod:Limb From Limb","Clash+1","Headbutt+1","Anger+1","Iron Wave+1","Dual Wield","ReplayTheSpireMod:Doomed","Rampage","Run Through+1","Reaper","CurseOfTheBell","Injury","Normality","Armaments","Cleave","Anger+1","Flash of Steel","PanicButton","Pommel Strike","Whirlwind+1","Shrug It Off+1","Looming Evil","Heavy Blade+1","ReplayTheSpireMod:Strike From Hell"],"relics":["Burning Blood","ReplayTheSpireMod:CursedCoin","ReplayFunnel","Ring of Greed","Old Coin","MawBank","Ornamental Fan","Snack Pack","Cauldron","Mercury Hourglass","Replay:WaspNest","Pear","Lee\u0027s Waffle","Replay:Ancient Bell","Potion Belt","Meat on the Bone","Du-Vu Doll","Quantum Egg","Art of War","Bag of Marbles","Lantern","PreservedInsect","Calling Bell","Strawberry","Kunai","Pondfish Scales","Replay:Baseball","Bronze Scales","Frozen Egg 2","Regal Pillow"],"acts_visited":["Exordium","TheCity","TheBeyond"],"potions_floor_usage":[48,48,50],"damage_taken":[{"damage":2.0,"enemies":"Small Slimes","floor":1.0,"turns":4.0},{"damage":4.0,"enemies":"2 Louse","floor":4.0,"turns":3.0},{"damage":32.0,"enemies":"Lagavulin","floor":10.0,"turns":6.0},{"damage":0.0,"enemies":"Cultist","floor":13.0,"turns":2.0},{"damage":7.0,"enemies":"Large Slime","floor":14.0,"turns":5.0},{"damage":105.0,"enemies":"Fading Forest","floor":16.0,"turns":11.0},{"damage":0.0,"enemies":"Spheric Guardian","floor":18.0,"turns":2.0},{"damage":5.0,"enemies":"Chosen","floor":21.0,"turns":2.0},{"damage":5.0,"enemies":"Sentry and Sphere","floor":22.0,"turns":3.0},{"damage":0.0,"enemies":"Gremlin Leader","floor":23.0,"turns":4.0},{"damage":9.0,"enemies":"Centurion and Healer","floor":24.0,"turns":3.0},{"damage":22.0,"enemies":"Replay:Snechameleon","floor":25.0,"turns":6.0},{"damage":30.0,"enemies":"Book of Stabbing","floor":30.0,"turns":4.0},{"damage":0.0,"enemies":"Snake Plant","floor":31.0,"turns":2.0},{"damage":20.0,"enemies":"Pondfish","floor":33.0,"turns":6.0},{"damage":15,"enemies":"3 Darklings","floor":35,"turns":5},{"damage":15,"enemies":"3 Shapes","floor":36,"turns":2},{"damage":3,"enemies":"Transient","floor":39,"turns":5},{"damage":8,"enemies":"R_Hoarder","floor":40,"turns":6},{"damage":38,"enemies":"Maw","floor":42,"turns":6},{"damage":0,"enemies":"Jaw Worm Horde","floor":46,"turns":2},{"damage":0,"enemies":"Reptomancer","floor":48,"turns":1},{"damage":88,"enemies":"Donu and Deca","floor":50,"turns":6}],"seed_played":"2204617601033452006","potions_obtained":[{"floor":1.0,"key":"Weak Potion"},{"floor":7.0,"key":"SmokeBomb"},{"floor":7.0,"key":"Regen Potion"},{"floor":14.0,"key":"Elixir"},{"floor":18.0,"key":"Fruit Juice"},{"floor":31.0,"key":"ColorlessPotion"},{"floor":39,"key":"SpeedPotion"},{"floor":40,"key":"GamblersBrew"},{"floor":42,"key":"ColorlessPotion"},{"floor":48,"key":"SpeedPotion"}],"is_trial":false,"path_per_floor":["M","?","?","M","?","R","$","T","T","E","?","$","M","M","R","B",null,"M","$","?","M","M","E","M","E","T","$","$","R","E","M","R","B",null,"M","M","$","?","M","E","$","M","T","?","T","M","R","E","R","B",null],"character_chosen":"IRONCLAD","items_purchased":["ReplayTheSpireMod:CursedCoin","FairyPotion","ReplayFunnel","Snack Pack","Sword Boomerang","Cauldron","Lee\u0027s Waffle","Block Potion","LifebloodPotion","Lantern","Dual Wield","Anger","Flash of Steel","BlessingOfTheForge","BloodPotion"],"campfire_rested":4,"item_purchase_floors":[0,0,0,7,7,7,12,19,19,27,27,37,37,37,41],"current_hp_per_floor":[80,80,80,80,38,62,62,62,62,66,55,97,97,97,97,24,97,97,97,97,102,102,102,99,86,86,86,86,102,78,84,102,92,109,109,102,102,102,109,109,109,81,81,81,81,91,91,97,109,60],"gold":122,"neow_bonus":"","is_daily":false,"chose_seed":false,"campfire_upgraded":2,"win_rate":0.0,"timestamp":1610236525,"path_taken":["M","?","?","?","?","R","$","?","T","E","?","?","?","M","R","BOSS","M","$","?","M","M","E","M","E","T","?","$","R","E","M","R","BOSS","M","M","$","?","M","E","?","M","T","?","?","M","R","E","R","BOSS"],"items_purchased_type":["Relic","Potion","Relic","Relic","Card","Relic","Relic","Potion","Potion","Relic","Card","Card","Card","Potion","Potion"],"build_version":"2020-12-22","purchased_purges":1,"victory":true,"max_hp_per_floor":[80,80,80,80,80,80,80,80,80,90,90,97,97,97,97,97,97,97,97,97,102,102,102,102,102,102,102,102,102,102,102,102,102,109,109,109,109,109,109,109,109,109,109,109,109,109,109,109,109,109],"card_choices":[{"not_picked":["Warcry","Pummel"],"picked":"Thunderclap","floor":1.0},{"not_picked":["Warcry","Seeing Red"],"picked":"Anger","floor":4.0},{"not_picked":["Reckless Charge","Whirlwind"],"picked":"Carnage","floor":10.0},{"not_picked":["Battle Trance","Cleave"],"picked":"Armaments","floor":13.0},{"not_picked":["Power Through","Clash"],"picked":"Sword Boomerang","floor":14.0},{"not_picked":["Replay:Many Hands","Brutality"],"picked":"Corruption","floor":16.0},{"not_picked":["Spreading Infection","Shame"],"picked":"Writhe","floor":17.0},{"not_picked":["Amnesia","Delirium"],"picked":"Voices","floor":17.0},{"not_picked":["CommonCold","Injury"],"picked":"Hallucinations","floor":17.0},{"not_picked":["Sever Soul","Hemokinesis+1"],"picked":"Anger","floor":18.0},{"not_picked":["Clothesline","Defy Death"],"picked":"ReplayTheSpireMod:Limb From Limb","floor":21.0},{"not_picked":["Spot Weakness","Thunderclap"],"picked":"Clash+1","floor":22.0},{"not_picked":["Pommel Strike","Inflame+1"],"picked":"Headbutt+1","floor":23.0},{"not_picked":["Thunderclap","ReplayTheSpireMod:Stacked"],"picked":"Anger+1","floor":24.0},{"not_picked":["Disarm","Headbutt+1"],"picked":"Iron Wave+1","floor":25.0},{"not_picked":["ReplayTheSpireMod:Muscle Training","Power Through"],"picked":"Rampage","floor":30.0},{"not_picked":["Carnage+1","ReplayTheSpireMod:LeadingStrike"],"picked":"Run Through+1","floor":31.0},{"not_picked":["Berserk","Replay:Many Hands"],"picked":"Reaper","floor":33.0},{"not_picked":["Thunderclap","Flex+1"],"picked":"Armaments","floor":35},{"not_picked":["Twin Strike","Iron Wave"],"picked":"Cleave","floor":36},{"not_picked":["Dark Shackles","Poisoned Strike"],"picked":"PanicButton","floor":38},{"not_picked":["Fire Breathing","ReplayTheSpireMod:Strike From Hell+1"],"picked":"Pommel Strike","floor":39},{"not_picked":["Heavy Blade+1","Body Slam+1"],"picked":"Whirlwind+1","floor":40},{"not_picked":["True Grit","Pommel Strike"],"picked":"Shrug It Off+1","floor":42},{"not_picked":["Pommel Strike+1","Rampage+1"],"picked":"Heavy Blade+1","floor":46},{"not_picked":["Heavy Blade","Dual Wield"],"picked":"ReplayTheSpireMod:Strike From Hell","floor":48}],"player_experience":69640,"relics_obtained":[{"floor":2.0,"key":"Ring of Greed"},{"floor":2.0,"key":"Old Coin"},{"floor":2.0,"key":"MawBank"},{"floor":8.0,"key":"Mercury Hourglass"},{"floor":9.0,"key":"Replay:WaspNest"},{"floor":10.0,"key":"Pear"},{"floor":23.0,"key":"Quantum Egg"},{"floor":25.0,"key":"Art of War"},{"floor":26.0,"key":"Bag of Marbles"},{"floor":30.0,"key":"PreservedInsect"},{"floor":34,"key":"Strawberry"},{"floor":34,"key":"Kunai"},{"floor":34,"key":"Pondfish Scales"},{"floor":40,"key":"Replay:Baseball"},{"floor":43,"key":"Bronze Scales"},{"floor":45,"key":"Frozen Egg 2"},{"floor":48,"key":"Regal Pillow"}],"event_choices":[{"damage_healed":0.0,"max_hp_gain":0.0,"max_hp_loss":0.0,"gold_gain":0.0,"cards_transformed":["Amnesia"],"event_name":"Transmorgrifier","player_choice":"Transformed","floor":3.0,"gold_loss":0.0,"damage_taken":0.0,"cards_obtained":["Clumsy"]},{"damage_healed":0.0,"max_hp_gain":0.0,"max_hp_loss":0.0,"gold_gain":0.0,"event_name":"Scrap Ooze","player_choice":"Success","floor":5.0,"gold_loss":0.0,"damage_taken":42.0,"relics_obtained":["Ornamental Fan"]},{"damage_healed":0.0,"max_hp_gain":0.0,"max_hp_loss":0.0,"gold_gain":75.0,"event_name":"World of Goop","player_choice":"Gather Gold","floor":11.0,"gold_loss":0.0,"damage_taken":11.0},{"cards_removed":["Replay:Hysterical Blindness"],"damage_healed":0.0,"max_hp_gain":0.0,"max_hp_loss":0.0,"gold_gain":0.0,"event_name":"Purifier","player_choice":"Purged","floor":20.0,"gold_loss":0.0,"damage_taken":0.0},{"damage_healed":0,"gold_gain":0,"player_choice":"Memory 1","damage_taken":0,"max_hp_gain":0,"max_hp_loss":0,"event_name":"SensoryStone","floor":38,"gold_loss":0},{"cards_removed":["Corruption"],"damage_healed":0,"gold_gain":0,"player_choice":"Removed Power","damage_taken":0,"max_hp_gain":0,"max_hp_loss":0,"event_name":"Falling","floor":44,"gold_loss":0}],"is_beta":false,"boss_relics":[{"not_picked":["Cursed Key","Kintsugi"],"picked":"Replay:Ancient Bell"},{"not_picked":["Vajra","Oddly Smooth Stone"],"picked":"Potion Belt"},{"not_picked":["Sundial","Chameleon Ring"],"picked":"Meat on the Bone"},{"not_picked":["Replay:PocketPolymizer","Champion Belt"],"picked":"Du-Vu Doll"},{"not_picked":["Black Blood","Ring of Chaos"],"picked":"Calling Bell"}],"items_purged_floors":[7],"is_endless":false,"potions_floor_spawned":[1,14,18,31,39,40,42,46,48],"ascension_level":0}}