{"host":"csp9nt53rootlkah","time":1610187633,"event":{"mods":["Act Like it!","BaseMod","Colored Powertips","Friendly Minions","Gensokyo","Highlight Path","Marisa（F雨　魔理沙）","Minty Spire (QoL Compilation)","Quick Restart","Replay The Spire","StSLib","TestMod","The Factory","The Jungle","UnlockEverythingMod","【遗物卡牌】REMEMod"],"gold_per_floor":[112,201,151,151,169,169,204,61,85,125,125,165,165,195,195,209,209],"floor_reached":16,"playtime":574,"items_purged":[],"score":130,"play_id":"a038ca2a-1313-4d56-8123-116665314115","local_time":"20210109182033","is_ascension_mode":true,"campfire_choices":[{"data":"TreasureHunter","floor":6.0,"key":"SMITH"},{"data":"Gensokyo:BlessingOfConstitution","floor":13.0,"key":"SMITH"}],"circlet_count":0,"master_deck":["Strike_MRS","Strike_MRS","Strike_MRS","Strike_MRS","Defend_MRS","Defend_MRS","Defend_MRS","Defend_MRS","MasterSpark","UpSweep","TreasureHunter+1","Robbery","GalacticHalo+1","Gensokyo:BlessingOfConstitution+1","Clumsy","EnergyRecoil"],"relics":["MiniHakkero","testmod-TestBox","REME_ComplimentaryCards","testmod-FatalChain","NeowsBlessing","Gensokyo:NagashiBinaDoll","Replay:Wax Seal","Lee\u0027s Waffle","Bronze Scales","Calipers"],"acts_visited":["Gensokyo:Gensokyo"],"potions_floor_usage":[],"damage_taken":[{"damage":0.0,"enemies":"Gensokyo:3_Fairies","floor":1.0,"turns":1.0},{"damage":0.0,"enemies":"Gensokyo:Gryphon","floor":5.0,"turns":1.0},{"damage":10.0,"enemies":"Gensokyo:Mamizou","floor":7.0,"turns":4.0},{"damage":3.0,"enemies":"Gensokyo:Cirno","floor":10.0,"turns":5.0},{"damage":0.0,"enemies":"Gensokyo:Python","floor":12.0,"turns":4.0},{"damage":9.0,"enemies":"Gensokyo:VengefulSpirit","floor":14.0,"turns":5.0},{"damage":85,"enemies":"Gensokyo:Kokoro","floor":16,"turns":14}],"seed_played":"-3254508628666471254","potions_obtained":[{"floor":10.0,"key":"Energy Potion"},{"floor":12.0,"key":"testmod-TestPotion"}],"is_trial":false,"path_per_floor":["M","?","?","?","M","R","E","$","T","E","?","M","R","M","R","B"],"character_chosen":"MARISA","items_purchased":["Lee\u0027s Waffle"],"campfire_rested":0,"item_purchase_floors":[8],"current_hp_per_floor":[75,57,57,57,57,57,47,82,82,79,79,79,79,70,82,0,0],"gold":209,"neow_bonus":"THREE_ENEMY_KILL","is_daily":false,"chose_seed":false,"campfire_upgraded":2,"win_rate":0.0,"timestamp":1610187633,"path_taken":["M","?","?","?","M","R","E","$","T","E","?","M","R","?","R","BOSS"],"items_purchased_type":["Relic"],"build_version":"2020-12-22","purchased_purges":0,"victory":false,"max_hp_per_floor":[75,75,75,75,75,75,75,82,82,82,82,82,82,82,82,82,82],"card_choices":[{"not_picked":["NonDirectionalLaser","6A"],"picked":"Robbery","floor":1.0},{"not_picked":["GravityBeat","PowerUp"],"picked":"GalacticHalo","floor":2.0},{"not_picked":["GrandCross","Occultation","IllusionStar"],"picked":"SKIP","floor":5.0},{"not_picked":["GalacticHalo","MagicAbsorber"],"picked":"EnergyRecoil","floor":7.0},{"not_picked":["LuminesStrike","WitchLeyline","SporeBomb"],"picked":"SKIP","floor":10.0},{"not_picked":["PowerUp","WitchLeyline","FinalSpark"],"picked":"SKIP","floor":12.0},{"not_picked":["PowerUp","WitchLeyline","FinalSpark"],"picked":"SKIP","floor":12.0},{"not_picked":["NonDirectionalLaser","ChargingUp","MilkyWay"],"picked":"SKIP","floor":14.0}],"player_experience":115961,"relics_obtained":[{"floor":7.0,"key":"Replay:Wax Seal"},{"floor":9.0,"key":"Bronze Scales"},{"floor":10.0,"key":"Calipers"}],"event_choices":[{"damage_healed":0.0,"max_hp_gain":0.0,"max_hp_loss":0.0,"gold_gain":0.0,"event_name":"给自己的盒子","player_choice":"Ignored","floor":11.0,"gold_loss":0.0,"damage_taken":0.0}],"is_beta":false,"boss_relics":[],"items_purged_floors":[],"is_endless":false,"potions_floor_spawned":[10,12],"killed_by":"Gensokyo:Kokoro","ascension_level":5}}