{"host":"bf9sa99gaumonoeu","time":1610231033,"event":{"mods":["AchievementEnabler","Act Like it!","BaseMod","Better Sensory Stone","Colored Map","Colored Powertips","Downfall","Friendly Minions","Gensokyo","GifTheSpireLib","Googly Eyes","Hallownest","Hermit","Jorbs\u0027s Wanderer Trilogy","KinomotoSakuraMod(????)","Koishi","Lobotomy","Marisa????????","Minty Spire (QoL Compilation)","Rare Cards Sparkle","Reimu??????","Relic Stats","Remilia??????","StSLib","The Administrix","The Animator","The Bug Knight","The Construct","The Cursed","The Disciple","The Hierophant","The Mystic","The Necromancer","The Poker Player","The Runesmith","The Senshi","The Servant 0.9.4","TheLocksmith"],"gold_per_floor":[99,111,126,145,160,173,173,204,215,234,134,145,176,188,205,309,309,309,328,352,380,147,107,107,131,172,195,195,225,325,337,353,455,455,455,473,491,154,166,196,223,123,123,123,123,157,57,200,216,216,216,242,47,47,47,67],"floor_reached":57,"playtime":7474,"items_purged":["hexamod:Defend","hexamod:Defend","hexamod:Defend","hexamod:Strike"],"score":1452,"play_id":"e8a04e00-4c2f-47ff-a1d6-595b4562fbba","local_time":"20210109202353","is_ascension_mode":true,"campfire_choices":[{"data":"hexamod:ShieldOfDarkness","floor":1,"key":"SMITH"},{"data":"hexamod:SwordOfDarkness","floor":11,"key":"SMITH"},{"data":"hexamod:Hexaguard","floor":18,"key":"SMITH"},{"data":"hexamod:Hexaguard","floor":28,"key":"SMITH"},{"data":"hexamod:UnleashSpirits","floor":35,"key":"SMITH"},{"data":"hexamod:WildfireWeapon","floor":42,"key":"SMITH"},{"floor":45,"key":"RECALL"},{"data":"Magnetism","floor":47,"key":"SMITH"},{"floor":54,"key":"REST"}],"circlet_count":0,"master_deck":["hexamod:Strike","hexamod:Strike","hexamod:Strike+1","hexamod:Defend+1","hexamod:Sear","hexamod:Float+1","hexamod:ShieldOfDarkness+1","hexamod:SwordOfDarkness+1","hexamod:AdvancingGuard+1","hexamod:Hexaguard+1","hexamod:ShieldOfDarkness+1","hexamod:RetreatToShadows+1","hexamod:GhostOfSpirePast+1","hexamod:Rewind","hexamod:RecurringNightmare+1","hexamod:DynamicBlow","hexamod:EmpoweredFlame+1","hexamod:Hexaguard+1","hexamod:WildfireWeapon+1","hexamod:UnleashSpirits+1","hexamod:Hexaguard","Impatience+1","hexamod:BacktrackSmack+1","hexamod:SearingWound","Discovery","Magnetism+1","hexamod:FlamesFromBeyond+1","hexamod:ExtraCrispy+1","Panache+1","expansioncontent:AwakenDeath+1","Parasite","hexamod:DynamicBlow+1","expansioncontent:Hexaburn+1"],"relics":["hexamod:SpiritBrand","Letter Opener","Matryoshka","downfall:HeartBlessingGreen","PreservedInsect","Philosopher\u0027s Stone","HandDrill","ZunR:ReiMu","HollowMod:PaleOreRelic","Vajra","Runesmith:AutoHammer","hexamod:TheBrokenSeal","Akabeko","PureWhite:ReiMu","HollowMod:StagPassRelic","Runesmith:UraniumAnvil","Membership Card","Dead Branch","theSenshi:SailorFukuRelic","downfall:HeartBlessingBlue","construct:RocketBooster","downfall:HeartBlessingRed","Pantograph","Oddly Smooth Stone"],"acts_visited":["Exordium","TheCity","TheBeyond","TheEnding"],"potions_floor_usage":[8,13,16,16,19,20,25,25,25,26,27,33,38,55],"damage_taken":[{"damage":0,"enemies":"Jaw Worm","floor":2,"turns":4},{"damage":0,"enemies":"2 Louse","floor":3,"turns":3},{"damage":0,"enemies":"Small Slimes","floor":4,"turns":3},{"damage":2,"enemies":"2 Fungi Beasts","floor":5,"turns":4},{"damage":0,"enemies":"Blue Slaver","floor":6,"turns":3},{"damage":19,"enemies":"Gremlin Nob","floor":8,"turns":5},{"damage":15,"enemies":"Exordium Thugs","floor":9,"turns":6},{"damage":0,"enemies":"3 Louse","floor":10,"turns":5},{"damage":0,"enemies":"Exordium Wildlife","floor":12,"turns":4},{"damage":0,"enemies":"3 Sentries","floor":13,"turns":7},{"damage":0,"enemies":"Looter","floor":14,"turns":3},{"damage":0,"enemies":"Large Slime","floor":15,"turns":4},{"damage":17,"enemies":"downfall:Defect","floor":16,"turns":12},{"damage":11,"enemies":"Shell Parasite","floor":19,"turns":6},{"damage":6,"enemies":"Snecko","floor":20,"turns":7},{"damage":31,"enemies":"Shelled Parasite and Fungi","floor":21,"turns":7},{"damage":0,"enemies":"downfall:FleeingMerchant","floor":22,"turns":4},{"damage":1,"enemies":"Centurion and Healer","floor":25,"turns":8},{"damage":8,"enemies":"Book of Stabbing","floor":26,"turns":6},{"damage":6,"enemies":"Snecko","floor":27,"turns":6},{"damage":3,"enemies":"Slavers","floor":29,"turns":5},{"damage":0,"enemies":"downfall:Watcher","floor":30,"turns":3},{"damage":0,"enemies":"Cultist and Chosen","floor":31,"turns":5},{"damage":0,"enemies":"Shelled Parasite and Fungi","floor":32,"turns":3},{"damage":13,"enemies":"downfall:Silent","floor":33,"turns":11},{"damage":0,"enemies":"3 Darklings","floor":36,"turns":6},{"damage":0,"enemies":"Orb Walker","floor":37,"turns":2},{"damage":0,"enemies":"downfall:FleeingMerchant","floor":38,"turns":4},{"damage":6,"enemies":"4 Shapes","floor":39,"turns":4},{"damage":5,"enemies":"Nemesis","floor":40,"turns":3},{"damage":0,"enemies":"Giant Head","floor":46,"turns":6},{"damage":0,"enemies":"downfall:FleeingMerchant","floor":48,"turns":2},{"damage":0,"enemies":"Writhing Mass","floor":49,"turns":3},{"damage":17,"enemies":"ArchetypeAct3BlockNewAge","floor":50,"turns":6},{"damage":20,"enemies":"downfall:CharBossMerchant","floor":52,"turns":4},{"damage":69,"enemies":"downfall:NeowBoss","floor":55,"turns":14},{"damage":5,"enemies":"downfall:NeowBossFinal","floor":56,"turns":7}],"seed_played":"-6637851423461290395","potions_obtained":[{"floor":2,"key":"ColorlessPotion"},{"floor":3,"key":"DistilledChaos"},{"floor":8,"key":"MagicPotion:ReiMu"},{"floor":12,"key":"Fire Potion"},{"floor":15,"key":"SpeedPotion"},{"floor":16,"key":"LiquidMemories"},{"floor":16,"key":"SkillPotion"},{"floor":19,"key":"EntropicBrew"},{"floor":20,"key":"construct:ShiftPotion"},{"floor":25,"key":"Explosive Potion"},{"floor":25,"key":"Explosive Potion"},{"floor":26,"key":"PowerPotion"},{"floor":27,"key":"ZuzhouPotion:ReiMu"},{"floor":31,"key":"DistilledChaos"},{"floor":33,"key":"Energy Potion"},{"floor":36,"key":"AttackPotion"},{"floor":39,"key":"hexamod:SoulburnPotion"},{"floor":49,"key":"FairyPotion"}],"is_trial":false,"path_per_floor":["R","M","M","M","M","M","T","E","M","M","R","M","E","M","M","B",null,"R","M","M","M","$","?","T","M","E","M","R","E","?","M","M","B",null,"R","M","M","$","M","E","T","R","?","?","R","E","R","$","M","B",null,"E","$","R","B","B",null],"character_chosen":"THE_SPIRIT","items_purchased":["HandDrill","Membership Card","Impatience","Fruit Juice","hexamod:BacktrackSmack","Panache","expansioncontent:AwakenDeath","Oddly Smooth Stone","expansioncontent:Hexaburn"],"campfire_rested":1,"item_purchase_floors":[22,38,38,38,38,48,48,53,53],"current_hp_per_floor":[70,70,70,70,68,68,68,49,34,34,34,34,34,34,34,17,70,70,59,53,22,22,22,22,21,20,80,80,77,77,77,77,64,80,80,80,80,85,79,74,74,84,84,84,84,84,84,84,84,67,95,75,75,95,26,46],"gold":67,"neow_bonus":"THREE_CARDS","is_daily":false,"chose_seed":false,"campfire_upgraded":7,"win_rate":0.0,"timestamp":1610231033,"path_taken":["R","M","M","M","M","M","T","E","M","M","R","M","E","M","M","BOSS","R","M","M","M","$","?","T","M","E","M","R","E","?","M","M","BOSS","R","M","M","$","M","E","T","R","?","?","R","E","R","$","M","BOSS","E","$","R","BOSS","BOSS"],"items_purchased_type":["Relic","Relic","Card","Potion","Card","Card","Card","Relic","Card"],"build_version":"2020-12-22","purchased_purges":4,"victory":true,"max_hp_per_floor":[70,70,70,70,70,70,70,70,70,70,70,70,70,70,70,70,70,70,70,70,70,70,70,70,70,70,80,80,80,80,80,80,80,80,80,80,80,85,85,85,85,95,95,95,95,95,95,95,95,95,95,95,95,95,95,95],"relic_stats":{"counters":[37,195],"Dead Branch":[88],"Pantograph":25,"PreservedInsect":498,"HandDrill":[102],"Letter Opener":[443],"obtain_stats":[{"construct:RocketBooster":46,"downfall:HeartBlessingRed":47,"Dead Branch":40,"ZunR:ReiMu":23,"Vajra":24,"hexamod:TheBrokenSeal":27,"Oddly Smooth Stone":53,"downfall:HeartBlessingGreen":11,"PreservedInsect":13,"Letter Opener":7,"HollowMod:StagPassRelic":30,"Akabeko":29,"PureWhite:ReiMu":30,"Matryoshka":8,"downfall:HeartBlessingBlue":42,"Pantograph":52,"Runesmith:UraniumAnvil":34,"Philosopher\u0027s Stone":17,"HandDrill":22,"HollowMod:PaleOreRelic":24,"Runesmith:AutoHammer":26,"Membership Card":38,"theSenshi:SailorFukuRelic":41,"hexamod:SpiritBrand":0},{"construct:RocketBooster":31,"downfall:HeartBlessingRed":31,"Dead Branch":30,"ZunR:ReiMu":17,"Vajra":17,"hexamod:TheBrokenSeal":20,"Oddly Smooth Stone":35,"downfall:HeartBlessingGreen":8,"PreservedInsect":10,"Letter Opener":5,"HollowMod:StagPassRelic":22,"Akabeko":21,"PureWhite:ReiMu":22,"Matryoshka":6,"downfall:HeartBlessingBlue":30,"Pantograph":35,"Runesmith:UraniumAnvil":25,"Philosopher\u0027s Stone":13,"HandDrill":17,"HollowMod:PaleOreRelic":17,"Runesmith:AutoHammer":19,"Membership Card":28,"theSenshi:SailorFukuRelic":30,"hexamod:SpiritBrand":0},{"construct:RocketBooster":159,"downfall:HeartBlessingRed":159,"Dead Branch":153,"ZunR:ReiMu":87,"Vajra":87,"hexamod:TheBrokenSeal":106,"Oddly Smooth Stone":174,"downfall:HeartBlessingGreen":33,"PreservedInsect":44,"Letter Opener":17,"HollowMod:StagPassRelic":115,"Akabeko":112,"PureWhite:ReiMu":115,"Matryoshka":22,"downfall:HeartBlessingBlue":153,"Pantograph":174,"Runesmith:UraniumAnvil":134,"Philosopher\u0027s Stone":63,"HandDrill":87,"HollowMod:PaleOreRelic":87,"Runesmith:AutoHammer":101,"Membership Card":146,"theSenshi:SailorFukuRelic":153,"hexamod:SpiritBrand":0}]},"card_choices":[{"not_picked":["hexamod:GhostShield","hexamod:InspiringFlames"],"picked":"hexamod:ShieldOfDarkness","floor":0},{"not_picked":["hexamod:SpectralSpark","hexamod:SkipABeat","hexamod:HeatShield"],"picked":"SKIP","floor":2},{"not_picked":["hexamod:ShieldOfDarkness","hexamod:FastForward"],"picked":"hexamod:SwordOfDarkness","floor":3},{"not_picked":["hexamod:ThermalTransfer","hexamod:Again"],"picked":"hexamod:AdvancingGuard","floor":4},{"not_picked":["hexamod:InspiringFlames","hexamod:RadiantFlame","hexamod:SwordOfDarkness"],"picked":"SKIP","floor":5},{"not_picked":["hexamod:NightmareGuise","hexamod:SpectersWail"],"picked":"hexamod:Hexaguard","floor":6},{"not_picked":["hexamod:GhostLash","hexamod:HauntingEcho"],"picked":"hexamod:ShieldOfDarkness","floor":8},{"not_picked":["hexamod:AdvancingGuard","hexamod:InspiringFlames"],"picked":"hexamod:RetreatToShadows","floor":9},{"not_picked":["hexamod:ShieldOfDarkness","hexamod:RecurringNightmare","hexamod:InspiringFlames"],"picked":"SKIP","floor":10},{"not_picked":["hexamod:NightmareGuise","hexamod:EtherealExpedition"],"picked":"hexamod:GhostOfSpirePast","floor":12},{"not_picked":["hexamod:SwordOfDarkness","hexamod:HauntingEcho"],"picked":"hexamod:FifthSeal","floor":13},{"not_picked":["hexamod:SwordOfDarkness","hexamod:ShieldOfDarkness","hexamod:Firestarter"],"picked":"SKIP","floor":14},{"not_picked":["hexamod:FirstSeal","hexamod:SixthSeal"],"picked":"hexamod:FourthSeal","floor":15},{"not_picked":["hexamod:HeatCrush","hexamod:StepThrough"],"picked":"hexamod:Rewind","floor":15},{"not_picked":["hexamod:HexaLevel","hexamod:GhostflameInferno"],"picked":"hexamod:SixthSeal","floor":16},{"not_picked":["hexamod:ShieldOfDarkness","hexamod:NightmareGuise"],"picked":"hexamod:SecondSeal","floor":19},{"not_picked":["hexamod:HeatCrush","hexamod:HeatShield","hexamod:NightmareStrike"],"picked":"SKIP","floor":20},{"not_picked":["hexamod:BurningTouch","hexamod:ShieldOfDarkness","hexamod:NightmareGuise+1"],"picked":"SKIP","floor":21},{"not_picked":["hexamod:FourthSeal","hexamod:SixthSeal"],"picked":"hexamod:ThirdSeal","floor":22},{"not_picked":["hexamod:HauntingEcho","hexamod:GhostLash"],"picked":"hexamod:RecurringNightmare+1","floor":22},{"not_picked":["hexamod:SecondSeal","hexamod:ThirdSeal"],"picked":"hexamod:FirstSeal","floor":25},{"not_picked":["hexamod:SpectersWail","hexamod:HauntingEcho+1"],"picked":"hexamod:DynamicBlow","floor":25},{"not_picked":["hexamod:AdvancingGuard","hexamod:PowerFromBeyond"],"picked":"hexamod:EmpoweredFlame","floor":25},{"not_picked":["hexamod:SkipABeat","hexamod:ThermalTransfer"],"picked":"hexamod:Hexaguard","floor":26},{"not_picked":["hexamod:SixthSeal","hexamod:ThirdSeal","hexamod:FourthSeal"],"picked":"SKIP","floor":26},{"not_picked":["hexamod:BacktrackSmack+1","hexamod:NightmareGuise"],"picked":"hexamod:WildfireWeapon","floor":27},{"not_picked":["hexamod:ThermalTransfer","hexamod:NightmareGuise+1","hexamod:FastForward"],"picked":"SKIP","floor":29},{"not_picked":["hexamod:NightmareStrike","hexamod:BurningTouch","hexamod:HauntingEcho"],"picked":"SKIP","floor":31},{"not_picked":["hexamod:HeatShield","hexamod:GhostShield+1","hexamod:SpectralSpark"],"picked":"SKIP","floor":32},{"not_picked":["hexamod:EmpoweringStance","hexamod:CrushingStance"],"picked":"hexamod:UnleashSpirits","floor":33},{"not_picked":["hexamod:RetreatToShadows+1","hexamod:AdvancingGuard+1"],"picked":"hexamod:Hexaguard","floor":36},{"not_picked":["hexamod:SwordOfDarkness","hexamod:NightmareGuise+1","hexamod:FirstSeal"],"picked":"SKIP","floor":37},{"not_picked":["hexamod:SwordOfDarkness+1","hexamod:AdvancingGuard","hexamod:NightmareGuise"],"picked":"SKIP","floor":38},{"not_picked":["hexamod:Hexaguard","hexamod:HeatMetal"],"picked":"hexamod:SearingWound","floor":39},{"not_picked":["hexamod:HauntingEcho","hexamod:NightmareGuise","hexamod:InspiringFlames+1"],"picked":"SKIP","floor":40},{"not_picked":["Madness","Forethought"],"picked":"Discovery","floor":43},{"not_picked":["PanicButton","HandOfGreed"],"picked":"Magnetism","floor":43},{"not_picked":["hexamod:HeatCrush+1","hexamod:NightmareStrike"],"picked":"hexamod:FlamesFromBeyond+1","floor":46},{"not_picked":["hexamod:SpectralSpark","hexamod:NightmareStrike"],"picked":"hexamod:ExtraCrispy","floor":48},{"not_picked":["hexamod:CatchUp","hexamod:NightmareStrike+1","hexamod:GhostOfSpireFuture"],"picked":"SKIP","floor":49},{"not_picked":["hexamod:HeatCrush","hexamod:SoulSteal+1"],"picked":"hexamod:DynamicBlow+1","floor":52}],"player_experience":909372,"relics_obtained":[{"floor":7,"key":"Letter Opener"},{"floor":8,"key":"Matryoshka"},{"floor":13,"key":"PreservedInsect"},{"floor":24,"key":"HollowMod:PaleOreRelic"},{"floor":24,"key":"Vajra"},{"floor":26,"key":"Runesmith:AutoHammer"},{"floor":29,"key":"Akabeko"},{"floor":30,"key":"PureWhite:ReiMu"},{"floor":30,"key":"HollowMod:StagPassRelic"},{"floor":40,"key":"Dead Branch"},{"floor":41,"key":"theSenshi:SailorFukuRelic"},{"floor":46,"key":"construct:RocketBooster"},{"floor":52,"key":"Pantograph"}],"event_choices":[{"damage_healed":0,"gold_gain":0,"player_choice":"Keep O-miki","damage_taken":0,"relics_obtained":["ZunR:ReiMu"],"max_hp_gain":0,"max_hp_loss":0,"event_name":"ZunEvent","floor":23,"gold_loss":40},{"damage_healed":0,"gold_gain":3,"player_choice":"1","damage_taken":0,"max_hp_gain":0,"max_hp_loss":0,"event_name":"betterStone:BetterStone","floor":43,"gold_loss":0}],"is_beta":false,"boss_relics":[{"not_picked":["Cursed Key","Velvet Choker"],"picked":"Philosopher\u0027s Stone"},{"not_picked":["Calling Bell","Runic Dome"],"picked":"Runesmith:UraniumAnvil"}],"items_purged_floors":[22,38,48,53],"is_endless":false,"potions_floor_spawned":[2,3,8,12,15,16,25,26,27,29,31,33,36,37,39,49],"ascension_level":2}}