{"host":"08t08ld674si40tv","time":1610177162,"event":{"mods":["AchievementEnabler","BaseMod","Colored Map","Minty Spire (QoL Compilation)","StSLib","SuperFastMode"],"gold_per_floor":[118,63,81,96,21,21,21,35,35,64,64,75,109,109,109,181,181,196,466,479,490,500,500,500,500],"floor_reached":24,"playtime":660,"items_purged":["Defend_G"],"score":416,"play_id":"82b2eaa9-1834-47c6-bae9-ee33e373048f","local_time":"20210109162602","is_ascension_mode":true,"campfire_choices":[{"data":"Deadly Poison","floor":6.0,"key":"SMITH"},{"floor":11.0,"key":"REST"},{"data":"Crippling Poison","floor":15.0,"key":"SMITH"},{"floor":23,"key":"REST"}],"circlet_count":0,"master_deck":["AscendersBane","Strike_G","Strike_G","Strike_G","Defend_G","Defend_G","Defend_G","Defend_G","Survivor","Neutralize","Backstab","Blade Dance","Backflip","Deadly Poison+1","Crippling Poison+1","Reflex","Venomology"],"relics":["Ring of the Snake","Black Star","Gambling Chip","Regal Pillow","Eternal Feather","CaptainsWheel","Strawberry","Bottled Lightning","Runic Pyramid"],"acts_visited":["Exordium","TheCity"],"potions_floor_usage":[22,22,22,24,24],"damage_taken":[{"damage":8.0,"enemies":"Jaw Worm","floor":1.0,"turns":4.0},{"damage":0.0,"enemies":"Cultist","floor":3.0,"turns":3.0},{"damage":0.0,"enemies":"2 Louse","floor":4.0,"turns":2.0},{"damage":0.0,"enemies":"Red Slaver","floor":8.0,"turns":3.0},{"damage":27.0,"enemies":"3 Sentries","floor":10.0,"turns":9.0},{"damage":8.0,"enemies":"Lots of Slimes","floor":12.0,"turns":3.0},{"damage":2.0,"enemies":"Lagavulin","floor":13.0,"turns":5.0},{"damage":15.0,"enemies":"The Guardian","floor":16.0,"turns":11.0},{"damage":12.0,"enemies":"2 Thieves","floor":18.0,"turns":4.0},{"damage":14.0,"enemies":"Shell Parasite","floor":20.0,"turns":4.0},{"damage":1.0,"enemies":"Snecko","floor":21.0,"turns":5.0},{"damage":10,"enemies":"Snake Plant","floor":22,"turns":4},{"damage":54,"enemies":"Book of Stabbing","floor":24,"turns":5}],"seed_played":"3654548318752486708","potions_obtained":[{"floor":1.0,"key":"Fruit Juice"},{"floor":8.0,"key":"Weak Potion"},{"floor":12.0,"key":"Poison Potion"},{"floor":21.0,"key":"Fruit Juice"},{"floor":22,"key":"Block Potion"}],"is_trial":false,"path_per_floor":["M","$","M","M","$","R","?","M","T","E","R","M","E","?","R","B",null,"M","?","M","M","M","R","E"],"character_chosen":"THE_SILENT","items_purchased":["Blade Dance"],"campfire_rested":2,"item_purchase_floors":[2],"current_hp_per_floor":[51,56,56,56,56,56,56,56,56,29,65,57,62,55,64,49,66,54,27,13,12,7,54,0,0],"gold":500,"neow_bonus":"ONE_RARE_RELIC","is_daily":false,"chose_seed":false,"campfire_upgraded":2,"win_rate":0.0,"timestamp":1610177162,"path_taken":["M","$","M","M","$","R","?","?","T","E","R","M","E","?","R","BOSS","M","?","?","M","M","R","E"],"items_purchased_type":["Card"],"build_version":"2020-12-22","purchased_purges":1,"victory":false,"max_hp_per_floor":[60,65,65,65,65,65,65,65,65,65,65,65,72,72,72,72,72,72,72,72,72,77,77,77,77],"card_choices":[{"not_picked":["Distraction","Flying Knee"],"picked":"Backstab","floor":1.0},{"not_picked":["Slice","Flying Knee"],"picked":"Backflip","floor":3.0},{"not_picked":["Sucker Punch","Catalyst"],"picked":"Deadly Poison","floor":4.0},{"not_picked":["Blade Dance","Flechettes","Sucker Punch"],"picked":"SKIP","floor":8.0},{"not_picked":["Dodge and Roll","Prepared"],"picked":"Crippling Poison","floor":10.0},{"not_picked":["Unload","Quick Slash","Poisoned Stab"],"picked":"SKIP","floor":12.0},{"not_picked":["Night Terror","Cloak And Dagger"],"picked":"Reflex","floor":13.0},{"not_picked":["Die Die Die","Unload"],"picked":"Venomology","floor":16.0},{"not_picked":["Endless Agony","Dagger Throw","Underhanded Strike"],"picked":"SKIP","floor":18.0},{"not_picked":["Quick Slash+1","Slice","Underhanded Strike"],"picked":"SKIP","floor":20.0},{"not_picked":["All Out Attack","Well Laid Plans","Backflip"],"picked":"SKIP","floor":21.0},{"not_picked":["Slice","Accuracy","Blade Dance+1"],"picked":"SKIP","floor":22}],"player_experience":204589,"relics_obtained":[{"floor":9.0,"key":"Regal Pillow"},{"floor":10.0,"key":"Eternal Feather"},{"floor":10.0,"key":"CaptainsWheel"},{"floor":13.0,"key":"Strawberry"},{"floor":13.0,"key":"Bottled Lightning"}],"event_choices":[{"cards_removed":["Strike_G"],"damage_healed":0.0,"max_hp_gain":0.0,"max_hp_loss":0.0,"gold_gain":0.0,"event_name":"Wheel of Change","player_choice":"Card Removal","floor":7.0,"gold_loss":0.0,"damage_taken":0.0},{"cards_removed":["Strike_G"],"damage_healed":0.0,"max_hp_gain":0.0,"max_hp_loss":0.0,"gold_gain":0.0,"event_name":"Golden Wing","player_choice":"Card Removal","floor":14.0,"gold_loss":0.0,"damage_taken":7.0},{"damage_healed":0.0,"max_hp_gain":0.0,"max_hp_loss":0.0,"gold_gain":270.0,"event_name":"Knowing Skull","player_choice":"GOLD GOLD GOLD ","floor":19.0,"potions_obtained":[],"gold_loss":0.0,"damage_taken":27.0,"cards_obtained":[]}],"is_beta":false,"boss_relics":[{"not_picked":["WristBlade","Black Star"],"picked":"Runic Pyramid"}],"items_purged_floors":[5],"is_endless":false,"potions_floor_spawned":[1,8,12,21,22],"killed_by":"Book of Stabbing","ascension_level":20}}