{"host":"r9v0g0iwbsx9dzwu","time":1610188203,"event":{"mods":["Act Like it!","Arknights The Spire","BaseMod","Minty Spire (QoL Compilation)","MostiFishMod","StSLib","TestMod","[IsaacMod]ÒÔÈö¼âËþ"],"gold_per_floor":[111,128,142,67,67,96,96,129,129,155,155,168,179,208,208,283,-1117,-999,-999,-999,-999,-999,-964,-964,-932,-932,-917,-917,-906,-876,-863,-863,-788,-788,-778,-778,-767,-747,-736,-706,-686,-686,-663,-648,-617,-617,-617,-590,-590,-590,-590,-590,-590,-590,-556,-543],"floor_reached":57,"playtime":2152,"items_purged":["Defend_P","Strike_P","Strike_P"],"score":3940,"play_id":"d6ff9ad2-e3b0-4355-8506-edfecb245816","local_time":"20210109183003","is_ascension_mode":true,"campfire_choices":[{"data":"Conclude","floor":7.0,"key":"SMITH"},{"data":"FearNoEvil","floor":11.0,"key":"SMITH"},{"floor":15.0,"key":"RECALL"},{"data":"MostiFishMod:Pointsdynamics","floor":28.0,"key":"SMITH"},{"data":"Tantrum","floor":32.0,"key":"SMITH"},{"data":"Fasting2","floor":42.0,"key":"SMITH"},{"data":"MentalFortress","floor":49.0,"key":"SMITH"},{"data":"MostiFishMod:Adaptation","floor":53.0,"key":"SMITH"}],"circlet_count":0,"master_deck":["AscendersBane","Defend_P","Defend_P","Defend_P","Eruption+1","Vigilance","Conclude+1","FearNoEvil+1","MostiFishMod:DustFall","MostiFishMod:Pointsdynamics+1","DevaForm","Tantrum+1","PathToVictory","MostiFishMod:Adaptation+1","MentalFortress+1","Fasting2+1","FlurryOfBlows+1","Impervious","Sanctity"],"relics":["PureWater","DaveBox","HushsDoor","testmod-TestBox","testmod-Mahjong","BookofShadows","BionicSphere","NeowsBlessing","Juzu Bracelet","testmod-HeartOfDaVinci","testmod-IndustrialRevolution","Odd Mushroom","SynthV:MejaisSoulstealer","JudasShadow","HowToJump","TheBible","Bottled Tornado","Matryoshka","Smiling Mask","Du-Vu Doll","Bronze Scales","testmod-CardMagician","BelialBook","PreservedInsect","Lantern","Damaru","Pantograph","Red Skull","Bird Faced Urn","DaCapo"],"acts_visited":["Exordium","TheCity","TheBeyond","TheEnding"],"potions_floor_usage":[55],"damage_taken":[{"damage":0.0,"enemies":"Cultist","floor":1.0,"turns":1.0},{"damage":0.0,"enemies":"2 Louse","floor":2.0,"turns":2.0},{"damage":0.0,"enemies":"Small Slimes","floor":3.0,"turns":1.0},{"damage":0.0,"enemies":"3 Sentries","floor":6.0,"turns":3.0},{"damage":0.0,"enemies":"Lagavulin","floor":8.0,"turns":5.0},{"damage":0.0,"enemies":"Gremlin Nob","floor":10.0,"turns":3.0},{"damage":0.0,"enemies":"Looter","floor":12.0,"turns":2.0},{"damage":0.0,"enemies":"Gremlin Gang","floor":13.0,"turns":3.0},{"damage":0.0,"enemies":"The Mushroom Lair","floor":14.0,"turns":3.0},{"damage":0.0,"enemies":"The Guardian","floor":16.0,"turns":7.0},{"damage":0.0,"enemies":"Spheric Guardian","floor":18.0,"turns":6.0},{"damage":0.0,"enemies":"Slavers","floor":23.0,"turns":4.0},{"damage":0.0,"enemies":"Book of Stabbing","floor":25.0,"turns":4.0},{"damage":0.0,"enemies":"3 Byrds","floor":27.0,"turns":2.0},{"damage":0.0,"enemies":"Snake Plant","floor":29.0,"turns":3.0},{"damage":0.0,"enemies":"Slavers","floor":30.0,"turns":2.0},{"damage":0.0,"enemies":"3 Cultists","floor":31.0,"turns":3.0},{"damage":0.0,"enemies":"Automaton","floor":33.0,"turns":3.0},{"damage":0.0,"enemies":"Orb Walker","floor":35.0,"turns":2.0},{"damage":0.0,"enemies":"3 Shapes","floor":37.0,"turns":2.0},{"damage":0.0,"enemies":"Jaw Worm Horde","floor":38.0,"turns":2.0},{"damage":0.0,"enemies":"3 Darklings","floor":39.0,"turns":2.0},{"damage":0.0,"enemies":"Reptomancer","floor":40.0,"turns":3.0},{"damage":0.0,"enemies":"Transient","floor":41.0,"turns":5.0},{"damage":0.0,"enemies":"Jaw Worm Horde","floor":44.0,"turns":2.0},{"damage":0.0,"enemies":"Giant Head","floor":45.0,"turns":2.0},{"damage":0.0,"enemies":"Nemesis","floor":48.0,"turns":3.0},{"damage":0.0,"enemies":"Time Eater","floor":50.0,"turns":5.0},{"damage":0.0,"enemies":"Donu and Deca","floor":51.0,"turns":5.0},{"damage":0,"enemies":"Shield and Spear","floor":55,"turns":2},{"damage":0,"enemies":"Delirium","floor":56,"turns":16}],"seed_played":"-5622181792395977135","potions_obtained":[{"floor":3.0,"key":"GamblersBrew"},{"floor":6.0,"key":"Block Potion"},{"floor":23.0,"key":"Dexterity Potion"},{"floor":25.0,"key":"SkillPotion"},{"floor":35.0,"key":"DuplicationPotion"}],"is_trial":false,"path_per_floor":["M","M","M","$","?","E","R","E","T","E","R","M","M","?","R","B",null,"M","?","T","$","?","E","$","E","T","M","R","M","E","M","R","B",null,"M","?","M","M","M","E","M","R","T","M","E","?","?","E","R","B","B",null,"R","$","E","B",null],"character_chosen":"WATCHER","items_purchased":["JudasShadow","MostiFishMod:CyberBuddha","BelialBook"],"campfire_rested":0,"item_purchase_floors":[17,17,34],"current_hp_per_floor":[61,61,61,61,61,61,61,61,61,61,61,61,61,61,61,62,46,46,31,31,31,31,31,31,32,32,32,32,32,32,32,32,32,29,29,25,25,25,25,25,28,28,28,28,28,13,13,13,13,29,29,29,29,29,29,29],"gold":-543,"neow_bonus":"THREE_ENEMY_KILL","is_daily":false,"chose_seed":false,"campfire_upgraded":7,"win_rate":0.0,"timestamp":1610188203,"path_taken":["M","?","M","$","?","E","R","E","T","E","R","M","M","?","R","BOSS","M","?","?","$","?","E","$","E","T","M","R","M","E","M","R","BOSS","M","?","M","M","M","E","M","R","T","M","E","?","?","E","R","BOSS","BOSS","R","$","E","BOSS"],"items_purchased_type":["Relic","Card","Relic"],"build_version":"2020-12-22","purchased_purges":3,"victory":true,"max_hp_per_floor":[68,68,68,68,68,68,68,68,68,68,68,68,68,68,68,68,46,46,46,46,46,46,46,46,46,46,46,46,46,46,46,46,46,29,29,29,29,29,29,29,29,29,29,29,29,29,29,29,29,29,29,29,29,29,29,29],"card_choices":[{"not_picked":[],"picked":"Bomb","floor":0.0},{"not_picked":["EmptyFist","ThirdEye"],"picked":"Bomb","floor":1.0},{"not_picked":["CutThroughFate","Vengeance"],"picked":"Conclude","floor":2.0},{"not_picked":["WreathOfFlame","MostiFishMod:FlowState","CutThroughFate"],"picked":"SKIP","floor":3.0},{"not_picked":["ThirdEye","Perseverance"],"picked":"Bomb","floor":6.0},{"not_picked":["Worship","Prostrate"],"picked":"FearNoEvil","floor":8.0},{"not_picked":["MostiFishMod:Clarity","PathToVictory"],"picked":"MostiFishMod:DustFall","floor":10.0},{"not_picked":["LikeWater","Prostrate","EmptyBody"],"picked":"SKIP","floor":12.0},{"not_picked":["Prostrate","MostiFishMod:Nomercy","Nirvana"],"picked":"SKIP","floor":13.0},{"not_picked":["Establishment","MostiFishMod:OutWit"],"picked":"MostiFishMod:Pointsdynamics","floor":16.0},{"not_picked":["WheelKick","FollowUp","CutThroughFate"],"picked":"SKIP","floor":18.0},{"not_picked":["ThirdEye+1","WheelKick"],"picked":"DevaForm","floor":23.0},{"not_picked":["CarveReality","BowlingBash"],"picked":"Tantrum","floor":25.0},{"not_picked":["BowlingBash","CutThroughFate"],"picked":"PathToVictory","floor":27.0},{"not_picked":["ClearTheMind","Prostrate","Halt"],"picked":"SKIP","floor":29.0},{"not_picked":["CutThroughFate","SignatureMove","Halt"],"picked":"SKIP","floor":30.0},{"not_picked":["Weave","MostiFishMod:FlowState","MostiFishMod:Clarity"],"picked":"SKIP","floor":31.0},{"not_picked":["MostiFishMod:Moonprays","MostiFishMod:StarHerder"],"picked":"MostiFishMod:Adaptation","floor":33.0},{"not_picked":["CarveReality","FearNoEvil+1","EmptyBody+1"],"picked":"SKIP","floor":35.0},{"not_picked":["Consecrate+1","Sanctity"],"picked":"MentalFortress","floor":37.0},{"not_picked":["LikeWater","Crescendo+1","Evaluate+1"],"picked":"SKIP","floor":38.0},{"not_picked":["Nirvana","EmptyFist","SashWhip"],"picked":"SKIP","floor":39.0},{"not_picked":["EmptyFist","BowlingBash","Fasting2"],"picked":"SKIP","floor":40.0},{"not_picked":["EmptyFist","BowlingBash"],"picked":"Fasting2","floor":40.0},{"not_picked":["CarveReality","Crescendo","MostiFishMod:Speedup"],"picked":"SKIP","floor":41.0},{"not_picked":["CarveReality","Crescendo","MostiFishMod:Speedup"],"picked":"SKIP","floor":41.0},{"not_picked":["FearNoEvil","MostiFishMod:Clarity"],"picked":"FlurryOfBlows+1","floor":44.0},{"not_picked":["MostiFishMod:DisColor","ReachHeaven","MostiFishMod:Nomercy"],"picked":"SKIP","floor":45.0},{"not_picked":["BowlingBash","Consecrate","Halt"],"picked":"SKIP","floor":48.0},{"not_picked":["Adaptation","FlyingSleeves"],"picked":"Sanctity","floor":55}],"player_experience":8072,"relics_obtained":[{"floor":6.0,"key":"Juzu Bracelet"},{"floor":8.0,"key":"testmod-HeartOfDaVinci"},{"floor":10.0,"key":"testmod-IndustrialRevolution"},{"floor":14.0,"key":"Odd Mushroom"},{"floor":20.0,"key":"TheBible"},{"floor":23.0,"key":"Bottled Tornado"},{"floor":25.0,"key":"Matryoshka"},{"floor":26.0,"key":"Smiling Mask"},{"floor":26.0,"key":"Du-Vu Doll"},{"floor":30.0,"key":"Bronze Scales"},{"floor":40.0,"key":"PreservedInsect"},{"floor":43.0,"key":"Lantern"},{"floor":43.0,"key":"Damaru"},{"floor":45.0,"key":"Pantograph"},{"floor":48.0,"key":"Bird Faced Urn"},{"floor":55,"key":"DaCapo"}],"event_choices":[{"damage_healed":0.0,"max_hp_gain":0.0,"max_hp_loss":0.0,"gold_gain":0.0,"event_name":"Upgrade Shrine","player_choice":"Upgraded","floor":5.0,"gold_loss":0.0,"damage_taken":0.0,"cards_upgraded":["Eruption"]},{"damage_healed":0.0,"max_hp_gain":0.0,"max_hp_loss":0.0,"gold_gain":0.0,"event_name":"Mushrooms","player_choice":"Fought Mushrooms","floor":14.0,"gold_loss":0.0,"damage_taken":0.0},{"cards_removed":["Strike_P"],"damage_healed":0.0,"max_hp_gain":0.0,"max_hp_loss":0.0,"gold_gain":0.0,"event_name":"Purifier","player_choice":"Purged","floor":22.0,"gold_loss":0.0,"damage_taken":0.0},{"damage_healed":0.0,"max_hp_gain":0.0,"max_hp_loss":0.0,"gold_gain":0.0,"event_name":"Wheel of Change","player_choice":"Damaged","floor":36.0,"gold_loss":0.0,"damage_taken":4.0},{"cards_removed":["Strike_P"],"damage_healed":0.0,"max_hp_gain":0.0,"max_hp_loss":0.0,"gold_gain":0.0,"event_name":"Bonfire Elementals","player_choice":"Offered Basic","floor":47.0,"gold_loss":0.0,"damage_taken":0.0}],"is_beta":false,"boss_relics":[{"not_picked":["HaiYi:Twilight","OneHitWonderSystem"],"picked":"SynthV:MejaisSoulstealer"},{"not_picked":[]},{"not_picked":["testmod-KeyOfTheVoid","Inserter"],"picked":"testmod-CardMagician"},{"not_picked":[]}],"items_purged_floors":[4,17,34],"is_endless":false,"potions_floor_spawned":[3,6,10,18,23,25,31,33,35,39,44,48],"ascension_level":20}}