{"host":"4axoa1rfjgnprp9l","time":1610215266,"event":{"mods":["2.2 Compatiblity","AchievementEnabler","BaseMod","Colored Map","DeckTracker","Highlight Path","Minty Spire (QoL Compilation)","Permanent Neow","StSLib","SuperFastMode"],"gold_per_floor":[18,33,44,63,75,100,130,142,154,166,103,135,176,67,67,139,139,151,163,194,211,136,171,171,206,232,232,232,246,246,280,280,357,357,377,390,49,68,93,93,108,43,66,66,80,114,114,146,146,146,146],"floor_reached":52,"playtime":11262,"items_purged":["Strike_R","Defend_R"],"score":1864,"play_id":"801c583a-e4f9-4c55-b710-17e735ec3396","local_time":"20210110030106","is_ascension_mode":true,"campfire_choices":[{"data":"Twin Strike","floor":8.0,"key":"SMITH"},{"data":"Shockwave","floor":10.0,"key":"SMITH"},{"data":"Bludgeon","floor":15.0,"key":"SMITH"},{"data":"Whirlwind","floor":24.0,"key":"SMITH"},{"data":"Double Tap","floor":27.0,"key":"SMITH"},{"data":"Inflame","floor":30.0,"key":"SMITH"},{"floor":32.0,"key":"REST"},{"data":"Limit Break","floor":40.0,"key":"SMITH"},{"data":"Offering","floor":44.0,"key":"SMITH"},{"data":"True Grit","floor":47.0,"key":"SMITH"},{"data":"Power Through","floor":49.0,"key":"SMITH"}],"circlet_count":0,"master_deck":["AscendersBane","Defend_R","Defend_R","Bash","Disarm","Flame Barrier","Shockwave+1","Twin Strike+1","Sentinel","Battle Trance","Shrug It Off","Bludgeon+1","Inflame+1","Double Tap+1","Whirlwind+1","Warcry+1","Limit Break+1","True Grit+1","Shrug It Off","Offering+1","Impervious","Power Through+1","Ghostly Armor"],"relics":["Black Blood","MawBank","The Courier","MealTicket","Velvet Choker","Red Mask","Orichalcum","Magic Flower","Boot","Vajra","Strange Spoon","Omamori","Champion Belt","Juzu Bracelet","Potion Belt","Centennial Puzzle"],"acts_visited":["Exordium","TheCity","TheBeyond"],"potions_floor_usage":[51,51],"damage_taken":[{"damage":12.0,"enemies":"Small Slimes","floor":1.0,"turns":6.0},{"damage":5.0,"enemies":"Jaw Worm","floor":2.0,"turns":7.0},{"damage":7.0,"enemies":"2 Louse","floor":3.0,"turns":4.0},{"damage":23.0,"enemies":"Large Slime","floor":4.0,"turns":11.0},{"damage":13.0,"enemies":"Lots of Slimes","floor":5.0,"turns":5.0},{"damage":26.0,"enemies":"Lagavulin","floor":6.0,"turns":9.0},{"damage":1.0,"enemies":"Blue Slaver","floor":7.0,"turns":7.0},{"damage":11.0,"enemies":"Exordium Thugs","floor":12.0,"turns":5.0},{"damage":6.0,"enemies":"Gremlin Nob","floor":13.0,"turns":3.0},{"damage":26.0,"enemies":"Hexaghost","floor":16.0,"turns":11.0},{"damage":7.0,"enemies":"Spheric Guardian","floor":18.0,"turns":5.0},{"damage":0.0,"enemies":"Chosen","floor":19.0,"turns":3.0},{"damage":8.0,"enemies":"Masked Bandits","floor":20.0,"turns":3.0},{"damage":6.0,"enemies":"Centurion and Healer","floor":21.0,"turns":4.0},{"damage":19.0,"enemies":"Slavers","floor":23.0,"turns":2.0},{"damage":33.0,"enemies":"Gremlin Leader","floor":25.0,"turns":5.0},{"damage":9.0,"enemies":"Snecko","floor":29.0,"turns":5.0},{"damage":9.0,"enemies":"Slavers","floor":31.0,"turns":4.0},{"damage":40.0,"enemies":"Automaton","floor":33.0,"turns":6.0},{"damage":6.0,"enemies":"3 Darklings","floor":35.0,"turns":1.0},{"damage":27.0,"enemies":"Orb Walker","floor":36.0,"turns":5.0},{"damage":23.0,"enemies":"3 Darklings","floor":38.0,"turns":3.0},{"damage":0.0,"enemies":"Mind Bloom Boss Battle","floor":39.0,"turns":5.0},{"damage":40.0,"enemies":"Maw","floor":41.0,"turns":7.0},{"damage":6.0,"enemies":"Jaw Worm Horde","floor":45.0,"turns":3.0},{"damage":30.0,"enemies":"Reptomancer","floor":46.0,"turns":5.0},{"damage":15.0,"enemies":"Giant Head","floor":48.0,"turns":6.0},{"damage":30.0,"enemies":"Time Eater","floor":50.0,"turns":11.0},{"damage":40,"enemies":"Donu and Deca","floor":51,"turns":7}],"seed_played":"-7228174131201849236","potions_obtained":[{"floor":4.0,"key":"FearPotion"},{"floor":5.0,"key":"SkillPotion"},{"floor":6.0,"key":"BlessingOfTheForge"},{"floor":13.0,"key":"PowerPotion"},{"floor":19.0,"key":"SteroidPotion"},{"floor":20.0,"key":"DuplicationPotion"},{"floor":29.0,"key":"ElixirPotion"}],"is_trial":false,"path_per_floor":["M","M","M","M","M","E","M","R","T","R","?","M","E","$","R","B",null,"M","M","?","M","?","E","R","E","T","R","?","M","R","E","R","B",null,"M","M","$","M","?","R","M","$","T","R","M","E","R","E","R","B","B",null],"character_chosen":"IRONCLAD","items_purchased":["Inflame","Strange Spoon","Omamori","Power Through"],"campfire_rested":1,"item_purchase_floors":[14,37,37,42],"current_hp_per_floor":[62,63,62,45,38,18,23,23,23,23,23,18,18,33,33,13,60,59,65,63,63,63,50,50,23,23,23,23,23,23,23,45,14,60,72,63,75,70,75,75,53,68,68,68,75,63,63,66,66,54,32],"gold":146,"neow_bonus":"REMOVE_TWO","is_daily":false,"chose_seed":false,"campfire_upgraded":10,"win_rate":0.0,"timestamp":1610215266,"path_taken":["M","M","M","M","M","E","M","R","T","R","?","M","E","$","R","BOSS","M","M","?","M","?","E","R","E","T","R","?","?","R","E","R","BOSS","M","M","$","?","?","R","M","$","T","R","M","E","R","E","R","BOSS","BOSS"],"items_purchased_type":["Card","Relic","Relic","Card"],"build_version":"2020-12-22","purchased_purges":2,"victory":true,"max_hp_per_floor":[75,75,75,75,75,75,75,75,75,75,75,75,75,75,75,75,75,75,75,75,75,75,75,75,75,75,75,75,75,75,75,75,75,75,75,75,75,75,75,75,75,75,75,75,75,75,75,75,75,75,75],"card_choices":[{"not_picked":["Clothesline","Sword Boomerang"],"picked":"Disarm","floor":1.0},{"not_picked":["Sentinel","Dark Embrace"],"picked":"Flame Barrier","floor":2.0},{"not_picked":["Cleave","Headbutt"],"picked":"Shockwave","floor":3.0},{"not_picked":["Disarm","Armaments"],"picked":"Twin Strike","floor":4.0},{"not_picked":["Feel No Pain","Perfected Strike"],"picked":"Sentinel","floor":5.0},{"not_picked":["Uppercut","Sentinel"],"picked":"Battle Trance","floor":6.0},{"not_picked":["Pommel Strike","True Grit"],"picked":"Shrug It Off","floor":7.0},{"not_picked":["Seeing Red","Rupture"],"picked":"Bludgeon","floor":12.0},{"not_picked":["Shockwave","Wild Strike","Heavy Blade"],"picked":"SKIP","floor":13.0},{"not_picked":["Limit Break","Barricade"],"picked":"Double Tap","floor":16.0},{"not_picked":["Iron Wave","Searing Blow","Body Slam"],"picked":"SKIP","floor":18.0},{"not_picked":["Second Wind","Clothesline+1"],"picked":"Whirlwind","floor":19.0},{"not_picked":["Armaments","Battle Trance"],"picked":"Warcry+1","floor":20.0},{"not_picked":["Rage","Pommel Strike"],"picked":"Limit Break","floor":21.0},{"not_picked":["Wild Strike","Bludgeon","Iron Wave"],"picked":"SKIP","floor":23.0},{"not_picked":["Armaments+1","Dropkick","Clothesline"],"picked":"SKIP","floor":25.0},{"not_picked":["Clothesline","Sentinel"],"picked":"Shrug It Off","floor":29.0},{"not_picked":["Evolve","Havoc"],"picked":"Offering","floor":31.0},{"not_picked":["Exhume","Berserk"],"picked":"Impervious","floor":33.0},{"not_picked":["Hemokinesis+1","True Grit","Blood for Blood"],"picked":"SKIP","floor":35.0},{"not_picked":["Armaments","Clothesline","Clash"],"picked":"SKIP","floor":36.0},{"not_picked":["Clash","Twin Strike","Thunderclap"],"picked":"SKIP","floor":38.0},{"not_picked":["Uppercut","Iron Wave","Carnage"],"picked":"SKIP","floor":41.0},{"not_picked":["Clash","Iron Wave"],"picked":"Ghostly Armor","floor":45.0},{"not_picked":["Anger","Reckless Charge","Clash+1"],"picked":"SKIP","floor":46.0},{"not_picked":["Feed","Wild Strike","Iron Wave"],"picked":"SKIP","floor":48.0}],"player_experience":794320,"relics_obtained":[{"floor":6.0,"key":"MawBank"},{"floor":9.0,"key":"The Courier"},{"floor":13.0,"key":"MealTicket"},{"floor":20.0,"key":"Red Mask"},{"floor":23.0,"key":"Orichalcum"},{"floor":25.0,"key":"Magic Flower"},{"floor":26.0,"key":"Boot"},{"floor":31.0,"key":"Vajra"},{"floor":39.0,"key":"Champion Belt"},{"floor":43.0,"key":"Juzu Bracelet"},{"floor":46.0,"key":"Potion Belt"},{"floor":48.0,"key":"Centennial Puzzle"}],"event_choices":[{"cards_removed":["Strike_R"],"damage_healed":0.0,"max_hp_gain":0.0,"max_hp_loss":0.0,"gold_gain":0.0,"event_name":"The Cleric","player_choice":"Card Removal","floor":11.0,"gold_loss":75.0,"damage_taken":0.0},{"damage_healed":0.0,"max_hp_gain":0.0,"max_hp_loss":0.0,"gold_gain":0.0,"event_name":"Masked Bandits","player_choice":"Fought Bandits","floor":20.0,"gold_loss":0.0,"damage_taken":0.0},{"cards_removed":["Strike_R"],"damage_healed":0.0,"max_hp_gain":0.0,"max_hp_loss":0.0,"gold_gain":0.0,"event_name":"Beggar","player_choice":"Gave Gold","floor":22.0,"gold_loss":75.0,"damage_taken":0.0},{"damage_healed":0.0,"max_hp_gain":0.0,"max_hp_loss":0.0,"gold_gain":0.0,"cards_transformed":["Defend_R"],"event_name":"Transmorgrifier","player_choice":"Transformed","floor":28.0,"gold_loss":0.0,"damage_taken":0.0,"cards_obtained":["True Grit"]},{"damage_healed":0.0,"max_hp_gain":0.0,"max_hp_loss":0.0,"gold_gain":0.0,"event_name":"MindBloom","player_choice":"Fight","floor":39.0,"gold_loss":0.0,"damage_taken":0.0}],"is_beta":false,"boss_relics":[{"not_picked":["Pandora\u0027s Box","Busted Crown"],"picked":"Velvet Choker"},{"not_picked":["Astrolabe","Runic Cube"],"picked":"Black Blood"}],"items_purged_floors":[14,37],"is_endless":false,"potions_floor_spawned":[4,5,6,13,19,20,29,33,36,45],"ascension_level":20}}