{"host":"0jugj35n0ams2iav","time":1610155416,"event":{"mods":["BaseMod","Downfall","Hubris","Minty Spire (QoL Compilation)","Replay The Spire","StSLib","The Cursed","The Marked"],"gold_per_floor":[117,292,292,217,292,292,305,349,349,372,410,434,454,454,454,582,582,607,595,611,328,328,328,328,328,353,353,353],"floor_reached":27,"playtime":1697,"items_purged":["Doubt","Strike_B"],"score":232,"play_id":"7efa9ad1-82f1-4f35-be0f-135d346b8c4d","local_time":"20210109012336","is_ascension_mode":true,"campfire_choices":[{"data":"Zap","floor":6,"key":"SMITH"},{"floor":15,"key":"REST"},{"floor":24,"key":"REST"}],"circlet_count":0,"master_deck":["Strike_B","Strike_B","Strike_B","Defend_B","Defend_B","Defend_B","Defend_B","Zap+1","Dualcast","Genetic Algorithm","Gash","Conserve Battery+1","Consume","Chrysalis"],"relics":["Cracked Core","hubris:Spice","Bloody Idol","Bird Faced Urn","Toy Ornithopter","Odd Mushroom","NlothsMask","Prayer Wheel","hubris:Towel"],"acts_visited":["Exordium","TheCity"],"potions_floor_usage":[11,16,16,16],"damage_taken":[{"damage":3,"enemies":"Small Slimes","floor":1,"turns":4},{"damage":0,"enemies":"2 Louse","floor":7,"turns":2},{"damage":26,"enemies":"Gremlin Nob","floor":8,"turns":4},{"damage":1,"enemies":"Jaw Worm","floor":10,"turns":5},{"damage":13,"enemies":"The Mushroom Lair","floor":11,"turns":4},{"damage":3,"enemies":"Blue Slaver","floor":12,"turns":4},{"damage":2,"enemies":"2 Fungi Beasts","floor":13,"turns":3},{"damage":7,"enemies":"The Guardian","floor":16,"turns":12},{"damage":46,"enemies":"3 Byrds","floor":18,"turns":7},{"damage":14,"enemies":"2 Thieves","floor":19,"turns":4},{"damage":20,"enemies":"Snake Plant","floor":20,"turns":5},{"damage":52,"enemies":"Centurion and Healer","floor":27,"turns":10}],"seed_played":"7775215243364624282","potions_obtained":[{"floor":1,"key":"Adrenaline Potion"},{"floor":10,"key":"Languid Potion"},{"floor":11,"key":"SteroidPotion"},{"floor":13,"key":"Strength Potion"},{"floor":18,"key":"sneckomod:MuddlingPotion"}],"is_trial":false,"path_per_floor":["M","?","?","$","?","R","M","E","T","M","?","M","M","?","R","B",null,"M","M","M","$","?","?","R","?","T","M"],"character_chosen":"DEFECT","items_purchased":["Chrysalis"],"campfire_rested":2,"item_purchase_floors":[21],"current_hp_per_floor":[73,73,54,54,43,43,43,17,17,16,8,5,3,3,25,33,84,38,24,4,4,4,4,29,29,34,0,0],"gold":353,"neow_bonus":"ONE_RARE_RELIC","is_daily":false,"chose_seed":false,"campfire_upgraded":1,"win_rate":0.0,"timestamp":1610155416,"path_taken":["M","?","?","$","?","R","?","E","T","M","?","M","M","?","R","BOSS","M","M","?","$","?","?","R","?","T","M"],"items_purchased_type":["Card"],"build_version":"2020-12-22","purchased_purges":2,"victory":false,"max_hp_per_floor":[76,76,76,76,76,76,76,76,76,76,76,76,76,76,76,76,84,84,84,84,84,84,84,84,84,84,84,84],"card_choices":[{"not_picked":["Storm","BasicCrystalCard","Compile Driver"],"picked":"SKIP","floor":1},{"not_picked":["Turbo","hubris:Ukulele"],"picked":"Genetic Algorithm","floor":7},{"not_picked":["ReplaySolidLightProjector","Gash","Hologram"],"picked":"SKIP","floor":8},{"not_picked":["hubris:PowerSurge","Conserve Battery","Skim"],"picked":"SKIP","floor":10},{"not_picked":["Rebound","Compile Driver","Barrage"],"picked":"SKIP","floor":12},{"not_picked":["hubris:DoWhile","Aggregate","Streamline"],"picked":"SKIP","floor":13},{"not_picked":["hubris:Prefetch","Mirror Shield"],"picked":"ReplayTheSpireMod:Fabricate Wheel","floor":16},{"not_picked":["Recycle","Panic Button"],"picked":"Gash","floor":18},{"not_picked":["Fusion","Sweeping Beam","BasicCrystalCard"],"picked":"SKIP","floor":18},{"not_picked":["Blizzard","Streamline","Recycle"],"picked":"SKIP","floor":19},{"not_picked":["Panic Button+1","Tempest","Static Discharge"],"picked":"SKIP","floor":19},{"not_picked":["Sweeping Beam+1","BasicCrystalCard"],"picked":"Conserve Battery+1","floor":20},{"not_picked":["Conserve Battery","Beam Cell+1"],"picked":"Consume","floor":20}],"player_experience":166989,"relics_obtained":[{"floor":8,"key":"Bird Faced Urn"},{"floor":9,"key":"Toy Ornithopter"},{"floor":11,"key":"Odd Mushroom"}],"event_choices":[{"damage_healed":0,"gold_gain":175,"player_choice":"AGREE","damage_taken":0,"max_hp_gain":0,"max_hp_loss":0,"event_name":"Liars Game","floor":2,"gold_loss":0,"cards_obtained":["Doubt"]},{"damage_healed":0,"gold_gain":0,"player_choice":"Take Damage","damage_taken":19,"relics_obtained":["Golden Idol"],"max_hp_gain":0,"max_hp_loss":0,"event_name":"Golden Idol","floor":3,"gold_loss":0},{"damage_healed":0,"gold_gain":75,"player_choice":"Gather Gold","damage_taken":11,"max_hp_gain":0,"max_hp_loss":0,"event_name":"World of Goop","floor":5,"gold_loss":0},{"damage_healed":0,"gold_gain":0,"player_choice":"Fought Mushrooms","damage_taken":0,"max_hp_gain":0,"max_hp_loss":0,"event_name":"Mushrooms","floor":11,"gold_loss":0},{"damage_healed":0,"gold_gain":0,"player_choice":"Trade","damage_taken":0,"relics_obtained":["NlothsMask"],"max_hp_gain":0,"max_hp_loss":0,"event_name":"FaceTrader","floor":14,"gold_loss":0},{"damage_healed":0,"gold_gain":0,"player_choice":"Gave Idol","damage_taken":0,"relics_obtained":["Bloody Idol"],"max_hp_gain":0,"max_hp_loss":0,"event_name":"Forgotten Altar","floor":22,"relics_lost":["Golden Idol"],"gold_loss":0}],"is_beta":false,"boss_relics":[{"not_picked":["hubris:Backtick","Runic Dome"],"picked":"hubris:Spice"}],"items_purged_floors":[4,21],"is_endless":false,"potions_floor_spawned":[1,10,11,13,18],"killed_by":"Centurion and Healer","ascension_level":2}}