{"host":"bxdue9bkfm2khp2x","time":1610177692,"event":{"mods":["ATMod(阿瑾Mod)","Aspiration","BaseMod","Better Vampires","Challenge The Spire","Colored Map","Colored Powertips","Conspire","Decade(王小明)","Dota2Spire","Downfall","Highlight Path","Minty Spire (QoL Compilation)","MostiFishMod","Remilia（蕾米莉亚）","Replay The Spire","RumiaBox-露米娅的神秘盒子","Ryuuou龙王","Spicy Shops","StSLib","Td1madao Mod","The Alterego","The Bug Knight","The Cursed","The Servant 0.9.4","WarShipGirlsR/战舰少女R mod","noobMod","vexMod","【功能Mod】混沌之环修复补丁","【遗物卡牌】REMEMod","篝火指南"],"gold_per_floor":[811,811,839,883,919,919,574,574,610,640,982,982,618,401,460,503,541,629],"floor_reached":19,"playtime":1543,"items_purged":["alterego_mod:Impale","alterego_mod:Strike","alterego_mod:Strike","alterego_mod:Strike"],"score":718,"play_id":"eb15d35b-dc69-4696-b765-d167820444fb","local_time":"20210109153452","daily_mods":["challengethespire:Silver Difficulty","challengethespire:Modded Elite Rush","Uncertain Future"],"is_ascension_mode":true,"campfire_choices":[{"data":"alterego_mod:BigMeatyClaws","floor":2,"key":"SMITH"},{"data":"alterego_mod:VirginLaserPalladion","floor":8,"key":"SMITH"}],"circlet_count":0,"master_deck":["AscendersBane","alterego_mod:Defend","alterego_mod:Defend","alterego_mod:Defend","alterego_mod:BigMeatyClaws+1","alterego_mod:BrynhildrsRune","Moon Tear","alterego_mod:VirginLaserPalladion+1","alterego_mod:IndependentAction","alterego_mod:Pet","alterego_mod:Palingenesis","alterego_mod:ChallengeComplete","REME_Flogging","alterego_mod:MagicResistance","Replay:SS_forest_6","Replay:SS_forest_6","Replay:SS_forest_6","Replay:SS_forest_6"],"relics":["alterego_mod:MasochisticConstitution","Black Star","Sling","PreservedInsect","DaveBox","REME_ComplimentaryCards","ice","AT_ATBox","BionicSphere","AT_BellowingDragoncrestRing","Smiling Mask","Happy Flower","CeramicFish","Strawberry","Dota2Spire:LinkenSphere","REME_DuelDisc","Dota2Spire:AssaultCuirass","Blood Vial","AT_Kusabimaru","aspiration:AnachronicSnailShell","MagicDraw3","Ornamental Fan","Old Coin","Empty Cage","Anchor","ReplayTheSpireMod:Lightbulb","Counterbalance","Regal Pillow","PlanX","Dota2Spire:BlackKingBar","AT_MibuBalloonWealth","vexMod:BarristanHead","Replay:Towering Pillar of Hats"],"acts_visited":["Exordium"],"potions_floor_usage":[3,15,15],"damage_taken":[{"damage":0,"enemies":"Gremlin Nob","floor":3,"turns":5},{"damage":0,"enemies":"Replay:BlueRogue","floor":4,"turns":5},{"damage":0,"enemies":"HollowMod:MossKnight","floor":5,"turns":3},{"damage":6,"enemies":"conspire:Head Lice","floor":9,"turns":5},{"damage":0,"enemies":"Replay:Snechameleon","floor":10,"turns":4},{"damage":0,"enemies":"conspire:SneckoGhost","floor":11,"turns":6},{"damage":0,"enemies":"Reptomancer","floor":15,"turns":5},{"damage":0,"enemies":"HollowMod:StalkingDevout","floor":16,"turns":5},{"damage":0,"enemies":"Nemesis","floor":17,"turns":4},{"damage":29,"enemies":"Shield and Spear","floor":18,"turns":10}],"seed_played":"-182893883715356699","potions_obtained":[{"floor":3,"key":"SpeedPotion"},{"floor":4,"key":"hexamod:EctoCoolerPotion"},{"floor":16,"key":"SteroidPotion"},{"floor":18,"key":"AttackPotion"}],"is_trial":true,"path_per_floor":["$","R","E","E","E","T","$","R","E","E","E","T","$","$","E","E","E","E",null],"character_chosen":"The_Alterego","items_purchased":["Guardian:BlockOnCardUsePotion","Dota2Spire:AssaultCuirass","REME_Flogging","Anchor","alterego_mod:MagicResistance","REME_GoldPotion","Replay:SS_forest_6"],"campfire_rested":0,"item_purchase_floors":[1,7,13,13,14,14,14],"current_hp_per_floor":[63,63,70,70,77,77,77,77,78,78,78,78,78,78,78,78,78,64],"gold":629,"neow_bonus":"","is_daily":false,"chose_seed":false,"campfire_upgraded":2,"win_rate":0.0,"timestamp":1610177692,"path_taken":["$","R","E","E","E","T","$","R","E","E","E","T","$","$","E","E","E","E"],"items_purchased_type":["Potion","Relic","Card","Relic","Card","Potion","Card"],"build_version":"2020-12-22","purchased_purges":4,"victory":true,"max_hp_per_floor":[70,70,70,70,77,77,77,77,78,78,78,78,78,78,78,78,78,79],"card_choices":[],"player_experience":1233593,"relics_obtained":[{"floor":3,"key":"AT_BellowingDragoncrestRing"},{"floor":3,"key":"Smiling Mask"},{"floor":4,"key":"Happy Flower"},{"floor":4,"key":"CeramicFish"},{"floor":5,"key":"Strawberry"},{"floor":5,"key":"Dota2Spire:LinkenSphere"},{"floor":9,"key":"Blood Vial"},{"floor":9,"key":"AT_Kusabimaru"},{"floor":10,"key":"aspiration:AnachronicSnailShell"},{"floor":10,"key":"MagicDraw3"},{"floor":11,"key":"Ornamental Fan"},{"floor":11,"key":"Old Coin"},{"floor":15,"key":"ReplayTheSpireMod:Lightbulb"},{"floor":15,"key":"Counterbalance"},{"floor":16,"key":"Regal Pillow"},{"floor":16,"key":"PlanX"},{"floor":17,"key":"Dota2Spire:BlackKingBar"},{"floor":17,"key":"AT_MibuBalloonWealth"},{"floor":18,"key":"vexMod:BarristanHead"},{"floor":18,"key":"Replay:Towering Pillar of Hats"}],"event_choices":[],"is_beta":false,"boss_relics":[{"not_picked":["NightmareShop","AT_MortalBlade"],"picked":"REME_DuelDisc"},{"not_picked":["SoulBox","conspire:SlowCooker"],"picked":"Empty Cage"}],"items_purged_floors":[1,7,13,14],"is_endless":false,"potions_floor_spawned":[3,4,16,18],"ascension_level":10}}