{"host":"5rw0nun05olx0r44","time":1610235959,"event":{"mods":["AchievementEnabler","BaseMod","Colored Map","Colored Powertips","Downfall","Highlight Path","Minty Spire (QoL Compilation)","Permanent Neow","Quick Restart","Shop Mod","StSLib"],"gold_per_floor":[117,292,292,303,49,81,98,98,153,181,181,191,205,222,222,327,327,347,372,372,372,372,372],"floor_reached":21,"playtime":1851,"items_purged":["Regret"],"score":239,"play_id":"e3942a65-9f6f-48df-bdca-430c45978d1a","local_time":"20210109174559","is_ascension_mode":false,"campfire_choices":[{"data":"hexamod:EmpoweredFlame","floor":8.0,"key":"SMITH"},{"floor":11.0,"key":"RECALL"},{"data":"hexamod:RadiantFlame","floor":15.0,"key":"SMITH"}],"circlet_count":0,"master_deck":["hexamod:Strike","hexamod:Strike","hexamod:Strike","hexamod:Strike","hexamod:Defend","hexamod:Defend","hexamod:Defend","hexamod:Defend","hexamod:Sear","hexamod:Float","Doubt","hexamod:Firestarter","hexamod:ChargedBarrage","hexamod:EmpoweredFlame+1","hexamod:StepThrough","hexamod:Firestarter","hexamod:RadiantFlame+1","hexamod:HeatMetal","hexamod:FirstSeal","hexamod:FourthSeal","hexamod:FifthSeal","hexamod:ThirdSeal","hexamod:SecondSeal","hexamod:BurningTouch+1","Decay"],"relics":["hexamod:SpiritBrand","NeowsBlessing","Vajra","Happy Flower","Bag of Marbles","Frozen Egg 2","SlaversCollar","Red Mask"],"acts_visited":["Exordium","TheCity"],"potions_floor_usage":[],"damage_taken":[{"damage":0.0,"enemies":"Jaw Worm","floor":1.0,"turns":1.0},{"damage":0.0,"enemies":"2 Louse","floor":4.0,"turns":1.0},{"damage":0.0,"enemies":"Lagavulin","floor":6.0,"turns":1.0},{"damage":0.0,"enemies":"Small Slimes","floor":7.0,"turns":3.0},{"damage":0.0,"enemies":"Gremlin Nob","floor":10.0,"turns":3.0},{"damage":0.0,"enemies":"Exordium Wildlife","floor":12.0,"turns":3.0},{"damage":2.0,"enemies":"Lots of Slimes","floor":13.0,"turns":5.0},{"damage":1.0,"enemies":"2 Fungi Beasts","floor":14.0,"turns":3.0},{"damage":17.0,"enemies":"Hexaghost","floor":16.0,"turns":6.0},{"damage":15.0,"enemies":"Spheric Guardian","floor":18.0,"turns":5.0},{"damage":60.0,"enemies":"Masked Bandits","floor":19.0,"turns":6.0},{"damage":0,"enemies":"2 Thieves","floor":21,"turns":1}],"seed_played":"94197845271978428","potions_obtained":[{"floor":1.0,"key":"Dexterity Potion"},{"floor":6.0,"key":"champ:CounterPotion"},{"floor":7.0,"key":"champ:CounterPotion"},{"floor":13.0,"key":"Strength Potion"},{"floor":16.0,"key":"AttackPotion"},{"floor":16.0,"key":"hexamod:EctoCoolerPotion"},{"floor":19.0,"key":"Weak Potion"}],"is_trial":false,"path_per_floor":["M","?","?","M","$","E","M","R","T","E","R","M","M","M","R","B",null,"M","?","?","M"],"character_chosen":"THE_SPIRIT","items_purchased":["hexamod:ChargedBarrage","hexamod:EmpoweredFlame","hexamod:StepThrough"],"campfire_rested":0,"item_purchase_floors":[5,5,5],"current_hp_per_floor":[70,70,70,70,70,70,70,70,70,70,70,70,68,67,67,50,70,62,9,9,9,9,9],"gold":372,"neow_bonus":"THREE_ENEMY_KILL","is_daily":false,"chose_seed":false,"campfire_upgraded":2,"win_rate":0.0,"timestamp":1610235959,"path_taken":["M","?","?","M","$","E","M","R","T","E","R","M","M","M","R","BOSS","M","?","?","?"],"items_purchased_type":["Card","Card","Card"],"build_version":"2020-12-22","purchased_purges":1,"victory":false,"max_hp_per_floor":[70,70,70,70,70,70,70,70,70,70,70,70,70,70,70,70,70,70,70,70,70,70,70],"card_choices":[{"not_picked":["hexamod:RecurringNightmare","hexamod:Rewind","hexamod:GhostShield"],"picked":"SKIP","floor":1.0},{"not_picked":["hexamod:HeatShield","hexamod:EmpoweredFlame"],"picked":"hexamod:Firestarter","floor":4.0},{"not_picked":["hexamod:SkipABeat","hexamod:SwordOfDarkness"],"picked":"hexamod:Firestarter","floor":6.0},{"not_picked":["hexamod:FastForward","hexamod:InspiringFlames"],"picked":"hexamod:RadiantFlame","floor":7.0},{"not_picked":["hexamod:ParanormalForm+1","hexamod:Rewind","hexamod:StepThrough"],"picked":"SKIP","floor":10.0},{"not_picked":["hexamod:NightmareGuise","hexamod:EtherealExpedition"],"picked":"hexamod:HeatMetal","floor":12.0},{"not_picked":["hexamod:DynamicBlow","hexamod:Incineration"],"picked":"hexamod:FirstSeal","floor":13.0},{"not_picked":["hexamod:Again","hexamod:HauntingEcho"],"picked":"hexamod:FourthSeal","floor":14.0},{"not_picked":["hexamod:ParanormalForm+1","hexamod:EmpoweringStance+1"],"picked":"hexamod:FifthSeal","floor":16.0},{"not_picked":["hexamod:FourthSeal","hexamod:SecondSeal"],"picked":"hexamod:ThirdSeal","floor":18.0},{"not_picked":["hexamod:NightmareGuise","hexamod:SwordOfDarkness"],"picked":"hexamod:SecondSeal","floor":18.0},{"not_picked":["hexamod:DynamicBlow+1","hexamod:SecondSeal"],"picked":"hexamod:BurningTouch+1","floor":19.0}],"player_experience":88259,"relics_obtained":[{"floor":6.0,"key":"Happy Flower"},{"floor":9.0,"key":"Bag of Marbles"},{"floor":10.0,"key":"Frozen Egg 2"},{"floor":19.0,"key":"Red Mask"}],"event_choices":[{"damage_healed":0.0,"max_hp_gain":0.0,"max_hp_loss":0.0,"gold_gain":175.0,"event_name":"Liars Game","player_choice":"AGREE","floor":2.0,"gold_loss":0.0,"damage_taken":0.0,"cards_obtained":["Doubt"]},{"damage_healed":0.0,"max_hp_gain":0.0,"max_hp_loss":0.0,"gold_gain":0.0,"event_name":"Big Fish","player_choice":"Box","floor":3.0,"gold_loss":0.0,"damage_taken":0.0,"relics_obtained":["Vajra"],"cards_obtained":["Regret"]},{"damage_healed":0.0,"max_hp_gain":0.0,"max_hp_loss":0.0,"gold_gain":0.0,"event_name":"Masked Bandits","player_choice":"Fought Bandits","floor":19.0,"gold_loss":0.0,"damage_taken":0.0},{"damage_healed":0.0,"max_hp_gain":0.0,"max_hp_loss":0.0,"gold_gain":0.0,"event_name":"Forgotten Altar","player_choice":"Smashed Altar","floor":20.0,"gold_loss":0.0,"damage_taken":0.0,"cards_obtained":["Decay"]}],"is_beta":false,"boss_relics":[{"not_picked":["SacredBark","Busted Crown"],"picked":"SlaversCollar"}],"items_purged_floors":[5],"is_endless":false,"potions_floor_spawned":[1,6,7,13,16,18,19],"killed_by":"2 Thieves","ascension_level":0}}