{"host":"ueaobptuyu87ouwy","time":1610185617,"event":{"mods":["Aspiration","Bard","BaseMod","Better Altar","Better Match","Better Note","Better Sensory Stone","Better Skull","Better Third Choice","BetterRewards","CCEM","Colored Map","Conspire","Downfall","GifTheSpireLib","GungeonMod","Halation","Hermit","Highlight Path","Hubris","Infinite Spire","Jedi Mod","Jorbs\u0027s Wanderer Trilogy","Marisa????????","Marked Mod","Mimic Mod","Minty Spire (QoL Compilation)","Permanent Neow","Replay The Spire","Shop Mod","Small Relic Pack","StSLib","Stuff the Spire","The Runesmith","Unceasing Turn Reminder","everything is the same but u backflip on backflip","slay the spire mod where everything is the same but ironclad has a cowboy hat"],"gold_per_floor":[117,127,127,127,143,143,143],"floor_reached":6,"playtime":276,"items_purged":[],"score":36,"play_id":"950aa2a6-2048-4af5-926e-a044b62880ee","local_time":"20210109174657","is_ascension_mode":false,"campfire_choices":[],"circlet_count":0,"master_deck":["DemoMod:Strike_Huntress","DemoMod:Strike_Huntress+1","DemoMod:Strike_Huntress","DemoMod:Defend_Huntress","DemoMod:Defend_Huntress","DemoMod:Defend_Huntress+1","DemoMod:Defend_Huntress","DemoMod:Roll","DemoMod:ManualReload+1","DemoMod:RustySidearm","DemoMod:CrossBow","DemoMod:RadGun","DemoMod:Rummage","DemoMod:HuntsMan"],"relics":["DemoMod:Dog","Bottled Lightning"],"acts_visited":["Exordium"],"potions_floor_usage":[],"damage_taken":[{"damage":2,"enemies":"2 Louse","floor":1,"turns":3},{"damage":12,"enemies":"Jaw Worm","floor":2,"turns":6},{"damage":0,"enemies":"Small Slimes","floor":5,"turns":3},{"damage":44,"enemies":"Lagavulin","floor":6,"turns":8}],"seed_played":"-6752159504560246927","potions_obtained":[],"is_trial":false,"path_per_floor":["M","M","?","T","M","E"],"character_chosen":"HUNTRESS","items_purchased":[],"campfire_rested":0,"item_purchase_floors":[],"current_hp_per_floor":[68,56,42,42,42,0,0],"gold":143,"neow_bonus":"UPGRADE_CARD","is_daily":false,"chose_seed":false,"campfire_upgraded":0,"win_rate":0.0,"timestamp":1610185617,"path_taken":["M","M","?","?","M","E"],"items_purchased_type":[],"build_version":"2020-12-13","purchased_purges":0,"victory":false,"max_hp_per_floor":[70,70,70,70,70,70,70],"card_choices":[{"not_picked":["DemoMod:AWP","DemoMod:SniperShot"],"picked":"DemoMod:RadGun","floor":1},{"not_picked":["DemoMod:StickyCrossBow","DemoMod:DirectionalPad"],"picked":"DemoMod:Rummage","floor":2},{"not_picked":["DemoMod:FortunesFavor","DemoMod:RadGun"],"picked":"DemoMod:HuntsMan","floor":5}],"player_experience":98563,"relics_obtained":[{"floor":4,"key":"Bottled Lightning"}],"event_choices":[{"damage_healed":56,"gold_gain":0,"player_choice":"Upgrade","damage_taken":14,"max_hp_gain":0,"max_hp_loss":70,"event_name":"betterThird:BetterShining","floor":3,"gold_loss":0,"cards_upgraded":["DemoMod:Defend_Huntress","DemoMod:Strike_Huntress"]}],"is_beta":false,"boss_relics":[],"items_purged_floors":[],"is_endless":false,"potions_floor_spawned":[],"killed_by":"Lagavulin","ascension_level":0}}