{"host":"ci7cmvrwpmzqnw7e","time":1610176207,"event":{"mods":["BaseMod","BetterRewards","Colored Map","Downfall","Highlight Path","Hubris","Minty Spire (QoL Compilation)","Rare Cards Sparkle","Replay The Spire","Shop Mod","StSLib","The Disciple"],"gold_per_floor":[117,130,130,50,50,50,67,67,67,86,86,104,121,121,121,217,217,336,336,296,102,85,85,49,49,131,131,149,149,149],"floor_reached":29,"playtime":812,"items_purged":[],"score":240,"play_id":"51b1cb7a-375b-4cb5-a87f-198d0b7cd1ab","local_time":"20210109001007","is_ascension_mode":false,"campfire_choices":[{"data":"FIFO Queue","floor":6,"key":"SMITH"},{"data":"Consume","floor":8,"key":"SMITH"},{"data":"Darkness","floor":11,"key":"SMITH"},{"floor":15,"key":"REST"},{"floor":23,"key":"REST"},{"floor":25,"key":"REST"}],"circlet_count":0,"master_deck":["Strike_B+1","Strike_B+1","Strike_B+1","Strike_B+1","Defend_B+1","Defend_B+1","Defend_B+1","Defend_B+1","Zap","Dualcast","Darkness+1","FIFO Queue+1","Consume+1","Barrage","Thunder Strike","hubris:DoWhile","hubris:PowerSurge","Panic Button+1","Capacitor","Voices","expansioncontent:GuardianWhirl","Time Bomb+1"],"relics":["Cracked Core","Anchor","hubris:Icosahedron","Sundial","Cursed Key","Replay:Wax Seal","Nunchaku","Chameleon Ring"],"acts_visited":["Exordium","TheCity"],"potions_floor_usage":[12,16,18,22,24,29],"damage_taken":[{"damage":0,"enemies":"Cultist","floor":1,"turns":2},{"damage":7,"enemies":"Small Slimes","floor":2,"turns":3},{"damage":1,"enemies":"Jaw Worm","floor":7,"turns":3},{"damage":17,"enemies":"Exordium Thugs","floor":10,"turns":7},{"damage":13,"enemies":"3 Louse","floor":12,"turns":3},{"damage":13,"enemies":"Red Slaver","floor":13,"turns":4},{"damage":35,"enemies":"The Guardian","floor":16,"turns":11},{"damage":58,"enemies":"3 Byrds","floor":18,"turns":6},{"damage":14,"enemies":"2 Thieves","floor":22,"turns":4},{"damage":14,"enemies":"Centurion and Healer","floor":24,"turns":6},{"damage":25,"enemies":"3 Cultists","floor":28,"turns":5},{"damage":10,"enemies":"Cultist and Chosen","floor":29,"turns":3}],"seed_played":"-1935667896241282726","potions_obtained":[{"floor":1,"key":"DuplicationPotion"},{"floor":7,"key":"hexamod:EctoCoolerPotion"},{"floor":10,"key":"Elixir"},{"floor":20,"key":"Venom Potion"},{"floor":20,"key":"Reflective Coating"},{"floor":20,"key":"SteroidPotion"},{"floor":22,"key":"Block Potion"},{"floor":24,"key":"SteroidPotion"}],"is_trial":false,"path_per_floor":["M","M","T","$","?","R","M","R","T","M","R","M","M","?","R","B",null,"M","?","?","$","M","R","M","R","T","?","M","M"],"character_chosen":"DEFECT","items_purchased":["FIFO Queue","Replay:Wax Seal","Nunchaku"],"campfire_rested":3,"item_purchase_floors":[4,21,21],"current_hp_per_floor":[75,68,68,68,68,68,67,67,67,50,50,37,24,24,46,11,75,17,17,17,17,3,25,11,33,33,33,8,0,0],"gold":149,"neow_bonus":"RANDOM_EVENT","is_daily":false,"chose_seed":false,"campfire_upgraded":3,"win_rate":0.0,"timestamp":1610176207,"path_taken":["M","M","?","$","?","R","M","R","T","M","R","M","M","?","R","BOSS","M","?","?","$","?","R","M","R","T","?","M","M"],"items_purchased_type":["Card","Relic","Relic"],"build_version":"2020-12-22","purchased_purges":0,"victory":false,"max_hp_per_floor":[75,75,75,75,75,75,75,75,75,75,75,75,75,75,75,75,75,75,75,75,75,75,75,75,75,75,75,75,75,75],"card_choices":[{"not_picked":["FTL","Go for the Eyes"],"picked":"Darkness","floor":1},{"not_picked":["Rebound","Melter","Conserve Battery"],"picked":"SKIP","floor":2},{"not_picked":["BasicCrystalCard","Barrage"],"picked":"Consume","floor":7},{"not_picked":["ReplaySort","Aggregate"],"picked":"Barrage","floor":10},{"not_picked":["Steam","Double Energy"],"picked":"Thunder Strike","floor":12},{"not_picked":["Stack","Barrage","FTL"],"picked":"SKIP","floor":13},{"not_picked":["Amplify","hubris:Prefetch"],"picked":"hubris:DoWhile","floor":16},{"not_picked":["Leap","Barrage"],"picked":"hubris:PowerSurge","floor":18},{"not_picked":["Blizzard","Beam Cell"],"picked":"Panic Button+1","floor":22},{"not_picked":["Sweeping Beam","Leap+1"],"picked":"Capacitor","floor":24},{"not_picked":["Double Energy","ReplayTheSpireMod:Calculation Training+1"],"picked":"Time Bomb+1","floor":28}],"player_experience":35092,"relics_obtained":[{"floor":3,"key":"Anchor"},{"floor":9,"key":"Sundial"},{"floor":26,"key":"Chameleon Ring"}],"event_choices":[{"damage_healed":0,"gold_gain":0,"player_choice":"Leave","damage_taken":0,"max_hp_gain":0,"max_hp_loss":0,"event_name":"FaceTrader","floor":14,"gold_loss":0},{"damage_healed":0,"gold_gain":0,"player_choice":"Simplicity","damage_taken":0,"max_hp_gain":0,"max_hp_loss":0,"event_name":"Back to Basics","floor":19,"gold_loss":0,"cards_upgraded":["Strike_B","Strike_B","Strike_B","Defend_B","Defend_B","Defend_B","Defend_B"]},{"damage_healed":0,"gold_gain":0,"player_choice":"Bought 3 Potions","damage_taken":0,"max_hp_gain":0,"max_hp_loss":0,"event_name":"The Woman in Blue","floor":20,"gold_loss":0},{"damage_healed":0,"gold_gain":0,"player_choice":"1 cards matched","damage_taken":0,"max_hp_gain":0,"max_hp_loss":0,"event_name":"Match and Keep!","floor":27,"gold_loss":0,"cards_obtained":["expansioncontent:GuardianWhirl"]}],"is_beta":false,"boss_relics":[{"not_picked":["hubris:ScarierMask","Coffee Dripper"],"picked":"Cursed Key"}],"items_purged_floors":[],"is_endless":false,"potions_floor_spawned":[1,7,10,22,24],"killed_by":"Cultist and Chosen","ascension_level":0}}