{"host":"lpogke4cwz8zw1ju","time":1610216283,"event":{"mods":["Always Whale","BaseMod","Minty Spire (QoL Compilation)","Permanent Neow"],"gold_per_floor":[211,225,238,250,270,284,284,299,352,352,14,14,14,29,29,29,29],"floor_reached":16,"playtime":872,"items_purged":["Defend_G"],"score":96,"play_id":"cc4dce8a-303e-4af0-8562-c7c6b68e6996","local_time":"20210109191803","is_ascension_mode":false,"campfire_choices":[{"data":"Prepared","floor":7,"key":"SMITH"},{"data":"Finisher","floor":12,"key":"SMITH"},{"data":"Cloak And Dagger","floor":15,"key":"SMITH"}],"circlet_count":0,"master_deck":["Strike_G","Strike_G","Strike_G","Strike_G","Strike_G","Defend_G","Defend_G","Defend_G","Defend_G","Survivor","Neutralize","Cloak And Dagger+1","Blade Dance","Prepared+1","Finisher+1","Master of Strategy","Backflip"],"relics":["Ring of the Snake","Centennial Puzzle","Golden Idol"],"acts_visited":["Exordium"],"potions_floor_usage":[16],"damage_taken":[{"damage":0,"enemies":"Small Slimes","floor":1,"turns":4},{"damage":2,"enemies":"Jaw Worm","floor":2,"turns":4},{"damage":7,"enemies":"Cultist","floor":3,"turns":5},{"damage":2,"enemies":"2 Fungi Beasts","floor":4,"turns":4},{"damage":8,"enemies":"3 Louse","floor":5,"turns":4},{"damage":0,"enemies":"Blue Slaver","floor":6,"turns":4},{"damage":1,"enemies":"Exordium Wildlife","floor":8,"turns":3},{"damage":0,"enemies":"2 Fungi Beasts","floor":14,"turns":2},{"damage":12,"enemies":"Slime Boss","floor":16,"turns":5}],"seed_played":"-8854456856621673969","potions_obtained":[{"floor":3,"key":"Weak Potion"},{"floor":5,"key":"DuplicationPotion"},{"floor":6,"key":"Strength Potion"}],"is_trial":false,"path_per_floor":["M","M","M","M","M","M","R","M","T","?","$","R","?","M","R","B"],"character_chosen":"THE_SILENT","items_purchased":["Finisher","Master of Strategy"],"campfire_rested":0,"item_purchase_floors":[11,11],"current_hp_per_floor":[70,68,61,59,51,51,51,50,50,50,50,50,50,50,50,38,38],"gold":29,"neow_bonus":"HUNDRED_GOLD","is_daily":false,"chose_seed":false,"campfire_upgraded":3,"win_rate":0.0,"timestamp":1610216283,"path_taken":["M","M","M","M","M","M","R","M","T","?","$","R","?","M","R","BOSS"],"items_purchased_type":["Card","Card"],"build_version":"2020-12-22","purchased_purges":1,"victory":false,"max_hp_per_floor":[70,70,70,70,70,70,70,70,70,65,65,65,65,65,65,65,65],"card_choices":[{"not_picked":["Underhanded Strike","Escape Plan","Outmaneuver"],"picked":"SKIP","floor":1},{"not_picked":["Catalyst","Deflect","Eviscerate"],"picked":"SKIP","floor":2},{"not_picked":["Escape Plan","Poisoned Stab"],"picked":"Cloak And Dagger","floor":3},{"not_picked":["Prepared","Eviscerate"],"picked":"Blade Dance","floor":4},{"not_picked":["Backstab","Terror"],"picked":"Prepared","floor":5},{"not_picked":["Distraction","Dagger Spray","Sucker Punch"],"picked":"SKIP","floor":6},{"not_picked":["Phantasmal Killer","PiercingWail","Sucker Punch"],"picked":"SKIP","floor":8},{"not_picked":["Prepared","Blur"],"picked":"Backflip","floor":14}],"player_experience":202835,"relics_obtained":[{"floor":9,"key":"Centennial Puzzle"}],"event_choices":[{"damage_healed":0,"gold_gain":0,"player_choice":"Lose Max HP","damage_taken":0,"relics_obtained":["Golden Idol"],"max_hp_gain":0,"max_hp_loss":5,"event_name":"Golden Idol","floor":10,"gold_loss":0},{"damage_healed":0,"gold_gain":0,"player_choice":"Ignored","damage_taken":0,"max_hp_gain":0,"max_hp_loss":0,"event_name":"Liars Game","floor":13,"gold_loss":0}],"is_beta":false,"boss_relics":[],"items_purged_floors":[11],"is_endless":false,"potions_floor_spawned":[3,5,6,8,14],"killed_by":"Slime Boss","ascension_level":0}}