{"host":"xb8s6f94jxtwitgf","time":1610212248,"event":{"mods":["Act Like it!","BaseMod","Better Third Choice","BetterRewards","GifTheSpireLib","Hubris","Minty Spire (QoL Compilation)","Remove Card Discount Mod","Spicy Shops","Spikes Relics","StSLib","TheVelvet"],"gold_per_floor":[118,118,183,198,214,232,232,247,270,270,283,433,468,481,481,577,577,593,643,653,718,779,779,798,812,839,1164,534,534,548,567,567,670,670,683,693,743,793,307,307,320,320,320,417,417,433,445,345,345,345],"floor_reached":51,"playtime":5637,"items_purged":["hadesmod:Strike","hadesmod:Defend","hadesmod:Dash","Regret","Writhe","hadesmod:Defend"],"score":838,"play_id":"a7dd49b2-119a-4607-8181-3ee034ddf4bc","local_time":"20210109171048","is_ascension_mode":false,"campfire_choices":[{"floor":7.0,"key":"REST"},{"floor":10.0,"key":"REST"},{"data":"hadesmod:RuyiJinguBang","floor":15.0,"key":"SMITH"},{"data":"hadesmod:CarePackage","floor":23.0,"key":"SMITH"},{"data":"hadesmod:FulcrumStrike","floor":29.0,"key":"SMITH"},{"floor":32.0,"key":"REST"},{"data":"1","floor":40,"key":"LIFT"},{"data":"2","floor":42,"key":"LIFT"},{"data":"3","floor":45,"key":"LIFT"},{"floor":49,"key":"REST"}],"circlet_count":0,"master_deck":["hadesmod:Strike","hadesmod:Strike","hadesmod:SwapStrike","hadesmod:RuyiJinguBang+","hadesmod:AuraAmp","hadesmod:Hitpower","hadesmod:FulcrumStrike+","hadesmod:Strikeshield","hadesmod:Xactivate","hadesmod:WeakWep","hadesmod:YatsuhashisDefence","hadesmod:FierceCry","hadesmod:CarePackage+","hadesmod:BarrageStrike","hadesmod:SickeningStrength","hadesmod:SickeningStrength","hadesmod:HeroMode","hadesmod:SickeningStrength","hadesmod:YatsuhashisDefence+"],"relics":["hadesmod:WeaponCharger","hubris:OldNail","Happy Flower","SsserpentHead","RollingBoulder","Ancient Tea Set","Centennial Puzzle","Busted Crown","Regal Pillow","Toy Ornithopter","Matryoshka","hubris:EmptyBottle","PreservedInsect","Omamori","Oddly Smooth Stone","Girya","Juzu Bracelet","Anchor","Bottled Tornado","Unceasing Top"],"acts_visited":["Exordium","TheCity","TheBeyond"],"potions_floor_usage":[41,41,44,44,47,47,50,50,50,50],"damage_taken":[{"damage":8.0,"enemies":"Jaw Worm","floor":1.0,"turns":3.0},{"damage":0.0,"enemies":"Cultist","floor":3.0,"turns":4.0},{"damage":3.0,"enemies":"Small Slimes","floor":4.0,"turns":3.0},{"damage":7.0,"enemies":"Red Slaver","floor":5.0,"turns":4.0},{"damage":22.0,"enemies":"3 Sentries","floor":6.0,"turns":10.0},{"damage":1.0,"enemies":"Blue Slaver","floor":8.0,"turns":5.0},{"damage":0.0,"enemies":"3 Louse","floor":11.0,"turns":3.0},{"damage":10.0,"enemies":"Lagavulin","floor":13.0,"turns":7.0},{"damage":1.0,"enemies":"Large Slime","floor":14.0,"turns":7.0},{"damage":26.0,"enemies":"Slime Boss","floor":16.0,"turns":9.0},{"damage":0.0,"enemies":"Chosen","floor":18.0,"turns":3.0},{"damage":2.0,"enemies":"3 Byrds","floor":21.0,"turns":5.0},{"damage":14.0,"enemies":"Snake Plant","floor":22.0,"turns":5.0},{"damage":7.0,"enemies":"Centurion and Healer","floor":24.0,"turns":6.0},{"damage":5.0,"enemies":"Cultist and Chosen","floor":25.0,"turns":5.0},{"damage":2.0,"enemies":"Snecko","floor":30.0,"turns":4.0},{"damage":19.0,"enemies":"Centurion and Healer","floor":31.0,"turns":5.0},{"damage":50.0,"enemies":"Collector","floor":33.0,"turns":10.0},{"damage":12.0,"enemies":"3 Darklings","floor":35.0,"turns":6.0},{"damage":20.0,"enemies":"3 Shapes","floor":36.0,"turns":4.0},{"damage":15,"enemies":"3 Darklings","floor":41,"turns":6},{"damage":3,"enemies":"2 Orb Walkers","floor":44,"turns":3},{"damage":34,"enemies":"Spire Growth","floor":46,"turns":4},{"damage":1,"enemies":"Maw","floor":47,"turns":6},{"damage":26,"enemies":"Donu and Deca","floor":50,"turns":5}],"seed_played":"5815960584401448365","potions_obtained":[{"floor":3.0,"key":"BlessingOfTheForge"},{"floor":4.0,"key":"PowerPotion"},{"floor":6.0,"key":"PowerPotion"},{"floor":8.0,"key":"Fruit Juice"},{"floor":14.0,"key":"AttackPotion"},{"floor":16.0,"key":"Explosive Potion"},{"floor":22.0,"key":"Block Potion"},{"floor":25.0,"key":"Block Potion"},{"floor":30.0,"key":"DistilledChaos"},{"floor":33.0,"key":"Dexterity Potion"},{"floor":35.0,"key":"SpeedPotion"},{"floor":36.0,"key":"SteroidPotion"},{"floor":41,"key":"SkillPotion"},{"floor":46,"key":"BlessingOfTheForge"}],"is_trial":false,"path_per_floor":["M","?","M","M","M","E","R","M","T","R","M","?","E","M","R","B",null,"M","?","?","M","M","R","M","M","T","?","$","R","M","M","R","B",null,"M","M","?","?","$","R","M","R","T","?","R","M","M","NS","R","B",null],"character_chosen":"THE_HUNTRESS","items_purchased":["hubris:OldNail","hadesmod:AuraAmp","Happy Flower","Matryoshka","hubris:EmptyBottle","hadesmod:SickeningStrength","PreservedInsect","Omamori","Oddly Smooth Stone","Girya","Juzu Bracelet","hadesmod:SickeningStrength"],"campfire_rested":4,"item_purchase_floors":[0,0,0,28,28,28,28,28,39,39,39,39],"current_hp_per_floor":[38,38,38,35,28,6,24,28,28,47,47,47,37,36,36,10,65,65,65,65,63,49,49,42,37,37,37,37,37,40,26,60,20,65,58,38,38,54,54,54,49,49,49,56,56,22,31,31,65,54],"gold":345,"neow_bonus":"","is_daily":false,"chose_seed":false,"campfire_upgraded":3,"win_rate":0.0,"timestamp":1610212248,"path_taken":["M","?","?","M","M","E","R","M","T","R","M","?","E","M","R","BOSS","M","?","?","?","?","R","M","M","T","?","$","R","M","M","R","BOSS","M","M","?","?","$","R","M","R","T","?","R","M","M","NS","R","BOSS"],"items_purchased_type":["Relic","Card","Relic","Relic","Relic","Card","Relic","Relic","Relic","Relic","Relic","Card"],"build_version":"2020-12-22","purchased_purges":6,"victory":true,"max_hp_per_floor":[60,60,60,60,60,60,60,65,65,65,65,65,65,65,65,65,65,65,65,65,65,65,65,65,65,65,65,65,65,65,65,65,65,65,65,65,65,65,65,65,65,65,65,65,65,65,65,65,65,65],"card_choices":[{"not_picked":["hadesmod:CarePackage","hadesmod:SpookySplit"],"picked":"hadesmod:Hitpower","floor":1.0},{"not_picked":["hadesmod:CutDust","hadesmod:PrepareAttack"],"picked":"hadesmod:FulcrumStrike","floor":3.0},{"not_picked":["hadesmod:Slide","hadesmod:CerberusStrike"],"picked":"hadesmod:Strikeshield","floor":4.0},{"not_picked":["hadesmod:IThinkEyePatchesAreHot","hadesmod:Flamesmash"],"picked":"hadesmod:Xactivate","floor":5.0},{"not_picked":["hadesmod:BestLaidPlans","hadesmod:DigIn"],"picked":"hadesmod:WeakWep","floor":6.0},{"not_picked":["hadesmod:WeakWep","hadesmod:MailBomb"],"picked":"hadesmod:YatsuhashisDefence","floor":8.0},{"not_picked":["hadesmod:Focus","hadesmod:SpookySplit"],"picked":"hadesmod:FierceCry","floor":11.0},{"not_picked":["hadesmod:Claws","hadesmod:CerberusStrike"],"picked":"hadesmod:CarePackage","floor":13.0},{"not_picked":["hadesmod:IThinkEyePatchesAreHot","hadesmod:JinnsKnowledge","hadesmod:DigIn"],"picked":"SKIP","floor":14.0},{"not_picked":["hadesmod:BestAngle","hadesmod:ArraysEmbrace"],"picked":"hadesmod:BarrageStrike","floor":16.0},{"not_picked":["hadesmod:PrepareAttack"],"picked":"SKIP","floor":18.0},{"not_picked":["hadesmod:Snapshoot+1"],"picked":"SKIP","floor":21.0},{"not_picked":["hadesmod:WeakWep"],"picked":"SKIP","floor":22.0},{"not_picked":["hadesmod:PrepareAttack"],"picked":"SKIP","floor":24.0},{"not_picked":["hadesmod:JinnsKnowledge+"],"picked":"SKIP","floor":25.0},{"not_picked":[],"picked":"hadesmod:SickeningStrength","floor":30.0},{"not_picked":["hadesmod:Strikeshield"],"picked":"SKIP","floor":31.0},{"not_picked":[],"picked":"hadesmod:HeroMode","floor":33.0},{"not_picked":["hadesmod:IThinkEyePatchesAreHot"],"picked":"SKIP","floor":35.0},{"not_picked":["hadesmod:CerberusStrike"],"picked":"SKIP","floor":36.0},{"not_picked":["hadesmod:GlanceShot"],"picked":"SKIP","floor":41},{"not_picked":["hadesmod:MailBomb+1"],"picked":"SKIP","floor":46},{"not_picked":[],"picked":"hadesmod:YatsuhashisDefence+","floor":47}],"player_experience":977422,"relics_obtained":[{"floor":6.0,"key":"RollingBoulder"},{"floor":9.0,"key":"Ancient Tea Set"},{"floor":13.0,"key":"Centennial Puzzle"},{"floor":26.0,"key":"Toy Ornithopter"},{"floor":43,"key":"Anchor"},{"floor":43,"key":"Bottled Tornado"},{"floor":44,"key":"Unceasing Top"}],"event_choices":[{"damage_healed":0.0,"max_hp_gain":0.0,"max_hp_loss":0.0,"gold_gain":0.0,"event_name":"FaceTrader","player_choice":"Trade","floor":2.0,"gold_loss":0.0,"damage_taken":0.0,"relics_obtained":["SsserpentHead"]},{"damage_healed":0.0,"max_hp_gain":0.0,"max_hp_loss":0.0,"gold_gain":100.0,"event_name":"Golden Shrine","player_choice":"Pray","floor":12.0,"gold_loss":0.0,"damage_taken":0.0},{"damage_healed":0.0,"max_hp_gain":0.0,"max_hp_loss":0.0,"gold_gain":0.0,"event_name":"The Mausoleum","player_choice":"Opened","floor":19.0,"gold_loss":0.0,"damage_taken":0.0,"relics_obtained":["Regal Pillow"],"cards_obtained":["Writhe"]},{"damage_healed":0.0,"max_hp_gain":0.0,"max_hp_loss":0.0,"gold_gain":0.0,"event_name":"Designer","player_choice":"Upgraded Two","floor":20.0,"gold_loss":40.0,"damage_taken":0.0,"cards_upgraded":["hadesmod:Defend","hadesmod:Defend"]},{"damage_healed":0.0,"max_hp_gain":0.0,"max_hp_loss":0.0,"gold_gain":275.0,"event_name":"Golden Shrine","player_choice":"Desecrate","floor":27.0,"gold_loss":0.0,"damage_taken":0.0,"cards_obtained":["Regret"]},{"damage_healed":0,"gold_gain":0,"player_choice":"Memory 1","damage_taken":0,"max_hp_gain":0,"max_hp_loss":0,"event_name":"SensoryStone","floor":37,"gold_loss":0},{"damage_healed":16,"gold_gain":0,"player_choice":"Writhe","damage_taken":0,"max_hp_gain":0,"max_hp_loss":0,"event_name":"Winding Halls","floor":38,"gold_loss":0,"cards_obtained":["Writhe"]},{"damage_healed":0,"gold_gain":0,"player_choice":"Fight","damage_taken":0,"max_hp_gain":0,"max_hp_loss":0,"event_name":"Mysterious Sphere","floor":44,"gold_loss":0}],"is_beta":false,"boss_relics":[{"not_picked":["hadesmod:BrokenCamera","hubris:CrackedHourglass"],"picked":"Busted Crown"},{"not_picked":["Runic Dome","CosmicIsotope","hubris:VirtuousBlindfold"]}],"items_purged_floors":[0,0,0,28,28,28],"is_endless":false,"potions_floor_spawned":[3,4,6,8,14,16,22,25,30,33,35,36,41,46],"ascension_level":0}}