{"host":"ypphcgdomtfqpc2w","time":1610197891,"event":{"mods":["BaseMod","Minty Spire (QoL Compilation)","StSLib"],"gold_per_floor":[117,117,128,140,152,152,177,177,177,194,194,222,222,61,61,135,135,154,154,169,84,99,99,118,118,118,144,163,197,213,231,231,306,306,319,336,336,6,24,24,59,73,98,127,143,158,191,105,105,105,105],"floor_reached":50,"playtime":3448,"items_purged":["Strike_B"],"score":1132,"play_id":"31b834b6-132e-499f-83b5-9f046bba18e2","local_time":"20210109221131","is_ascension_mode":true,"campfire_choices":[{"data":"Sweeping Beam","floor":6,"key":"SMITH"},{"floor":8,"key":"REST"},{"data":"Defragment","floor":11,"key":"SMITH"},{"data":"Coolheaded","floor":15,"key":"SMITH"},{"data":"Defragment","floor":23,"key":"SMITH"},{"data":"Reinforced Body","floor":25,"key":"SMITH"},{"data":"Capacitor","floor":32,"key":"SMITH"},{"data":"Rainbow","floor":40,"key":"SMITH"},{"floor":49,"key":"RECALL"}],"circlet_count":0,"master_deck":["AscendersBane","Strike_B","Strike_B","Strike_B","Defend_B","Defend_B","Defend_B","Sweeping Beam+1","Coolheaded+1","Cold Snap","Sweeping Beam","Reinforced Body+1","Defragment+1","Fission","Electrodynamics","Tempest","Defragment+1","Gash+1","Capacitor+1","Sweeping Beam+1","Undo","Aggregate","Rainbow+1","Static Discharge+1","Barrage+1","Consume","Coolheaded+1","Auto Shields","Reinforced Body"],"relics":["Cracked Core","Pocketwatch","White Beast Statue","Kunai","Velvet Choker","Centennial Puzzle","Molten Egg 2","Blue Candle","Red Mask","Inserter","Potion Belt","PreservedInsect","Symbiotic Virus","FossilizedHelix","Ancient Tea Set"],"acts_visited":["Exordium","TheCity","TheBeyond"],"potions_floor_usage":[7,12,12,16,27,27,31,41,44,46,50,50,50],"damage_taken":[{"damage":5,"enemies":"Small Slimes","floor":1,"turns":4},{"damage":1,"enemies":"Cultist","floor":3,"turns":3},{"damage":7,"enemies":"Jaw Worm","floor":4,"turns":5},{"damage":7,"enemies":"Blue Slaver","floor":5,"turns":5},{"damage":16,"enemies":"3 Sentries","floor":7,"turns":5},{"damage":6,"enemies":"Large Slime","floor":10,"turns":7},{"damage":12,"enemies":"Gremlin Nob","floor":12,"turns":4},{"damage":5,"enemies":"Slime Boss","floor":16,"turns":13},{"damage":8,"enemies":"Chosen","floor":18,"turns":5},{"damage":0,"enemies":"3 Byrds","floor":20,"turns":2},{"damage":4,"enemies":"Sentry and Sphere","floor":22,"turns":4},{"damage":6,"enemies":"Snake Plant","floor":24,"turns":5},{"damage":19,"enemies":"Book of Stabbing","floor":27,"turns":4},{"damage":0,"enemies":"Snecko","floor":28,"turns":4},{"damage":12,"enemies":"Masked Bandits","floor":29,"turns":2},{"damage":0,"enemies":"3 Cultists","floor":30,"turns":3},{"damage":7,"enemies":"Sentry and Sphere","floor":31,"turns":7},{"damage":13,"enemies":"Collector","floor":33,"turns":9},{"damage":11,"enemies":"Orb Walker","floor":35,"turns":4},{"damage":9,"enemies":"3 Darklings","floor":36,"turns":2},{"damage":25,"enemies":"Spire Growth","floor":39,"turns":8},{"damage":20,"enemies":"Reptomancer","floor":41,"turns":6},{"damage":5,"enemies":"Writhing Mass","floor":42,"turns":7},{"damage":1,"enemies":"Giant Head","floor":44,"turns":9},{"damage":10,"enemies":"3 Darklings","floor":45,"turns":4},{"damage":20,"enemies":"Spire Growth","floor":46,"turns":9},{"damage":26,"enemies":"Nemesis","floor":47,"turns":7},{"damage":54,"enemies":"Awakened One","floor":50,"turns":3}],"seed_played":"9200944666711962709","potions_obtained":[{"floor":1,"key":"FearPotion"},{"floor":4,"key":"Energy Potion"},{"floor":10,"key":"LiquidMemories"},{"floor":12,"key":"Strength Potion"},{"floor":16,"key":"Block Potion"},{"floor":18,"key":"PowerPotion"},{"floor":27,"key":"FairyPotion"},{"floor":28,"key":"ColorlessPotion"},{"floor":30,"key":"Fruit Juice"},{"floor":31,"key":"FairyPotion"},{"floor":33,"key":"SkillPotion"},{"floor":39,"key":"Weak Potion"},{"floor":41,"key":"FocusPotion"},{"floor":42,"key":"ColorlessPotion"},{"floor":44,"key":"Block Potion"},{"floor":45,"key":"GamblersBrew"},{"floor":46,"key":"Regen Potion"},{"floor":47,"key":"Fire Potion"}],"is_trial":false,"path_per_floor":["M","?","M","M","M","R","E","R","T","M","R","E","?","$","R","B",null,"M","?","M","?","M","R","M","R","T","E","M","?","M","M","R","B",null,"M","M","?","$","M","R","E","M","T","E","M","M","E","$","R","B"],"character_chosen":"DEFECT","items_purchased":["DuplicationPotion","Potion Belt","PreservedInsect","Regen Potion"],"campfire_rested":1,"item_purchase_floors":[14,38,38,48],"current_hp_per_floor":[59,52,51,44,37,37,21,42,42,36,36,24,24,24,24,19,58,50,50,50,50,46,46,40,40,40,21,21,9,9,7,7,17,61,50,41,86,86,61,61,41,36,36,35,25,5,25,25,25,0,0],"gold":105,"neow_bonus":"REMOVE_CARD","is_daily":false,"chose_seed":false,"campfire_upgraded":7,"win_rate":0.0,"timestamp":1610197891,"path_taken":["M","?","M","M","M","R","E","R","T","M","R","E","?","$","R","BOSS","M","?","M","?","?","R","M","R","T","E","M","?","M","M","R","BOSS","M","M","?","$","M","R","E","M","T","E","M","M","E","?","R","BOSS"],"items_purchased_type":["Potion","Relic","Relic","Potion"],"build_version":"2020-12-22","purchased_purges":1,"victory":false,"max_hp_per_floor":[71,71,71,71,71,71,71,71,71,71,71,71,71,71,71,71,71,71,71,71,71,71,71,71,71,71,71,71,71,71,76,76,76,76,76,76,86,86,86,86,86,86,86,86,86,86,86,86,86,86,86],"card_choices":[{"not_picked":["Blizzard","Leap"],"picked":"Sweeping Beam","floor":1},{"not_picked":["Steam","Undo"],"picked":"Coolheaded","floor":3},{"not_picked":["Go for the Eyes","White Noise"],"picked":"Cold Snap","floor":4},{"not_picked":["Turbo","Coolheaded"],"picked":"Sweeping Beam","floor":5},{"not_picked":["Barrage","Stack"],"picked":"Reinforced Body","floor":7},{"not_picked":["Stack","Leap"],"picked":"Defragment","floor":10},{"not_picked":["Hello World","Double Energy"],"picked":"Fission","floor":12},{"not_picked":["Seek","Core Surge"],"picked":"Electrodynamics","floor":16},{"not_picked":["Scrape","Gash"],"picked":"Tempest","floor":18},{"not_picked":["Go for the Eyes","Compile Driver"],"picked":"Defragment","floor":20},{"not_picked":["Steam","Conserve Battery","Hello World"],"picked":"SKIP","floor":22},{"not_picked":["Aggregate","Cold Snap"],"picked":"Gash+1","floor":24},{"not_picked":["Cold Snap+1","Conserve Battery"],"picked":"Electrodynamics","floor":27},{"not_picked":["Rebound+1","Sweeping Beam+1"],"picked":"Capacitor","floor":28},{"not_picked":["Stack","Hello World"],"picked":"Sweeping Beam+1","floor":29},{"not_picked":["Darkness","Coolheaded"],"picked":"Undo","floor":30},{"not_picked":["Leap","Machine Learning"],"picked":"Aggregate","floor":31},{"not_picked":["Fission","Thunder Strike+1"],"picked":"Rainbow","floor":33},{"not_picked":["Cold Snap+1","Steam Power+1","Leap"],"picked":"SKIP","floor":35},{"not_picked":["Stack","Streamline+1","Chaos"],"picked":"SKIP","floor":36},{"not_picked":["Double Energy","Stack"],"picked":"Static Discharge+1","floor":39},{"not_picked":["Aggregate","Redo+1","Rebound+1"],"picked":"SKIP","floor":41},{"not_picked":["Beam Cell+1","Cold Snap+1"],"picked":"Barrage+1","floor":42},{"not_picked":["Turbo","Reboot"],"picked":"Consume","floor":44},{"not_picked":["Leap","Turbo+1"],"picked":"Coolheaded+1","floor":45},{"not_picked":["Streamline+1","Cold Snap+1"],"picked":"Auto Shields","floor":46},{"not_picked":["Steam","Turbo+1"],"picked":"Reinforced Body","floor":47}],"player_experience":2007998,"relics_obtained":[{"floor":7,"key":"Pocketwatch"},{"floor":9,"key":"White Beast Statue"},{"floor":12,"key":"Kunai"},{"floor":26,"key":"Molten Egg 2"},{"floor":27,"key":"Blue Candle"},{"floor":29,"key":"Red Mask"},{"floor":41,"key":"Symbiotic Virus"},{"floor":44,"key":"FossilizedHelix"},{"floor":47,"key":"Ancient Tea Set"}],"event_choices":[{"cards_removed":["Zap"],"damage_healed":0,"gold_gain":0,"player_choice":"Card Removal","damage_taken":7,"max_hp_gain":0,"max_hp_loss":0,"event_name":"Golden Wing","floor":2,"gold_loss":0},{"cards_removed":["Dualcast"],"damage_healed":0,"gold_gain":0,"player_choice":"Purged","damage_taken":0,"max_hp_gain":0,"max_hp_loss":0,"event_name":"Purifier","floor":13,"gold_loss":0},{"damage_healed":0,"gold_gain":0,"player_choice":"Ignored","damage_taken":0,"max_hp_gain":0,"max_hp_loss":0,"event_name":"The Mausoleum","floor":19,"gold_loss":0},{"damage_healed":0,"gold_gain":0,"player_choice":"Obtained Relic","damage_taken":0,"relics_obtained":["Centennial Puzzle"],"max_hp_gain":0,"max_hp_loss":0,"event_name":"Addict","floor":21,"gold_loss":85},{"damage_healed":0,"gold_gain":0,"player_choice":"Fought Bandits","damage_taken":0,"max_hp_gain":0,"max_hp_loss":0,"event_name":"Masked Bandits","floor":29,"gold_loss":0},{"cards_removed":["Electrodynamics"],"damage_healed":35,"gold_gain":0,"player_choice":"Offered Rare","damage_taken":0,"max_hp_gain":10,"max_hp_loss":0,"event_name":"Bonfire Elementals","floor":37,"gold_loss":0}],"is_beta":false,"boss_relics":[{"not_picked":["Runic Dome","SlaversCollar"],"picked":"Velvet Choker"},{"not_picked":["Fusion Hammer","Pandora\u0027s Box"],"picked":"Inserter"}],"items_purged_floors":[14],"is_endless":false,"potions_floor_spawned":[1,4,5,10,12,16,18,20,22,24,27,28,29,30,31,33,35,36,39,41,42,44,45,46,47],"killed_by":"Awakened One","ascension_level":20}}