{"host":"s7l2a3wroivred6i","time":1610229913,"event":{"mods":["AchievementEnabler","BaseMod","Better Altar","Better Match","Better Note","Better Sensory Stone","Better Skull","Better Synergies","Better Third Choice","BetterRewards","Conspire","Downfall","GifTheSpireLib","Hubris","Infinite Spire","Minty Spire (QoL Compilation)","Replay The Spire","Retaliation","StSLib","Stuff the Spire","The Blue Laboratory"],"gold_per_floor":[118,118,118,137,137,170,170,170,170],"floor_reached":8,"playtime":482,"items_purged":[],"score":54,"play_id":"c5b0fd5c-918c-430f-9d58-c28c01fbb602","local_time":"20210109170513","is_ascension_mode":false,"campfire_choices":[{"data":"infinitespire:Execution","floor":7,"key":"SMITH"}],"circlet_count":0,"master_deck":["Strike_P","Strike_P","Strike_P","Strike_P","Defend_P","Defend_P","Defend_P","Eruption","Crescendo","infinitespire:Execution+1","hubris:DuctTapeCard","SignatureMove"],"relics":["PureWater","Happy Flower","hubris:DuctTape","hubris:SlimyHat"],"acts_visited":["Exordium"],"potions_floor_usage":[8],"damage_taken":[{"damage":0,"enemies":"2 Louse","floor":1,"turns":3},{"damage":3,"enemies":"Jaw Worm","floor":4,"turns":3},{"damage":21,"enemies":"Replay:BlueRogue","floor":6,"turns":7},{"damage":22,"enemies":"3 Sentries","floor":8,"turns":6}],"seed_played":"3081324662225502855","potions_obtained":[{"floor":6,"key":"LiquidMemories"}],"is_trial":false,"path_per_floor":["M","?","T","M","?","E","R","E"],"character_chosen":"WATCHER","items_purchased":[],"campfire_rested":0,"item_purchase_floors":[],"current_hp_per_floor":[72,54,54,51,51,30,30,8,8],"gold":170,"neow_bonus":"RANDOM_COMMON_RELIC","is_daily":false,"chose_seed":false,"campfire_upgraded":1,"win_rate":0.0,"timestamp":1610229913,"path_taken":["M","?","?","M","?","E","R","E"],"items_purchased_type":[],"build_version":"2020-12-22","purchased_purges":0,"victory":false,"max_hp_per_floor":[72,72,72,72,72,72,72,72,72],"card_choices":[{"not_picked":["Prostrate","Halt"],"picked":"Crescendo","floor":1},{"not_picked":["infinitespire:FinalStrike","ReplayTheSpireMod:??????????????????????"],"picked":"infinitespire:Execution","floor":2},{"not_picked":["FlurryOfBlows","Crescendo"],"picked":"SignatureMove","floor":4},{"not_picked":["Replay:DivineShield","Ragnarok","Replay:Vibes"],"picked":"SKIP","floor":6}],"player_experience":323984,"relics_obtained":[{"floor":3,"key":"hubris:DuctTape"},{"floor":6,"key":"hubris:SlimyHat"}],"event_choices":[{"damage_healed":0,"gold_gain":0,"player_choice":"Disagree","damage_taken":0,"max_hp_gain":0,"max_hp_loss":0,"event_name":"conspire:LoneGhost","floor":5,"gold_loss":0}],"is_beta":false,"boss_relics":[],"items_purged_floors":[],"is_endless":false,"potions_floor_spawned":[6],"killed_by":"3 Sentries","ascension_level":0}}