{"host":"gbop6m4qugddaz18","time":1610233995,"event":{"mods":["2.2 Compatiblity","BaseMod","Better Third Choice","Block Reminder","Downfall","GifTheSpireLib","Highlight Path","Minty Spire (QoL Compilation)","Replay The Spire","StSLib"],"gold_per_floor":[113,113,113,113,144,187,199,238,250,276,288,330,342,382,394,511,523,523],"floor_reached":17,"playtime":976,"items_purged":[],"score":237,"play_id":"8bc140ee-8da8-45b5-9dc7-50d548a155f0","local_time":"20210109181315","is_ascension_mode":true,"campfire_choices":[{"data":"ReplayReversal","floor":7,"key":"SMITH"},{"floor":11,"key":"DIG"},{"floor":13,"key":"REST"},{"floor":15,"key":"REST"}],"circlet_count":0,"master_deck":["Bash","Inflame+1","Voices","Regret","ReplayReversal+1","Spot Weakness","Pommel Strike","Rage","Iron Wave","Perfected Strike","Offering","Intimidate","Sentinel","ReplayTheSpireMod:LeadingStrike","Pummel","Berserk","Battle Trance","Heavy Blade","Demonic Infusion","Infernal Blade"],"relics":["Burning Blood","NeowsBlessing","ReplayTheSpireMod:Ring of Addiction","ReplayTheSpireMod:Ring of Exchange","Potion Belt","Toy Ornithopter","MawBank","King of Hearts","Shovel","Replay:Ringing Soul","Gremlin Food","Omamori","Mummified Hand","Pandora\u0027s Box"],"acts_visited":["Exordium","TheCity"],"potions_floor_usage":[16],"damage_taken":[{"damage":0,"enemies":"2 Louse","floor":1,"turns":1},{"damage":0,"enemies":"Jaw Worm","floor":5,"turns":1},{"damage":0,"enemies":"Gremlin Nob","floor":6,"turns":1},{"damage":26,"enemies":"Replay:BlueRogue","floor":8,"turns":7},{"damage":2,"enemies":"Small Slimes","floor":10,"turns":4},{"damage":42,"enemies":"Lagavulin","floor":12,"turns":4},{"damage":6,"enemies":"Replay:BlueRogue","floor":14,"turns":6},{"damage":36,"enemies":"The Guardian","floor":16,"turns":12}],"seed_played":"-8419073668301368414","potions_obtained":[{"floor":1,"key":"Fire Potion"},{"floor":3,"key":"EntropicBrew"},{"floor":3,"key":"Fire Potion"},{"floor":3,"key":"AttackPotion"},{"floor":6,"key":"Dexterity Potion"},{"floor":16,"key":"SmokeBomb"}],"is_trial":false,"path_per_floor":["M","?","?","?","M","E","R","E","T","M","R","E","R","E","R","B",null],"character_chosen":"IRONCLAD","items_purchased":[],"campfire_rested":2,"item_purchase_floors":[],"current_hp_per_floor":[80,80,80,80,80,80,78,58,58,65,65,32,56,59,83,54,87,87],"gold":523,"neow_bonus":"THREE_ENEMY_KILL","is_daily":false,"chose_seed":false,"campfire_upgraded":1,"win_rate":0.0,"timestamp":1610233995,"path_taken":["M","?","?","?","M","E","R","E","T","M","R","E","R","E","R","BOSS"],"items_purchased_type":[],"build_version":"2020-12-22","purchased_purges":0,"victory":false,"max_hp_per_floor":[80,80,80,80,80,80,78,78,78,79,79,82,80,83,83,84,87,87],"card_choices":[{"not_picked":["Iron Wave","True Grit"],"picked":"Inflame","floor":1},{"not_picked":["Bloodletting","Sentinel"],"picked":"ReplayReversal","floor":5},{"not_picked":["ReplayTheSpireMod:Strike From Hell","Run Through"],"picked":"Spot Weakness","floor":6},{"not_picked":["Clash","Shrug It Off"],"picked":"Pommel Strike","floor":8},{"not_picked":["Armaments","Warcry"],"picked":"Rage","floor":10},{"not_picked":["ReplayReversal","Rage"],"picked":"Iron Wave","floor":12},{"not_picked":["Flex","Sword Boomerang"],"picked":"Perfected Strike","floor":14},{"not_picked":["Corruption","Replay:Many Hands"],"picked":"Offering","floor":16}],"player_experience":590564,"relics_obtained":[{"floor":3,"key":"ReplayTheSpireMod:Ring of Addiction"},{"floor":3,"key":"ReplayTheSpireMod:Ring of Exchange"},{"floor":3,"key":"Potion Belt"},{"floor":3,"key":"Toy Ornithopter"},{"floor":6,"key":"King of Hearts"},{"floor":8,"key":"Shovel"},{"floor":9,"key":"Replay:Ringing Soul"},{"floor":11,"key":"Gremlin Food"},{"floor":12,"key":"Omamori"},{"floor":14,"key":"Mummified Hand"}],"event_choices":[{"damage_healed":0,"gold_gain":0,"player_choice":"Grow","damage_taken":0,"max_hp_gain":0,"max_hp_loss":0,"event_name":"Living Wall","floor":2,"gold_loss":0,"cards_upgraded":["Inflame"]},{"damage_healed":0,"gold_gain":0,"player_choice":"Box","damage_taken":0,"relics_obtained":["MawBank"],"max_hp_gain":0,"max_hp_loss":0,"event_name":"Big Fish","floor":4,"gold_loss":0,"cards_obtained":["Regret"]}],"is_beta":false,"boss_relics":[{"not_picked":["Black Star","Brimstone"],"picked":"Pandora\u0027s Box"}],"items_purged_floors":[],"is_endless":false,"potions_floor_spawned":[1,6,10,12,16],"ascension_level":3}}