{"host":"e48gchmu8shm63ip","time":1610234751,"event":{"mods":["Abigail Mod","AchievementEnabler","Act Like it!","BaseMod","Better Match","Better Note","Better Vampires","CapriCore","DeckTracker","Exacting","Gensokyo","Googly Eyes","Hallownest","Hermit","HololiveMod","Infinite Spire","Jorbs\u0027s Wanderer Trilogy","Koishi","Marisa????????","Minty Spire (QoL Compilation)","Railgun Mod","Rare Cards Sparkle","Relic Filter","Relic Stats","Remilia??????","Robot Space Explorer","Shade Mod","StSLib","The Animator","The Caster","The Construct","The Dragon Tamer","The Forsaken","The Immortal","The Judge","The Marked","The Poker Player","The Senshi","The Servant 0.9.4","TheSwordswoman","Waifu the Spire"],"gold_per_floor":[117,128,53,53,53,83,83,83,83,130,130,148,160,185,185,286,286,299,299,299,299,299,299,309,309,309,402,402,433,127,155,155,155,155],"floor_reached":33,"playtime":2979,"items_purged":["caster:strike"],"score":374,"play_id":"65dfcab2-ce12-4dfb-a160-c5505e7bce6c","local_time":"20210110002551","is_ascension_mode":false,"campfire_choices":[{"floor":11.0,"key":"REST"},{"data":"caster:JupitelThunder","floor":15.0,"key":"SMITH"},{"data":"caster:ManaOverflow","floor":23,"key":"SMITH"},{"floor":25,"key":"RECALL"},{"data":"caster:WallOfThorns","floor":28,"key":"SMITH"},{"data":"caster:AlternatingCurrent","floor":32,"key":"SMITH"}],"circlet_count":0,"master_deck":["caster:Meteor","caster:DivertFocus","caster:strike+1","caster:strike","caster:strike+1","caster:defend","caster:defend","caster:defend","caster:defend","caster:defend","caster:Fireball","caster:GlacialShield+1","caster:Slick+1","caster:LightningBolt","caster:Fissure","caster:JupitelThunder+1","caster:ManaOverflow+1","caster:FrigidBeam+1","caster:WallOfThorns+1","Pain","caster:Barbroot","caster:FrostDriver","caster:AlternatingCurrent+1"],"relics":["caster:MagicBook","infinitespire:CheckeredPen","Hallownest:DreamNailRelic","Eternal Feather","PreservedInsect","Ornamental Fan","infinitespire:ShieldingShard","Cursed Key","infinitespire:Beetle Shell","Pen Nib","Strawberry","theSenshi:SailorFukuRelic","Letter Opener"],"acts_visited":["Exordium","Hallownest:Greenpath"],"potions_floor_usage":[],"damage_taken":[{"damage":8.0,"enemies":"Hallownest:monsterHuskGuard","floor":1.0,"turns":7.0},{"damage":0.0,"enemies":"2_ Uuma","floor":2.0,"turns":5.0},{"damage":13.0,"enemies":"Hallownest:eliteMossKnight","floor":6.0,"turns":13.0},{"damage":0.0,"enemies":"Hallownest:eliteVengeflyKing","floor":10.0,"turns":6.0},{"damage":1.0,"enemies":"Hallownest:2_Baldur","floor":12.0,"turns":3.0},{"damage":3.0,"enemies":"Hallownest:Guard_and_Warrior","floor":13.0,"turns":6.0},{"damage":5.0,"enemies":"Hallownest:eliteMossKnight","floor":14.0,"turns":4.0},{"damage":14.0,"enemies":"Hallownest:BossFalseKnight","floor":16.0,"turns":11.0},{"damage":4.0,"enemies":"Hallownest:2_Mistakes","floor":18.0,"turns":13.0},{"damage":17,"enemies":"Hallownest:3_Youths","floor":24,"turns":5},{"damage":0,"enemies":"Hallownest:Glutton_and_Coward","floor":27,"turns":4},{"damage":7,"enemies":"Hallownest:Nosk","floor":29,"turns":8},{"damage":16,"enemies":"Hallownest:eliteSoulWarrior","floor":31,"turns":8},{"damage":80,"enemies":"Hallownest:BossGrimm","floor":33,"turns":7}],"seed_played":"-3762162363875776764","potions_obtained":[{"floor":2.0,"key":"construct:ShiftPotion"},{"floor":6.0,"key":"Energy Potion"},{"floor":12.0,"key":"Weak Potion"}],"is_trial":false,"path_per_floor":["M","M","?","?","?","E","?","?","T","E","R","M","M","E","R","B",null,"M","?","?","?","?","R","M","R","T","M","R","E","$","E","R","B"],"character_chosen":"THE_CASTER","items_purchased":["caster:AlternatingCurrent","theSenshi:SailorFukuRelic"],"campfire_rested":1,"item_purchase_floors":[30,30],"current_hp_per_floor":[62,62,62,62,62,49,49,49,49,49,70,69,66,61,70,56,70,66,66,66,66,66,70,53,65,65,65,70,78,78,70,79,0,0],"gold":155,"neow_bonus":"TEN_PERCENT_HP_BONUS","is_daily":false,"chose_seed":false,"campfire_upgraded":4,"win_rate":0.0,"timestamp":1610234751,"path_taken":["M","M","?","?","?","E","?","?","T","E","R","?","M","E","R","BOSS","M","?","?","?","?","R","M","R","T","?","R","E","?","E","R","BOSS"],"items_purchased_type":["Card","Relic"],"build_version":"2020-12-22","purchased_purges":1,"victory":false,"max_hp_per_floor":[70,70,70,70,70,70,70,70,70,70,70,70,70,70,70,70,70,70,70,70,70,70,70,70,70,70,70,70,79,79,79,79,79,79],"relic_stats":{"counters":[14,100],"Ornamental Fan":[12],"Eternal Feather":48,"PreservedInsect":87,"Pen Nib":[2],"Letter Opener":[0],"Cursed Key":1,"obtain_stats":[{"Eternal Feather":9,"PreservedInsect":10,"infinitespire:Beetle Shell":20,"Pen Nib":26,"Hallownest:DreamNailRelic":7,"infinitespire:CheckeredPen":6,"Letter Opener":31,"Cursed Key":17,"caster:MagicBook":0,"infinitespire:ShieldingShard":16,"Ornamental Fan":14,"Strawberry":29,"theSenshi:SailorFukuRelic":30},{"Eternal Feather":3,"PreservedInsect":4,"infinitespire:Beetle Shell":9,"Pen Nib":10,"Hallownest:DreamNailRelic":3,"infinitespire:CheckeredPen":3,"Letter Opener":13,"Cursed Key":8,"caster:MagicBook":0,"infinitespire:ShieldingShard":8,"Ornamental Fan":7,"Strawberry":12,"theSenshi:SailorFukuRelic":12},{"Eternal Feather":25,"PreservedInsect":31,"infinitespire:Beetle Shell":68,"Pen Nib":73,"Hallownest:DreamNailRelic":25,"infinitespire:CheckeredPen":25,"Letter Opener":93,"Cursed Key":55,"caster:MagicBook":0,"infinitespire:ShieldingShard":55,"Ornamental Fan":44,"Strawberry":85,"theSenshi:SailorFukuRelic":85}]},"card_choices":[{"not_picked":["caster:MagicWeapon","caster:FireWall","caster:FlashSpeed"],"picked":"SKIP","floor":1.0},{"not_picked":["caster:DiablosFlame","caster:FrigidBeam"],"picked":"caster:Fireball","floor":2.0},{"not_picked":["caster:MagicResonance+1","caster:Sandstorm+1"],"picked":"caster:GlacialShield+1","floor":3.0},{"not_picked":["caster:FlashFrost","caster:Charge","caster:Sultry"],"picked":"SKIP","floor":6.0},{"not_picked":["caster:Incinerate","caster:Barbroot"],"picked":"caster:LightningBolt","floor":10.0},{"not_picked":["caster:Barbroot","caster:Sandstorm"],"picked":"caster:Fissure","floor":12.0},{"not_picked":["caster:Sandstorm","caster:FrigidBeam","caster:WallOfMirrors"],"picked":"SKIP","floor":13.0},{"not_picked":["caster:Charge","caster:DiablosFlame"],"picked":"caster:JupitelThunder","floor":14.0},{"not_picked":["caster:Inferno","caster:LordOfVermillion"],"picked":"caster:ManaOverflow","floor":16.0},{"not_picked":["caster:Sultry","caster:Fissure","caster:Incinerate"],"picked":"SKIP","floor":18.0},{"not_picked":["caster:GlacialShield+1","caster:Fireball+1"],"picked":"caster:FrigidBeam+1","floor":19.0},{"not_picked":["caster:FireWall","caster:JupitelThunder+1"],"picked":"caster:WallOfThorns","floor":24},{"not_picked":["caster:QuickCast","caster:Illusion","caster:Incinerate"],"picked":"SKIP","floor":24},{"not_picked":["caster:JupitelThunder","caster:StormGust"],"picked":"caster:Barbroot","floor":27},{"not_picked":["caster:Sleet","caster:DiablosFlame"],"picked":"caster:FrostDriver","floor":29},{"not_picked":["caster:FrostDriver","caster:MagicBarrier","caster:DiamondDust"],"picked":"SKIP","floor":31}],"player_experience":678499,"relics_obtained":[{"floor":6.0,"key":"infinitespire:CheckeredPen"},{"floor":9.0,"key":"Eternal Feather"},{"floor":10.0,"key":"PreservedInsect"},{"floor":14.0,"key":"Ornamental Fan"},{"floor":16.0,"key":"infinitespire:ShieldingShard"},{"floor":26,"key":"Pen Nib"},{"floor":29,"key":"Strawberry"},{"floor":31,"key":"Letter Opener"}],"event_choices":[{"damage_healed":0.0,"max_hp_gain":0.0,"max_hp_loss":0.0,"gold_gain":0.0,"event_name":"betterMatch:BetterMatch","player_choice":"2","floor":3.0,"gold_loss":0.0,"damage_taken":0.0,"cards_obtained":["betterMatch:CommonCard","betterMatch:ColorlessRareCard"]},{"damage_healed":0.0,"max_hp_gain":0.0,"max_hp_loss":0.0,"gold_gain":0.0,"event_name":"betterMatch:BetterMatch","player_choice":"2","floor":19.0,"gold_loss":0.0,"damage_taken":0.0,"cards_obtained":["betterMatch:ColorlessUncommonCard","betterMatch:CommonCard"]}],"is_beta":false,"boss_relics":[{"not_picked":["Pandora\u0027s Box","Tiny House"],"picked":"Cursed Key"}],"items_purged_floors":[30],"is_endless":false,"potions_floor_spawned":[6,12,14,16,24,27],"killed_by":"Hallownest:BossGrimm","ascension_level":0}}