{"host":"o0q01dgb4z8zpo6o","time":1610156006,"event":{"mods":["BaseMod","GifTheSpireLib","Minty Spire (QoL Compilation)","Relic Stats","StSLib"],"gold_per_floor":[110,7,7,157,157,182,257,277,326,226,246,246,257,257,257,257,257],"floor_reached":16,"playtime":384,"items_purged":["Strike_B","Doubt"],"score":240,"play_id":"3970cbf7-2d74-4a06-9447-645a5fd8425f","local_time":"20210108173326","is_ascension_mode":true,"campfire_choices":[{"data":"Coolheaded","floor":12,"key":"SMITH"},{"floor":15,"key":"REST"}],"circlet_count":0,"master_deck":["AscendersBane","Strike_B","Strike_B","Defend_B","Defend_B","Defend_B","Defend_B+1","Zap+1","Dualcast","Rebound","Coolheaded+1","White Noise","Gash","Steam","Undo"],"relics":["Cracked Core","NeowsBlessing","Happy Flower","Bottled Flame","Bag of Marbles","Eternal Feather"],"acts_visited":["Exordium"],"potions_floor_usage":[16,16],"damage_taken":[{"damage":0,"enemies":"Small Slimes","floor":1,"turns":1},{"damage":0,"enemies":"Gremlin Nob","floor":6,"turns":1},{"damage":0,"enemies":"2 Louse","floor":8,"turns":1},{"damage":10,"enemies":"Jaw Worm","floor":11,"turns":2},{"damage":16,"enemies":"Exordium Thugs","floor":13,"turns":4},{"damage":42,"enemies":"Slime Boss","floor":16,"turns":7}],"seed_played":"4200244700389676087","potions_obtained":[{"floor":6,"key":"Ancient Potion"},{"floor":11,"key":"Energy Potion"},{"floor":13,"key":"PowerPotion"}],"is_trial":false,"path_per_floor":["M","$","?","?","?","E","T","M","T","$","M","R","M","T","R","B"],"character_chosen":"DEFECT","items_purchased":["Coolheaded"],"campfire_rested":1,"item_purchase_floors":[2],"current_hp_per_floor":[64,64,57,57,36,36,36,36,36,36,26,26,10,10,40,0,0],"gold":257,"neow_bonus":"THREE_ENEMY_KILL","is_daily":false,"chose_seed":false,"campfire_upgraded":1,"win_rate":0.0,"timestamp":1610156006,"path_taken":["M","$","?","?","?","E","?","M","T","$","M","R","?","?","R","BOSS"],"items_purchased_type":["Card"],"build_version":"2020-12-22","purchased_purges":2,"victory":false,"max_hp_per_floor":[71,71,71,71,71,71,71,71,71,71,71,71,71,71,71,71,71],"relic_stats":{"Happy Flower":[4],"counters":[6,16],"Eternal Feather":9,"obtain_stats":[{"Bottled Flame":7,"NeowsBlessing":0,"Happy Flower":6,"Eternal Feather":14,"Bag of Marbles":9,"Cracked Core":0},{"Bottled Flame":2,"NeowsBlessing":0,"Happy Flower":2,"Eternal Feather":5,"Bag of Marbles":3,"Cracked Core":0},{"Bottled Flame":2,"NeowsBlessing":0,"Happy Flower":2,"Eternal Feather":9,"Bag of Marbles":3,"Cracked Core":0}]},"card_choices":[{"not_picked":["Stack","Steam"],"picked":"Rebound","floor":1},{"not_picked":["Hologram","Beam Cell"],"picked":"White Noise","floor":6},{"not_picked":["White Noise","FTL"],"picked":"Gash","floor":8},{"not_picked":["Cold Snap","Turbo"],"picked":"Steam","floor":11},{"not_picked":["Aggregate","Darkness"],"picked":"Undo","floor":13}],"player_experience":1079523,"relics_obtained":[{"floor":6,"key":"Happy Flower"},{"floor":7,"key":"Bottled Flame"},{"floor":9,"key":"Bag of Marbles"},{"floor":14,"key":"Eternal Feather"}],"event_choices":[{"cards_removed":["Strike_B"],"damage_healed":0,"gold_gain":0,"player_choice":"Card Removal","damage_taken":7,"max_hp_gain":0,"max_hp_loss":0,"event_name":"Golden Wing","floor":3,"gold_loss":0},{"damage_healed":0,"gold_gain":150,"player_choice":"AGREE","damage_taken":0,"max_hp_gain":0,"max_hp_loss":0,"event_name":"Liars Game","floor":4,"gold_loss":0,"cards_obtained":["Doubt"]},{"damage_healed":0,"gold_gain":0,"player_choice":"Entered Light","damage_taken":21,"max_hp_gain":0,"max_hp_loss":0,"event_name":"Shining Light","floor":5,"gold_loss":0,"cards_upgraded":["Defend_B","Zap"]}],"is_beta":false,"boss_relics":[],"items_purged_floors":[2,10],"is_endless":false,"potions_floor_spawned":[6,11,13],"killed_by":"Slime Boss","ascension_level":19}}