{"host":"pno9h1fupbyz205f","time":1610230342,"event":{"mods":["Aspiration","BaseMod","Better Altar","Better Match","Better Note","Better Sensory Stone","Better Skull","Better Third Choice","Colored Map","Colored Powertips","Hubris","Infinite Spire","Jedi Mod","Mad Scientist","Marisa????????","Minty Spire (QoL Compilation)","Permanent Neow","Potionbrewer","Replay The Spire","Shop Mod","Spicy Shops","StSLib","Td1madao Mod","The Blackbeard","The Gatherer","The Hierophant","The Poker Player","The Runesmith","The Servant 0.9.4","thorton","vexMod"],"gold_per_floor":[17,17,17,675,693,693,711,723,771,791,791,13,40,54,54,150,150,170,170,0,0,16,36,61,61,84,98,131,131,151,169,169,169,169,169],"floor_reached":33,"playtime":1090,"items_purged":["blackbeard:BlackbeardStrike","blackbeard:BlackbeardStrike"],"score":264,"play_id":"84aa3623-2aab-4d97-a76e-cf7d72f33fa4","local_time":"20210109141222","is_ascension_mode":false,"campfire_choices":[{"floor":6,"key":"REST"},{"floor":11,"key":"REST"},{"data":"blackbeard:BlackbeardStrike","floor":15,"key":"PURGE"},{"floor":29,"key":"REST"},{"data":"hubris:Lust","floor":32,"key":"PURGE"}],"circlet_count":0,"master_deck":["blackbeard:IntimidatingStrike","blackbeard:BlackbeardDefend","blackbeard:BlackbeardDefend","blackbeard:Cutlass","blackbeard:RearmingStrike","blackbeard:GoldenDefense","Calculated Gamble","blackbeard:GoldenStrike","blackbeard:RearmingStrike","Burst","Dagger Spray","Swift Strike","blackbeard:CaptainsHat","blackbeard:WeaponProficiency+1","blackbeard:Eyepatch","blackbeard:WeaponMastery","blackbeard:Rum","blackbeard:Dagger+1"],"relics":["m_TsuchinokoRing","hubris:Towel","infinitespire:Cubic Diamond","MerchantsRug","PreservedInsect","Orichalcum","vexMod:RedPlottingStone","Cursed Key","hubris:Metronome","Tiny Chest","Runesmith:Nanobots"],"acts_visited":["Exordium","TheCity"],"potions_floor_usage":[8,13,16,23,27,28,28,31],"damage_taken":[{"damage":1,"enemies":"Small Slimes","floor":1,"turns":2},{"damage":0,"enemies":"Cultist","floor":5,"turns":3},{"damage":0,"enemies":"2 Louse","floor":7,"turns":3},{"damage":13,"enemies":"Exordium Thugs","floor":8,"turns":4},{"damage":0,"enemies":"Exordium Wildlife","floor":10,"turns":3},{"damage":10,"enemies":"Gremlin Nob","floor":13,"turns":3},{"damage":4,"enemies":"Looter","floor":14,"turns":3},{"damage":0,"enemies":"Fading Forest","floor":16,"turns":1},{"damage":4,"enemies":"2 Thieves","floor":18,"turns":3},{"damage":5,"enemies":"3 Byrds","floor":22,"turns":4},{"damage":6,"enemies":"Shelled Parasite and Fungi","floor":23,"turns":4},{"damage":16,"enemies":"Gremlin Leader","floor":24,"turns":4},{"damage":5,"enemies":"Centurion and Healer","floor":27,"turns":5},{"damage":17,"enemies":"Book of Stabbing","floor":28,"turns":5},{"damage":27,"enemies":"Snecko","floor":30,"turns":4},{"damage":11,"enemies":"Snake Plant","floor":31,"turns":4},{"damage":9,"enemies":"hubris:MusketHawk","floor":33,"turns":4}],"seed_played":"-7137082807932518663","potions_obtained":[{"floor":1,"key":"infinitespire:BlackPotion"},{"floor":7,"key":"BlessingOfTheForge"},{"floor":8,"key":"PowerPotion"},{"floor":14,"key":"SpeedPotion"},{"floor":22,"key":"potionbrewer:AcidPotion"},{"floor":23,"key":"Weak Potion"},{"floor":25,"key":"LifebloodPotion"},{"floor":25,"key":"Ancient Potion"},{"floor":25,"key":"Milkshake"},{"floor":30,"key":"potionbrewer:CleansingPotion"}],"is_trial":false,"path_per_floor":["M","?","?","?","M","R","M","M","T","M","R","$","E","M","R_BF","B",null,"M","?","$","?","M","M","E","?","T","M","E","R","M","M","R_BF","B"],"character_chosen":"BLACKBEARD_CLASS","items_purchased":["MerchantsRug","PreservedInsect","Burst","Dagger Spray","Orichalcum","Swift Strike","blackbeard:Eyepatch"],"campfire_rested":3,"item_purchase_floors":[12,12,12,12,12,12,20],"current_hp_per_floor":[74,74,74,22,22,44,44,31,38,38,62,62,52,48,48,48,82,78,78,78,78,73,67,51,51,51,46,29,53,26,15,15,6,6,6],"gold":169,"neow_bonus":"REMOVE_TWO","is_daily":false,"chose_seed":false,"campfire_upgraded":0,"win_rate":0.0,"timestamp":1610230342,"path_taken":["M","?","?","?","M","R","M","M","T","?","R","$","E","M","R_BF","BOSS","M","?","?","?","M","?","E","?","T","M","E","R","M","M","R_BF","BOSS"],"items_purchased_type":["Relic","Relic","Card","Card","Relic","Card","Card"],"build_version":"2020-12-22","purchased_purges":2,"victory":false,"max_hp_per_floor":[75,75,75,75,75,75,75,75,82,82,82,82,82,82,82,82,82,82,82,82,82,82,82,82,82,82,82,82,82,82,82,82,82,82,82],"card_choices":[{"not_picked":["blackbeard:Sharpening","blackbeard:Upgrade"],"picked":"blackbeard:RearmingStrike","floor":1},{"not_picked":["blackbeard:JollyRoger","blackbeard:GoldenStrike"],"picked":"blackbeard:GoldenDefense","floor":5},{"not_picked":["blackbeard:CloakAndCannonball","blackbeard:DeadlyArsenal"],"picked":"Calculated Gamble","floor":7},{"not_picked":["blackbeard:ChaoticDefense","Masterful Stab"],"picked":"blackbeard:GoldenStrike","floor":8},{"not_picked":["blackbeard:SmithingHammer","Deflect"],"picked":"blackbeard:RearmingStrike","floor":10},{"not_picked":["blackbeard:Scrap","Infinite Blades","blackbeard:DeadlyArsenal"],"picked":"SKIP","floor":13},{"not_picked":["blackbeard:Scrap","blackbeard:CannonballSupply","blackbeard:CloakAndCannonball"],"picked":"SKIP","floor":14},{"not_picked":["A Thousand Cuts","Adrenaline"],"picked":"blackbeard:CaptainsHat","floor":16},{"not_picked":["blackbeard:Dagger","blackbeard:Sword"],"picked":"blackbeard:WeaponProficiency","floor":18},{"not_picked":["blackbeard:BlindAttacks+1","blackbeard:Fencing+1"],"picked":"blackbeard:WeaponMastery","floor":22},{"not_picked":["blackbeard:BeatUp","blackbeard:PowderKeg"],"picked":"blackbeard:Rum","floor":23},{"not_picked":["blackbeard:AgileStrike","blackbeard:CloakAndCannonball","blackbeard:PirateHook"],"picked":"SKIP","floor":24},{"not_picked":["blackbeard:Recklessness","blackbeard:FishingNets","blackbeard:PowderKeg"],"picked":"SKIP","floor":27},{"not_picked":["blackbeard:DoubleCannonball","blackbeard:Rum"],"picked":"blackbeard:Dagger+1","floor":28},{"not_picked":["blackbeard:PiratesWill","blackbeard:Spear","blackbeard:FishingNets"],"picked":"SKIP","floor":30},{"not_picked":["blackbeard:ChaoticDefense","blackbeard:Provisioning","blackbeard:Sharpening"],"picked":"SKIP","floor":31}],"player_experience":139191,"relics_obtained":[{"floor":9,"key":"Strawberry"},{"floor":13,"key":"vexMod:RedPlottingStone"},{"floor":24,"key":"hubris:Metronome"},{"floor":26,"key":"Tiny Chest"},{"floor":28,"key":"Runesmith:Nanobots"}],"event_choices":[{"damage_healed":0,"gold_gain":658,"player_choice":"GO GO GO GO GO GO ","damage_taken":58,"relics_obtained":[],"max_hp_gain":0,"max_hp_loss":0,"event_name":"betterSkull:BetterSkull","floor":4,"gold_loss":0,"cards_upgraded":[]},{"damage_healed":0,"gold_gain":0,"player_choice":"Forge","damage_taken":0,"max_hp_gain":0,"max_hp_loss":0,"event_name":"Accursed Blacksmith","floor":19,"gold_loss":0,"cards_upgraded":["blackbeard:WeaponProficiency"]},{"cards_removed":["blackbeard:BlackbeardDefend"],"damage_healed":0,"gold_gain":0,"player_choice":"Offered Basic","damage_taken":0,"max_hp_gain":0,"max_hp_loss":0,"event_name":"Bonfire Elementals","floor":21,"gold_loss":0},{"damage_healed":0,"gold_gain":0,"player_choice":"Got Potions","damage_taken":0,"max_hp_gain":0,"max_hp_loss":0,"event_name":"Lab","floor":25,"gold_loss":0}],"is_beta":false,"boss_relics":[{"not_picked":["vexMod:MegatonBomb","aspiration:WatcherSkillbook"],"picked":"Cursed Key"}],"items_purged_floors":[12,20],"is_endless":false,"potions_floor_spawned":[1,7,8,14,22,23,30],"killed_by":"hubris:MusketHawk","ascension_level":0}}