{"host":"96bpdudduaq3ttpf","time":1610168438,"event":{"mods":["2.2 Compatiblity","Act Like it!","Astrologer","Bard","Bartender","BaseMod","CapriCore","Challenge The Spire","Chen","Downfall","Elementarium","Energized Spire","Friendly Minions","Gensokyo","GifTheSpireLib","Hallownest","Hermit","Jorbs\u0027s Wanderer Trilogy","KinomotoSakuraMod(????)","Koishi","KomeijiMod","Mari Mod (Legacy)","Mari\u0027s V1 Patch","Marisa????????","Mimic Mod","Minty Spire (QoL Compilation)","Prisma Mod","Quick Restart","Remilia??????","Replay The Spire","Robot Space Explorer","Shade Mod","StSLib","Td1madao Mod","The Administrix","The Bladedancer","The Bug Knight","The Construct","The Cursed","The Factory","The Forsaken","The Gatherer","The Hierophant","The Immortal","The IronCluck","The Jungle","The Marked","The Mystic","The Necromancer","The Runesmith","The Senshi","The Servant 0.9.4","Wandering Minibosses","WarShipGirlsR/????R mod","Yohane!","Yuyuko"],"gold_per_floor":[113,113,304,304,304,344,359,53,53,53,76,76,95,211,211,337,337,337,337],"floor_reached":18,"playtime":621,"items_purged":[],"score":185,"play_id":"c0ed954a-a909-4174-9a82-ed1479985feb","local_time":"20210108220038","is_ascension_mode":false,"campfire_choices":[{"floor":10,"key":"REST"},{"floor":12,"key":"REST"},{"data":"Furious","floor":15,"key":"SMITH"}],"circlet_count":0,"master_deck":["Strike_C","Strike_C","Strike_C","Defend_C","Defend_C","Defend_C","Defend_C","Knight Kick","Chip","Afterwards","Provocative","Furious+1","Black Execution","Twin Teeth","Pod Fire","Shockwave Tdmadao"],"relics":["Apod","NeowsBlessing","Golden Idol","CaptainsWheel","Ice Cream","Toxic Egg 2","theForsaken:PaleLantern"],"acts_visited":["Exordium","TheCity"],"potions_floor_usage":[7,13,16],"damage_taken":[{"damage":0,"enemies":"Jaw Worm","floor":1,"turns":1},{"damage":0,"enemies":"3 Sentries","floor":6,"turns":1},{"damage":6,"enemies":"2 Louse","floor":7,"turns":2},{"damage":3,"enemies":"Small Slimes","floor":11,"turns":4},{"damage":0,"enemies":"Looter","floor":13,"turns":4},{"damage":9,"enemies":"Red Slaver","floor":14,"turns":6},{"damage":46,"enemies":"The Guardian","floor":16,"turns":11},{"damage":0,"enemies":"3 Byrds","floor":18,"turns":1}],"seed_played":"-7019701988500443954","potions_obtained":[{"floor":5,"key":"LifebloodPotion"},{"floor":5,"key":"GamblersBrew"},{"floor":5,"key":"Venom Potion"},{"floor":7,"key":"Death Potion"},{"floor":13,"key":"Swift Potion"},{"floor":16,"key":"Cursed Concoction"}],"is_trial":false,"path_per_floor":["M","?","?","?","?","E","M","$","T","R","M","R","M","M","R","B",null,"M"],"character_chosen":"TD1MADAO_CLASS","items_purchased":["Ice Cream"],"campfire_rested":2,"item_purchase_floors":[8],"current_hp_per_floor":[70,70,42,42,42,42,36,36,36,55,52,65,65,56,56,10,65,65,65],"gold":337,"neow_bonus":"THREE_ENEMY_KILL","is_daily":false,"chose_seed":false,"campfire_upgraded":1,"win_rate":0.0,"timestamp":1610168438,"path_taken":["M","?","?","?","?","E","?","?","T","R","M","R","M","?","R","BOSS","M"],"items_purchased_type":["Relic"],"build_version":"2020-12-22","purchased_purges":0,"victory":false,"max_hp_per_floor":[70,70,70,65,65,65,65,65,65,65,65,65,65,65,65,65,65,65,65],"card_choices":[{"not_picked":["Black Shadow","Weapon Shift"],"picked":"Afterwards","floor":1},{"not_picked":["Rupture","Machining"],"picked":"Provocative","floor":3},{"not_picked":["Gravity Defend","Afterwards"],"picked":"Furious","floor":6},{"not_picked":["Black Spear","Machining"],"picked":"Black Execution","floor":7},{"not_picked":["Black Execution","Load Balancing"],"picked":"Twin Teeth","floor":11},{"not_picked":["Oblique Hack","Preloading+1","Provocative+1"],"picked":"SKIP","floor":13},{"not_picked":["Black Execution","Light Attack"],"picked":"Pod Fire","floor":14},{"not_picked":["Bursts+1","Backup+1"],"picked":"Shockwave Tdmadao","floor":16}],"player_experience":820838,"relics_obtained":[{"floor":6,"key":"CaptainsWheel"},{"floor":9,"key":"Toxic Egg 2"}],"event_choices":[{"damage_healed":0,"gold_gain":0,"player_choice":"Lose Max HP","damage_taken":0,"relics_obtained":["Golden Idol"],"max_hp_gain":0,"max_hp_loss":5,"event_name":"Golden Idol","floor":4,"gold_loss":0},{"damage_healed":0,"gold_gain":0,"player_choice":"Got Potions","damage_taken":0,"max_hp_gain":0,"max_hp_loss":0,"event_name":"Lab","floor":5,"gold_loss":0}],"is_beta":false,"boss_relics":[{"not_picked":["Abe\u0027s Treasure","SlaversCollar"],"picked":"theForsaken:PaleLantern"}],"items_purged_floors":[],"is_endless":false,"potions_floor_spawned":[7,13,14,16],"killed_by":"3 Byrds","ascension_level":0}}