{"host":"5jzx1090woovszu4","time":1610154287,"event":{"mods":["Arknights The Spire","BaseMod","Minty Spire (QoL Compilation)","Robot Space Explorer","Spicy Shops","StSLib","The Dragon Tamer"],"gold_per_floor":[114,127,146,146,158,158,493,493,493,493,523,25,55,55,55,151,151,162,172,184,184,198,198,108,108,185,205,220,64,90,109,109,211,211,222,222,235,235,289,289,316,316,316,343,343,354,354,367,367,367],"floor_reached":51,"playtime":2845,"items_purged":[],"score":806,"play_id":"8f7a0c86-26fe-4a5a-9b80-22d3deda1003","local_time":"20210109020447","is_ascension_mode":true,"campfire_choices":[{"data":"RobotSpaceExplorer:Probe","floor":6,"key":"SMITH"},{"data":"RobotSpaceExplorer:Multitool","floor":8,"key":"SMITH"},{"data":"RobotSpaceExplorer:Fix","floor":10,"key":"SMITH"},{"data":"RobotSpaceExplorer:ChargingLaser","floor":15,"key":"SMITH"},{"data":"Metamorphosis","floor":23,"key":"SMITH"},{"floor":25,"key":"REST"},{"floor":32,"key":"REST"},{"floor":40,"key":"REST"},{"floor":42,"key":"REST"},{"floor":47,"key":"REST"},{"floor":49,"key":"REST"}],"circlet_count":0,"master_deck":["RobotSpaceExplorer:Strike+1","RobotSpaceExplorer:Defend","RobotSpaceExplorer:Defend","RobotSpaceExplorer:Scan","RobotSpaceExplorer:MiniLasers+1","RobotSpaceExplorer:ScrapShield","RobotSpaceExplorer:JunkDive","RobotSpaceExplorer:Probe+1","RobotSpaceExplorer:Fix+1","RobotSpaceExplorer:Multitool+1","RobotSpaceExplorer:Pulsar","RobotSpaceExplorer:ChargingLaser+1","Metamorphosis+1","Panacea","RobotSpaceExplorer:DualCore+1","RobotSpaceExplorer:Comet","RobotSpaceExplorer:Comet","RobotSpaceExplorer:ScrapToss+1","RobotSpaceExplorer:ToxicBomb+1","RobotSpaceExplorer:ScrapMissile+1","RobotSpaceExplorer:LuckyStrike+1","RobotSpaceExplorer:DualCore+1"],"relics":["Runic Pyramid","Old Coin","Bottled Flame","Matryoshka","Frozen Egg 2","Dream Catcher","RobotSpaceExplorer:SearchSpecs","Omamori","Letter Opener","Whetstone","StrikeDummy","Astrolabe","Shovel","Potion Belt","Akabeko","White Beast Statue","Lizard Tail"],"acts_visited":["Exordium","TheCity","TheBeyond"],"potions_floor_usage":[7,31,35,39,41,50,50],"damage_taken":[{"damage":1,"enemies":"Cultist","floor":1,"turns":3},{"damage":1,"enemies":"2 Louse","floor":2,"turns":3},{"damage":2,"enemies":"Small Slimes","floor":3,"turns":3},{"damage":10,"enemies":"Red Slaver","floor":5,"turns":4},{"damage":2,"enemies":"Gremlin Nob","floor":7,"turns":3},{"damage":2,"enemies":"3 Sentries","floor":11,"turns":7},{"damage":0,"enemies":"Lagavulin","floor":13,"turns":5},{"damage":1,"enemies":"Slime Boss","floor":16,"turns":7},{"damage":0,"enemies":"Spheric Guardian","floor":18,"turns":4},{"damage":5,"enemies":"3 Byrds","floor":19,"turns":4},{"damage":16,"enemies":"Snake Plant","floor":20,"turns":5},{"damage":6,"enemies":"Centurion and Healer","floor":22,"turns":4},{"damage":0,"enemies":"3 Cultists","floor":27,"turns":4},{"damage":9,"enemies":"Sentry and Sphere","floor":28,"turns":4},{"damage":28,"enemies":"Slavers","floor":30,"turns":4},{"damage":3,"enemies":"Snecko","floor":31,"turns":3},{"damage":9,"enemies":"Champ","floor":33,"turns":8},{"damage":6,"enemies":"3 Shapes","floor":35,"turns":4},{"damage":10,"enemies":"Orb Walker","floor":37,"turns":4},{"damage":60,"enemies":"2 Orb Walkers","floor":39,"turns":4},{"damage":22,"enemies":"Giant Head","floor":41,"turns":6},{"damage":10,"enemies":"Nemesis","floor":44,"turns":5},{"damage":0,"enemies":"Jaw Worm Horde","floor":46,"turns":3},{"damage":0,"enemies":"3 Darklings","floor":48,"turns":4},{"damage":65,"enemies":"Donu and Deca","floor":50,"turns":8}],"seed_played":"7965672059345741046","potions_obtained":[{"floor":2,"key":"Energy Potion"},{"floor":3,"key":"FairyPotion"},{"floor":5,"key":"SteroidPotion"},{"floor":20,"key":"FearPotion"},{"floor":31,"key":"Energy Potion"},{"floor":33,"key":"Explosive Potion"},{"floor":37,"key":"SteroidPotion"},{"floor":44,"key":"SmokeBomb"},{"floor":46,"key":"Weak Potion"},{"floor":48,"key":"DuplicationPotion"}],"is_trial":false,"path_per_floor":["M","M","M","?","M","R","E","R","T","R","E","$","E","?","R","B",null,"M","M","M","?","M","R","?","R","T","M","M","$","E","M","R","B",null,"M","?","M","?","?","R","E","R","T","E","?","M","R","M","R","B",null],"character_chosen":"RobotSpaceExplorer","items_purchased":["RobotSpaceExplorer:ChargingLaser","Metamorphosis","Panacea","Whetstone"],"campfire_rested":6,"item_purchase_floors":[12,12,12,29],"current_hp_per_floor":[74,73,71,71,61,61,63,63,63,63,67,67,73,73,73,75,75,75,75,59,59,53,53,53,75,75,75,66,66,44,47,69,66,75,69,85,75,75,21,46,30,55,55,51,51,51,76,76,85,26],"gold":367,"neow_bonus":"BOSS_RELIC","is_daily":false,"chose_seed":false,"campfire_upgraded":5,"win_rate":0.0,"timestamp":1610154287,"path_taken":["M","?","M","?","M","R","E","R","T","R","E","$","E","?","R","BOSS","M","M","?","?","M","R","?","R","T","M","M","$","E","?","R","BOSS","M","?","?","?","?","R","E","R","T","E","?","M","R","M","R","BOSS"],"items_purchased_type":["Card","Card","Card","Relic"],"build_version":"2020-12-22","purchased_purges":0,"victory":true,"max_hp_per_floor":[75,75,75,75,75,75,75,75,75,75,75,75,75,75,75,75,75,75,75,75,75,75,75,75,75,75,75,75,75,75,75,75,75,75,75,85,85,85,85,85,85,85,85,85,85,85,85,85,85,85],"card_choices":[{"not_picked":["RobotSpaceExplorer:MetalStrike","RobotSpaceExplorer:FrostMissile"],"picked":"RobotSpaceExplorer:ScrapShield","floor":1},{"not_picked":["RobotSpaceExplorer:Counterblock","RobotSpaceExplorer:Pulsar"],"picked":"RobotSpaceExplorer:JunkDive","floor":2},{"not_picked":["RobotSpaceExplorer:Electroshield","RobotSpaceExplorer:ShovelStrike"],"picked":"RobotSpaceExplorer:Probe","floor":3},{"not_picked":["RobotSpaceExplorer:SurgingShield","RobotSpaceExplorer:Probe"],"picked":"RobotSpaceExplorer:Fix","floor":5},{"not_picked":["RobotSpaceExplorer:SlimeMissile","RobotSpaceExplorer:LaserBurst"],"picked":"RobotSpaceExplorer:Multitool","floor":7},{"not_picked":["RobotSpaceExplorer:Probe","RobotSpaceExplorer:ShovelStrike"],"picked":"RobotSpaceExplorer:Pulsar","floor":11},{"not_picked":["RobotSpaceExplorer:SurgingStrike","RobotSpaceExplorer:StunGrenade"],"picked":"RobotSpaceExplorer:DualCore+1","floor":13},{"not_picked":["RobotSpaceExplorer:Explosion","RobotSpaceExplorer:Autoloader+1"],"picked":"RobotSpaceExplorer:Comet","floor":16},{"not_picked":["RobotSpaceExplorer:FreezingShield","RobotSpaceExplorer:SurgingShield","RobotSpaceExplorer:StunGrenade"],"picked":"SKIP","floor":18},{"not_picked":["RobotSpaceExplorer:SurgingShield","RobotSpaceExplorer:MetalStrike","RobotSpaceExplorer:DualCore+1"],"picked":"SKIP","floor":19},{"not_picked":["RobotSpaceExplorer:Counterblock+1","RobotSpaceExplorer:ShockKick","RobotSpaceExplorer:MetalStrike"],"picked":"SKIP","floor":20},{"not_picked":["RobotSpaceExplorer:FrostMissile+1","RobotSpaceExplorer:ScrapMissile","RobotSpaceExplorer:Pulsar"],"picked":"SKIP","floor":22},{"not_picked":["RobotSpaceExplorer:Calculate+1","RobotSpaceExplorer:Probe","RobotSpaceExplorer:ShockKick+1"],"picked":"SKIP","floor":27},{"not_picked":["RobotSpaceExplorer:FrostMissile","RobotSpaceExplorer:SurgingShield","RobotSpaceExplorer:MiniDrones"],"picked":"SKIP","floor":28},{"not_picked":["RobotSpaceExplorer:SurgingShield","RobotSpaceExplorer:DualCore+1","RobotSpaceExplorer:FranticSearch"],"picked":"SKIP","floor":30},{"not_picked":["RobotSpaceExplorer:ShovelStrike","RobotSpaceExplorer:FranticSearch","RobotSpaceExplorer:Jetpack"],"picked":"SKIP","floor":31},{"not_picked":["RobotSpaceExplorer:Wormhole","RobotSpaceExplorer:Asteroid"],"picked":"RobotSpaceExplorer:Comet","floor":33},{"not_picked":["RobotSpaceExplorer:DoubleBlock+1","RobotSpaceExplorer:ExhaustFan+1","RobotSpaceExplorer:FranticSearch+1"],"picked":"SKIP","floor":35},{"not_picked":["RobotSpaceExplorer:FrostMissile","RobotSpaceExplorer:ShockKick","RobotSpaceExplorer:Counterblock+1"],"picked":"SKIP","floor":37},{"not_picked":["RobotSpaceExplorer:SwiftStep+1","RobotSpaceExplorer:SurgingShield+1"],"picked":"RobotSpaceExplorer:ScrapMissile+1","floor":39},{"not_picked":["RobotSpaceExplorer:Electropulse","RobotSpaceExplorer:Probe","RobotSpaceExplorer:MiniDrones"],"picked":"SKIP","floor":41},{"not_picked":["RobotSpaceExplorer:StunGrenade","RobotSpaceExplorer:ShockKick"],"picked":"RobotSpaceExplorer:LuckyStrike+1","floor":42},{"not_picked":["RobotSpaceExplorer:MiniDrones","RobotSpaceExplorer:StunGrenade+1","RobotSpaceExplorer:StarDust+1"],"picked":"SKIP","floor":44},{"not_picked":["RobotSpaceExplorer:FreezeRay+1","RobotSpaceExplorer:IronShell+1","RobotSpaceExplorer:ShovelStrike"],"picked":"SKIP","floor":46},{"not_picked":["RobotSpaceExplorer:JunkDive","RobotSpaceExplorer:Autoloader+1"],"picked":"RobotSpaceExplorer:DualCore+1","floor":47},{"not_picked":["RobotSpaceExplorer:Counterblock+1","RobotSpaceExplorer:GlueShot","RobotSpaceExplorer:FrostMissile+1"],"picked":"SKIP","floor":48}],"player_experience":620114,"relics_obtained":[{"floor":7,"key":"Old Coin"},{"floor":9,"key":"Bottled Flame"},{"floor":11,"key":"Matryoshka"},{"floor":13,"key":"Frozen Egg 2"},{"floor":14,"key":"Dream Catcher"},{"floor":26,"key":"Omamori"},{"floor":26,"key":"Letter Opener"},{"floor":30,"key":"StrikeDummy"},{"floor":39,"key":"Shovel"},{"floor":41,"key":"Potion Belt"},{"floor":43,"key":"Akabeko"},{"floor":43,"key":"White Beast Statue"},{"floor":44,"key":"Lizard Tail"}],"event_choices":[{"damage_healed":0,"gold_gain":0,"player_choice":"Ignored","damage_taken":0,"max_hp_gain":0,"max_hp_loss":0,"event_name":"Liars Game","floor":4,"gold_loss":0},{"damage_healed":0,"gold_gain":0,"player_choice":"Relic","damage_taken":0,"max_hp_gain":0,"max_hp_loss":0,"event_name":"Wheel of Change","floor":14,"gold_loss":0},{"damage_healed":0,"gold_gain":0,"player_choice":"Ignored","damage_taken":0,"max_hp_gain":0,"max_hp_loss":0,"event_name":"Ghosts","floor":21,"gold_loss":0},{"cards_removed":["RobotSpaceExplorer:Strike"],"damage_healed":0,"gold_gain":0,"player_choice":"Upgrade and Remove","damage_taken":0,"max_hp_gain":0,"max_hp_loss":0,"event_name":"Designer","floor":24,"gold_loss":90,"cards_upgraded":["RobotSpaceExplorer:Strike"]},{"cards_removed":["RobotSpaceExplorer:HighVoltage"],"damage_healed":6,"gold_gain":0,"player_choice":"Offered Rare","damage_taken":0,"max_hp_gain":10,"max_hp_loss":0,"event_name":"Bonfire Elementals","floor":36,"gold_loss":0},{"damage_healed":0,"gold_gain":0,"player_choice":"Ignored","damage_taken":0,"max_hp_gain":0,"max_hp_loss":0,"event_name":"Tomb of Lord Red Mask","floor":38,"gold_loss":0},{"damage_healed":0,"gold_gain":0,"player_choice":"Fight","damage_taken":0,"max_hp_gain":0,"max_hp_loss":0,"event_name":"Mysterious Sphere","floor":39,"gold_loss":0},{"cards_removed":["RobotSpaceExplorer:Strike"],"damage_healed":0,"gold_gain":0,"player_choice":"Removed Attack","damage_taken":0,"max_hp_gain":0,"max_hp_loss":0,"event_name":"Falling","floor":45,"gold_loss":0}],"is_beta":false,"boss_relics":[{"not_picked":["Ectoplasm","Fusion Hammer"],"picked":"RobotSpaceExplorer:SearchSpecs"},{"not_picked":["Snecko Eye","Runic Dome"],"picked":"Astrolabe"}],"items_purged_floors":[],"is_endless":false,"potions_floor_spawned":[2,3,5,20,30,31,33,37,44,46,48],"ascension_level":1}}