{"host":"o7j6aatxjwpw1421","time":1610190006,"event":{"mods":["2.2 Compatiblity","AchievementEnabler","BaseMod","Colored Map","DeckTracker","Highlight Path","Keyboard Shortcuts","Minty Spire (QoL Compilation)","Permanent Neow","Quick Restart","StSLib","SuperFastMode","everything is the same but u backflip on backflip"],"gold_per_floor":[118,132,132,20,40,40,51,51,51,84,103,120,137,37,37,111,111,131,143,143,143],"floor_reached":20,"playtime":1047,"items_purged":["Strike_G","Strike_G"],"score":433,"play_id":"ed1fd1c7-17f9-4a5a-9102-391fef7a09a7","local_time":"20210109200006","is_ascension_mode":true,"campfire_choices":[{"data":"Accuracy","floor":6.0,"key":"SMITH"},{"floor":15.0,"key":"REST"}],"circlet_count":0,"master_deck":["AscendersBane","Strike_G","Strike_G","Defend_G","Defend_G","Defend_G","Defend_G","Survivor","Neutralize","Malaise","Underhanded Strike","Accuracy+1","Blade Dance","Footwork","Prepared","Deflect","Reflex","Dagger Throw","Phantasmal Killer"],"relics":["Ring of the Snake","Anchor","Darkstone Periapt","SacredBark"],"acts_visited":["Exordium","TheCity"],"potions_floor_usage":[16,16],"damage_taken":[{"damage":1.0,"enemies":"Cultist","floor":1.0,"turns":6.0},{"damage":4.0,"enemies":"Small Slimes","floor":2.0,"turns":4.0},{"damage":0.0,"enemies":"2 Louse","floor":5.0,"turns":3.0},{"damage":1.0,"enemies":"Looter","floor":7.0,"turns":3.0},{"damage":27.0,"enemies":"Gremlin Nob","floor":10.0,"turns":4.0},{"damage":4.0,"enemies":"Exordium Thugs","floor":11.0,"turns":5.0},{"damage":5.0,"enemies":"Gremlin Gang","floor":12.0,"turns":5.0},{"damage":0.0,"enemies":"Looter","floor":13.0,"turns":3.0},{"damage":0,"enemies":"Hexaghost","floor":16,"turns":8},{"damage":20,"enemies":"Spheric Guardian","floor":18,"turns":4},{"damage":22,"enemies":"3 Byrds","floor":19,"turns":7},{"damage":17,"enemies":"Sentry and Sphere","floor":20,"turns":5}],"seed_played":"-7745769200041597572","potions_obtained":[{"floor":7.0,"key":"Strength Potion"},{"floor":8.0,"key":"DistilledChaos"},{"floor":8.0,"key":"ColorlessPotion"},{"floor":10.0,"key":"EssenceOfSteel"},{"floor":12.0,"key":"Ancient Potion"},{"floor":13.0,"key":"LiquidBronze"},{"floor":19,"key":"Ancient Potion"}],"is_trial":false,"path_per_floor":["M","M","?","$","M","R","M","?","T","E","M","M","M","$","R","B",null,"M","M","M"],"character_chosen":"THE_SILENT","items_purchased":["Footwork"],"campfire_rested":1,"item_purchase_floors":[4],"current_hp_per_floor":[43,39,44,44,44,44,43,43,43,16,12,7,7,7,28,28,60,40,18,1,1],"gold":143,"neow_bonus":"TRANSFORM_TWO_CARDS","is_daily":false,"chose_seed":false,"campfire_upgraded":1,"win_rate":0.0,"timestamp":1610190006,"path_taken":["M","?","?","$","M","R","M","?","T","E","?","M","M","$","R","BOSS","M","M","?"],"items_purchased_type":["Card"],"build_version":"2020-12-22","purchased_purges":2,"victory":false,"max_hp_per_floor":[66,66,71,71,71,71,71,71,71,71,71,71,71,71,71,71,71,71,71,71,71],"card_choices":[{"not_picked":["Outmaneuver","Bane"],"picked":"Accuracy","floor":1.0},{"not_picked":["Sucker Punch","Infinite Blades"],"picked":"Blade Dance","floor":2.0},{"not_picked":["Concentrate","Caltrops"],"picked":"Prepared","floor":5.0},{"not_picked":["Poisoned Stab","Acrobatics"],"picked":"Deflect","floor":7.0},{"not_picked":["Flying Knee","Setup","Bullet Time"],"picked":"SKIP","floor":10.0},{"not_picked":["Flying Knee","Setup","Bullet Time"],"picked":"SKIP","floor":10.0},{"not_picked":["Prepared","Blade Dance"],"picked":"Reflex","floor":11.0},{"not_picked":["Outmaneuver","Sucker Punch"],"picked":"Dagger Throw","floor":12.0},{"not_picked":["Sucker Punch","Reflex","Distraction"],"picked":"SKIP","floor":13.0},{"not_picked":["Unload","Bullet Time"],"picked":"Phantasmal Killer","floor":16},{"not_picked":["Outmaneuver","Deflect+1","All Out Attack"],"picked":"SKIP","floor":18},{"not_picked":["Heel Hook","Sucker Punch+1","Deadly Poison"],"picked":"SKIP","floor":19}],"player_experience":452550,"relics_obtained":[{"floor":9.0,"key":"Anchor"},{"floor":10.0,"key":"Darkstone Periapt"}],"event_choices":[{"damage_healed":0.0,"max_hp_gain":5.0,"max_hp_loss":0.0,"gold_gain":0.0,"event_name":"Big Fish","player_choice":"Donut","floor":3.0,"gold_loss":0.0,"damage_taken":0.0},{"damage_healed":0.0,"max_hp_gain":0.0,"max_hp_loss":0.0,"gold_gain":0.0,"event_name":"Lab","player_choice":"Got Potions","floor":8.0,"gold_loss":0.0,"damage_taken":0.0}],"is_beta":false,"boss_relics":[{"not_picked":["Cursed Key","Snecko Eye"],"picked":"SacredBark"}],"items_purged_floors":[4,14],"is_endless":false,"potions_floor_spawned":[7,10,12,13,19],"killed_by":"Sentry and Sphere","ascension_level":18}}