{"host":"mjmsgaxkb56jw5c5","time":1610151144,"event":{"mods":["AchievementEnabler","Aspiration","BaseMod","Colored Powertips","Conspire","Downfall","Hubris","Minty Spire (QoL Compilation)","Replay The Spire","StSLib","The Jungle"],"gold_per_floor":[113,113,125,44,44,78,78,107,159,159,193,212,222,222,322,422,422,422],"floor_reached":18,"playtime":489,"items_purged":[],"score":274,"play_id":"34b0583a-30d3-4346-a823-d7b23170383a","local_time":"20210109011224","is_ascension_mode":true,"campfire_choices":[{"data":"Hemokinesis","floor":7,"key":"SMITH"},{"data":"Corruption","floor":10,"key":"SMITH"},{"data":"Dark Embrace","floor":15,"key":"SMITH"}],"circlet_count":0,"master_deck":["Strike_R","Strike_R","Strike_R","Strike_R","Strike_R","Defend_R+1","Defend_R","Defend_R+1","Defend_R","Bash","ReplayTheSpireMod:Strike From Hell+1","Hemokinesis+1","Inflame","Dark Embrace","Corruption+1","Dark Embrace+1","conspire:HitWhereItHurts+1"],"relics":["Burning Blood","NeowsBlessing","Anchor","hubris:Teleporter","Happy Flower","Golden Egg","Replay:Wanted Poster"],"acts_visited":["Exordium","TheCity"],"potions_floor_usage":[16,16],"damage_taken":[{"damage":0,"enemies":"Jaw Worm","floor":1,"turns":1},{"damage":0,"enemies":"Cultist","floor":3,"turns":1},{"damage":0,"enemies":"Lagavulin","floor":6,"turns":1},{"damage":18,"enemies":"3 Sentries","floor":8,"turns":7},{"damage":24,"enemies":"Gremlin Nob","floor":11,"turns":4},{"damage":0,"enemies":"2 Louse","floor":12,"turns":3},{"damage":2,"enemies":"2 Fungi Beasts","floor":13,"turns":3},{"damage":70,"enemies":"Fading Forest","floor":16,"turns":11},{"damage":0,"enemies":"3 Byrds","floor":18,"turns":1}],"seed_played":"6582516550738829108","potions_obtained":[{"floor":3,"key":"EssenceOfSteel"},{"floor":6,"key":"SmokeBomb"},{"floor":8,"key":"FearPotion"},{"floor":16,"key":"Fire Potion"}],"is_trial":false,"path_per_floor":["M","?","M","$","?","E","R","E","T","R","E","M","M","R","B",null,"M"],"character_chosen":"IRONCLAD","items_purchased":["Inflame"],"campfire_rested":0,"item_purchase_floors":[4],"current_hp_per_floor":[78,62,68,68,68,74,74,62,62,62,44,50,54,54,8,62,62,62],"gold":422,"neow_bonus":"THREE_ENEMY_KILL","is_daily":false,"chose_seed":false,"campfire_upgraded":3,"win_rate":0.0,"timestamp":1610151144,"path_taken":["M","?","M","$","?","E","R","E","T","R","E","M","?","R","BOSS","M"],"items_purchased_type":["Card"],"build_version":"2020-12-22","purchased_purges":0,"victory":false,"max_hp_per_floor":[80,80,80,80,80,80,80,80,80,80,80,80,80,80,80,80,80,80],"card_choices":[{"not_picked":["Heavy Blade","Cleave"],"picked":"ReplayTheSpireMod:Strike From Hell","floor":1},{"not_picked":["Sever Soul","hubris:ReadiedAction"],"picked":"Hemokinesis","floor":3},{"not_picked":["Replay:Undeath\u0027s Touch","Headbutt"],"picked":"Dark Embrace","floor":6},{"not_picked":["Sword Boomerang","Havoc"],"picked":"Corruption","floor":8},{"not_picked":["Cleave","Searing Blow","Ghostly Armor"],"picked":"SKIP","floor":11},{"not_picked":["Thunderclap","Uppercut","Flame Barrier"],"picked":"SKIP","floor":12},{"not_picked":["Carnage","Twin Strike"],"picked":"Dark Embrace","floor":13},{"not_picked":["Barricade","Limit Break"],"picked":"conspire:HitWhereItHurts","floor":16}],"player_experience":241850,"relics_obtained":[{"floor":6,"key":"Anchor"},{"floor":8,"key":"hubris:Teleporter"},{"floor":9,"key":"Happy Flower"},{"floor":11,"key":"Golden Egg"}],"event_choices":[{"damage_healed":0,"gold_gain":0,"player_choice":"Entered Light","damage_taken":16,"max_hp_gain":0,"max_hp_loss":0,"event_name":"Shining Light","floor":2,"gold_loss":0,"cards_upgraded":["Defend_R","Defend_R"]},{"damage_healed":0,"gold_gain":0,"player_choice":"Upgraded","damage_taken":0,"max_hp_gain":0,"max_hp_loss":0,"event_name":"Upgrade Shrine","floor":5,"gold_loss":0,"cards_upgraded":["ReplayTheSpireMod:Strike From Hell"]}],"is_beta":false,"boss_relics":[{"not_picked":["ReplayTheSpireMod:DimensionalGlitch","Kintsugi"],"picked":"Replay:Wanted Poster"}],"items_purged_floors":[],"is_endless":false,"potions_floor_spawned":[3,6,8,16],"killed_by":"3 Byrds","ascension_level":7}}