{"host":"o7j6aatxjwpw1421","time":1610196905,"event":{"mods":["2.2 Compatiblity","AchievementEnabler","BaseMod","Colored Map","DeckTracker","Highlight Path","Keyboard Shortcuts","Minty Spire (QoL Compilation)","Permanent Neow","Quick Restart","StSLib","SuperFastMode","everything is the same but u backflip on backflip"],"gold_per_floor":[362,15,30,30,43,43,61,74,98,127,127,143,65,82,82,158,158,168,68,68,80,80,80,94,94,120,149,169,169,189,222,222,300,300,314,314,327,343,358,358,378,405,428,428,20,38,63,73,73,73],"floor_reached":51,"playtime":4440,"items_purged":["Strike_G","Strike_G"],"score":1304,"play_id":"260c84ec-c0f1-4b4d-8e05-a03fc7c5e604","local_time":"20210109215505","is_ascension_mode":true,"campfire_choices":[{"data":"Night Terror","floor":6.0,"key":"SMITH"},{"data":"Noxious Fumes","floor":11.0,"key":"SMITH"},{"data":"After Image","floor":15.0,"key":"SMITH"},{"data":"Envenom","floor":23.0,"key":"SMITH"},{"data":"Accuracy","floor":25.0,"key":"SMITH"},{"floor":29.0,"key":"REST"},{"floor":32.0,"key":"REST"},{"floor":40.0,"key":"REST"},{"floor":44.0,"key":"REST"},{"data":"Blade Dance","floor":49.0,"key":"SMITH"}],"circlet_count":0,"master_deck":["AscendersBane","Defend_G","Defend_G","Defend_G","Survivor","Neutralize","Infinite Blades","Blade Dance+1","Night Terror+1","Deflect","Noxious Fumes+1","Accuracy+1","After Image+1","After Image","Backflip","Envenom+1","After Image","After Image","Infinite Blades+1","A Thousand Cuts+1","Quick Slash+1","Escape Plan+1","Blade Dance+1","Blade Dance","Footwork","Setup+1","Terror+1"],"relics":["Ring of the Snake","Shuriken","Centennial Puzzle","Vajra","WristBlade","Regal Pillow","Bag of Marbles","MealTicket","Astrolabe","Mercury Hourglass","Bag of Preparation","Incense Burner","Unceasing Top"],"acts_visited":["Exordium","TheCity","TheBeyond"],"potions_floor_usage":[50,50],"damage_taken":[{"damage":4.0,"enemies":"Jaw Worm","floor":1.0,"turns":6.0},{"damage":1.0,"enemies":"Cultist","floor":3.0,"turns":4.0},{"damage":3.0,"enemies":"Small Slimes","floor":5.0,"turns":3.0},{"damage":0.0,"enemies":"Exordium Thugs","floor":7.0,"turns":4.0},{"damage":0.0,"enemies":"Looter","floor":8.0,"turns":4.0},{"damage":17.0,"enemies":"Lagavulin","floor":10.0,"turns":8.0},{"damage":3.0,"enemies":"Exordium Wildlife","floor":12.0,"turns":4.0},{"damage":1.0,"enemies":"Red Slaver","floor":14.0,"turns":5.0},{"damage":2.0,"enemies":"Hexaghost","floor":16.0,"turns":7.0},{"damage":16.0,"enemies":"3 Byrds","floor":18.0,"turns":5.0},{"damage":0.0,"enemies":"Chosen","floor":21.0,"turns":3.0},{"damage":0.0,"enemies":"Centurion and Healer","floor":24.0,"turns":5.0},{"damage":31.0,"enemies":"Slavers","floor":27.0,"turns":5.0},{"damage":0.0,"enemies":"3 Cultists","floor":28.0,"turns":5.0},{"damage":2.0,"enemies":"Cultist and Chosen","floor":30.0,"turns":6.0},{"damage":37.0,"enemies":"Book of Stabbing","floor":31.0,"turns":6.0},{"damage":10.0,"enemies":"Champ","floor":33.0,"turns":12.0},{"damage":10.0,"enemies":"Orb Walker","floor":35.0,"turns":5.0},{"damage":2.0,"enemies":"3 Shapes","floor":37.0,"turns":6.0},{"damage":25.0,"enemies":"Jaw Worm Horde","floor":38.0,"turns":6.0},{"damage":6.0,"enemies":"4 Shapes","floor":39.0,"turns":6.0},{"damage":27.0,"enemies":"Transient","floor":41.0,"turns":6.0},{"damage":16.0,"enemies":"Giant Head","floor":42.0,"turns":7.0},{"damage":13.0,"enemies":"Spire Growth","floor":46.0,"turns":5.0},{"damage":0.0,"enemies":"Mind Bloom Boss Battle","floor":47.0,"turns":3.0},{"damage":3.0,"enemies":"Jaw Worm Horde","floor":48.0,"turns":4.0},{"damage":54,"enemies":"Awakened One","floor":50,"turns":7}],"seed_played":"-7037565415923058699","potions_obtained":[{"floor":1.0,"key":"FairyPotion"},{"floor":8.0,"key":"Dexterity Potion"},{"floor":10.0,"key":"BlessingOfTheForge"},{"floor":12.0,"key":"Regen Potion"},{"floor":16.0,"key":"GamblersBrew"},{"floor":30.0,"key":"Swift Potion"},{"floor":31.0,"key":"Poison Potion"},{"floor":33.0,"key":"SteroidPotion"},{"floor":39.0,"key":"Fruit Juice"},{"floor":41.0,"key":"LiquidMemories"},{"floor":48.0,"key":"EntropicBrew"}],"is_trial":false,"path_per_floor":["M","$","M","?","M","R","M","M","T","E","R","M","$","M","R","B",null,"M","$","?","M","?","R","M","R","T","E","M","R","M","E","R","B",null,"M","?","M","M","M","R","M","E","T","R","$","M","?","M","R","B",null],"character_chosen":"THE_SILENT","items_purchased":["Shuriken","Accuracy","Incense Burner","Footwork"],"campfire_rested":4,"item_purchase_floors":[2,13,45,45],"current_hp_per_floor":[40,40,39,39,36,36,36,36,36,19,19,16,16,29,29,27,56,40,40,40,40,40,40,40,40,40,9,9,43,41,4,38,28,57,47,47,45,20,19,54,27,11,11,46,61,48,48,45,45,11],"gold":73,"neow_bonus":"TWO_FIFTY_GOLD","is_daily":false,"chose_seed":false,"campfire_upgraded":6,"win_rate":0.0,"timestamp":1610196905,"path_taken":["M","$","M","?","M","R","M","M","T","E","R","M","$","M","R","BOSS","M","?","?","M","?","R","M","R","T","E","?","R","M","E","R","BOSS","M","?","M","M","M","R","M","E","T","R","$","M","?","M","R","BOSS"],"items_purchased_type":["Relic","Card","Relic","Card"],"build_version":"2020-12-22","purchased_purges":2,"victory":true,"max_hp_per_floor":[66,66,66,66,66,66,66,66,66,66,66,66,66,66,66,66,66,66,66,66,66,66,66,66,66,66,66,66,66,66,66,66,66,66,66,63,63,63,68,68,68,68,68,68,68,68,68,68,68,68],"card_choices":[{"not_picked":["Masterful Stab","Dodge and Roll"],"picked":"Infinite Blades","floor":1.0},{"not_picked":["PiercingWail","Backflip"],"picked":"Blade Dance","floor":3.0},{"not_picked":["Skewer","Acrobatics"],"picked":"Night Terror","floor":5.0},{"not_picked":["Acrobatics","Poisoned Stab"],"picked":"Deflect","floor":7.0},{"not_picked":["Deflect","Poisoned Stab"],"picked":"Noxious Fumes","floor":8.0},{"not_picked":["Backflip","Caltrops","Flying Knee"],"picked":"SKIP","floor":10.0},{"not_picked":["Blade Dance","Deflect","Endless Agony"],"picked":"SKIP","floor":12.0},{"not_picked":["Endless Agony","Infinite Blades"],"picked":"After Image","floor":14.0},{"not_picked":["Adrenaline","Doppelganger"],"picked":"After Image","floor":16.0},{"not_picked":["Slice","Bouncing Flask"],"picked":"Backflip","floor":18.0},{"not_picked":["Backflip","Blade Dance+1","Acrobatics"],"picked":"SKIP","floor":21.0},{"not_picked":["Skewer","Sucker Punch","Riddle With Holes"],"picked":"SKIP","floor":24.0},{"not_picked":["Bullet Time","Outmaneuver","Backflip"],"picked":"SKIP","floor":27.0},{"not_picked":["Bane","Catalyst","Reflex"],"picked":"SKIP","floor":28.0},{"not_picked":["Concentrate","Flying Knee","Outmaneuver"],"picked":"SKIP","floor":30.0},{"not_picked":["Doppelganger","Dagger Spray"],"picked":"After Image","floor":31.0},{"not_picked":["Phantasmal Killer","Storm of Steel"],"picked":"After Image","floor":33.0},{"not_picked":["Flying Knee","Deflect+1","Concentrate"],"picked":"SKIP","floor":35.0},{"not_picked":["Backflip","Acrobatics","Bane"],"picked":"SKIP","floor":37.0},{"not_picked":["Backflip","Acrobatics","Bane"],"picked":"SKIP","floor":37.0},{"not_picked":["Acrobatics","Blade Dance"],"picked":"Escape Plan+1","floor":38.0},{"not_picked":["Deadly Poison","Distraction"],"picked":"Blade Dance+1","floor":39.0},{"not_picked":["Flying Knee","Slice+1","Dash+1"],"picked":"SKIP","floor":41.0},{"not_picked":["Slice+1","Outmaneuver+1"],"picked":"Blade Dance","floor":42.0},{"not_picked":["Slice","Glass Knife"],"picked":"Setup+1","floor":46.0},{"not_picked":["Caltrops","Dagger Throw"],"picked":"Terror+1","floor":47.0},{"not_picked":["Noxious Fumes+1","Deflect","Deadly Poison"],"picked":"SKIP","floor":48.0}],"player_experience":455325,"relics_obtained":[{"floor":9.0,"key":"Centennial Puzzle"},{"floor":10.0,"key":"Vajra"},{"floor":26.0,"key":"Regal Pillow"},{"floor":27.0,"key":"Bag of Marbles"},{"floor":31.0,"key":"MealTicket"},{"floor":42.0,"key":"Mercury Hourglass"},{"floor":43.0,"key":"Bag of Preparation"},{"floor":47.0,"key":"Unceasing Top"}],"event_choices":[{"cards_removed":["Defend_G"],"damage_healed":0.0,"max_hp_gain":0.0,"max_hp_loss":0.0,"gold_gain":0.0,"event_name":"Purifier","player_choice":"Purged","floor":4.0,"gold_loss":0.0,"damage_taken":0.0},{"damage_healed":0.0,"max_hp_gain":0.0,"max_hp_loss":0.0,"gold_gain":0.0,"cards_transformed":["Strike_G","Strike_G"],"event_name":"Drug Dealer","player_choice":"Became Test Subject","floor":20.0,"gold_loss":0.0,"damage_taken":0.0,"cards_obtained":["Distraction","Envenom"]},{"damage_healed":0.0,"max_hp_gain":0.0,"max_hp_loss":0.0,"gold_gain":0.0,"event_name":"Vampires","player_choice":"Ignored","floor":22.0,"gold_loss":0.0,"damage_taken":0.0},{"damage_healed":0.0,"max_hp_gain":0.0,"max_hp_loss":3.0,"gold_gain":0.0,"event_name":"Winding Halls","player_choice":"Max HP","floor":36.0,"gold_loss":0.0,"damage_taken":0.0},{"damage_healed":0.0,"max_hp_gain":0.0,"max_hp_loss":0.0,"gold_gain":0.0,"event_name":"MindBloom","player_choice":"Fight","floor":47.0,"gold_loss":0.0,"damage_taken":0.0}],"is_beta":false,"boss_relics":[{"not_picked":["Ectoplasm","SlaversCollar"],"picked":"WristBlade"},{"not_picked":["Philosopher\u0027s Stone","Tiny House"],"picked":"Astrolabe"}],"items_purged_floors":[2,19],"is_endless":false,"potions_floor_spawned":[1,8,10,12,16,21,30,31,33,39,41,42,47,48],"ascension_level":18}}