{"host":"agbyy69nq62afhwx","time":1610221122,"event":{"mods":["BaseMod","Colored Map","DeckTracker","Highlight Path","Keyboard Shortcuts","Minty Spire (QoL Compilation)","Quick Restart","StSLib","SuperFastMode","everything is the same but u backflip on backflip"],"gold_per_floor":[111,122,136,146,146,146,96,96,96,96,131,147,158,173,173,274,274,292,306,324,324,352,352,378,396,447,463,23,40,40,40,40,143,143,160,170,181,201,249,281,281,55,105,105,138,154,171,171,171,171],"floor_reached":51,"playtime":1845,"items_purged":["Defend_B"],"score":1476,"play_id":"c75fc49e-7427-4e4a-9497-f536a8b5ed05","local_time":"20210110043842","is_ascension_mode":true,"campfire_choices":[{"data":"Redo","floor":6,"key":"SMITH"},{"data":"Tempest","floor":8,"key":"SMITH"},{"floor":15,"key":"REST"},{"floor":23,"key":"REST"},{"floor":30,"key":"REST"},{"data":"Heatsinks","floor":32,"key":"SMITH"},{"data":"Electrodynamics","floor":41,"key":"SMITH"},{"data":"Lockon","floor":44,"key":"SMITH"},{"floor":49,"key":"REST"}],"circlet_count":0,"master_deck":["Strike_B+1","Strike_B+1","Defend_B","Defend_B+1","Zap+1","Dualcast","Tempest+1","Defragment+1","Redo+1","Lockon+1","Conserve Battery+1","Hologram+1","Double Energy+1","White Noise+1","Steam+1","Electrodynamics+1","Aggregate+1","Chill+1","Heatsinks+1","Rainbow+1","Leap+1","Go for the Eyes+1","Rainbow+1","Skim+1","Stack+1","Glacier+1","Ghostly+1","Ghostly+1","Ghostly+1","Ghostly+1","Ghostly+1","Fission+1","Coolheaded+1","Compile Driver","Auto Shields+1","Capacitor+1"],"relics":["Cracked Core","Dream Catcher","Toxic Egg 2","Velvet Choker","Red Mask","Ginger","Whetstone","Dead Branch","Runic Capacitor","Sozu","Prayer Wheel","Akabeko","Bag of Preparation","War Paint","Pocketwatch"],"acts_visited":["Exordium","TheCity","TheBeyond"],"potions_floor_usage":[22,50,50,50],"damage_taken":[{"damage":1,"enemies":"Cultist","floor":1,"turns":3},{"damage":4,"enemies":"Jaw Worm","floor":2,"turns":3},{"damage":3,"enemies":"2 Louse","floor":3,"turns":2},{"damage":7,"enemies":"Large Slime","floor":4,"turns":5},{"damage":40,"enemies":"3 Sentries","floor":11,"turns":5},{"damage":3,"enemies":"Blue Slaver","floor":12,"turns":3},{"damage":0,"enemies":"2 Fungi Beasts","floor":13,"turns":3},{"damage":2,"enemies":"Exordium Wildlife","floor":14,"turns":3},{"damage":30,"enemies":"Hexaghost","floor":16,"turns":8},{"damage":9,"enemies":"Spheric Guardian","floor":18,"turns":4},{"damage":12,"enemies":"2 Thieves","floor":19,"turns":3},{"damage":23,"enemies":"Snake Plant","floor":20,"turns":5},{"damage":0,"enemies":"Masked Bandits","floor":22,"turns":2},{"damage":21,"enemies":"Book of Stabbing","floor":24,"turns":7},{"damage":3,"enemies":"Snecko","floor":25,"turns":5},{"damage":0,"enemies":"Chosen and Byrds","floor":27,"turns":4},{"damage":0,"enemies":"Shelled Parasite and Fungi","floor":29,"turns":4},{"damage":1,"enemies":"Champ","floor":33,"turns":9},{"damage":0,"enemies":"Orb Walker","floor":35,"turns":2},{"damage":0,"enemies":"3 Darklings","floor":36,"turns":3},{"damage":0,"enemies":"Maw","floor":37,"turns":7},{"damage":0,"enemies":"Writhing Mass","floor":38,"turns":6},{"damage":0,"enemies":"2 Orb Walkers","floor":39,"turns":6},{"damage":0,"enemies":"Nemesis","floor":40,"turns":7},{"damage":0,"enemies":"Reptomancer","floor":45,"turns":5},{"damage":5,"enemies":"4 Shapes","floor":46,"turns":5},{"damage":0,"enemies":"3 Darklings","floor":47,"turns":5},{"damage":0,"enemies":"Donu and Deca","floor":50,"turns":6}],"seed_played":"354586476439438677","potions_obtained":[{"floor":1,"key":"Dexterity Potion"},{"floor":3,"key":"EssenceOfSteel"},{"floor":4,"key":"ColorlessPotion"},{"floor":20,"key":"Regen Potion"},{"floor":22,"key":"CultistPotion"}],"is_trial":false,"path_per_floor":["M","M","M","M","?","R","?","R","T","?","E","M","M","M","R","B",null,"M","M","M","?","?","R","E","M","T","M","$","M","R","?","R","B",null,"M","M","M","M","?","E","R","$","T","R","E","M","M","?","R","B",null],"character_chosen":"DEFECT","items_purchased":["Dead Branch","Runic Capacitor","Bag of Preparation"],"campfire_rested":4,"item_purchase_floors":[28,28,42],"current_hp_per_floor":[67,63,60,53,53,53,53,53,53,58,18,15,15,13,34,4,56,47,35,12,12,17,38,17,14,14,14,14,14,35,35,35,34,36,36,36,36,36,36,36,36,36,36,36,36,31,31,31,36,36],"gold":171,"neow_bonus":"THREE_RARE_CARDS","is_daily":false,"chose_seed":false,"campfire_upgraded":5,"win_rate":0.0,"timestamp":1610221122,"path_taken":["M","M","M","?","?","R","?","R","T","?","E","M","M","M","R","BOSS","M","M","M","?","?","R","E","M","T","M","$","M","R","?","R","BOSS","M","M","M","M","?","E","R","$","T","R","E","M","M","?","R","BOSS"],"items_purchased_type":["Relic","Relic","Relic"],"build_version":"2020-12-22","purchased_purges":1,"victory":true,"max_hp_per_floor":[68,68,68,68,68,68,68,68,68,73,73,73,73,73,73,73,73,73,73,73,73,73,73,73,73,73,73,73,73,73,36,36,36,36,36,36,36,36,36,36,36,36,36,36,36,36,36,36,36,36],"card_choices":[{"not_picked":["Rainbow","Fission"],"picked":"Echo Form","floor":0.0},{"not_picked":["Recycle","Leap"],"picked":"Tempest","floor":1},{"not_picked":["Beam Cell","Recycle"],"picked":"Defragment","floor":2},{"not_picked":["Hello World","Doom and Gloom"],"picked":"Redo","floor":3},{"not_picked":["Barrage","Consume"],"picked":"Lockon","floor":4},{"not_picked":["Redo+1","Biased Cognition"],"picked":"Conserve Battery+1","floor":11},{"not_picked":["Rebound","Gash"],"picked":"Hologram+1","floor":12},{"not_picked":["Reinforced Body+1","Rebound"],"picked":"Double Energy+1","floor":13},{"not_picked":["Consume+1","Beam Cell"],"picked":"White Noise+1","floor":14},{"not_picked":["Rebound","Hyperbeam"],"picked":"Steam+1","floor":15},{"not_picked":["Multi-Cast+1","Core Surge"],"picked":"Electrodynamics","floor":16},{"not_picked":["Hologram+1","Sunder"],"picked":"Aggregate+1","floor":18},{"not_picked":["Hologram+1","Barrage"],"picked":"Chill+1","floor":19},{"not_picked":["Beam Cell+1","Streamline","Hello World"],"picked":"SKIP","floor":20},{"not_picked":["Cold Snap","Compile Driver+1"],"picked":"Leap+1","floor":22},{"not_picked":["Leap+1","Sweeping Beam"],"picked":"Go for the Eyes+1","floor":23},{"not_picked":["Hologram+1","Go for the Eyes+1"],"picked":"Rainbow+1","floor":24},{"not_picked":["Aggregate+1","Gash"],"picked":"Skim+1","floor":25},{"not_picked":["Undo+1","Consume+1"],"picked":"Stack+1","floor":27},{"not_picked":["Cold Snap","Leap+1"],"picked":"Glacier+1","floor":29},{"not_picked":["Rainbow+1","Thunder Strike"],"picked":"Fission+1","floor":33},{"not_picked":["Steam+1","Scrape+1"],"picked":"Coolheaded+1","floor":35},{"not_picked":["Blizzard","Rebound+1","Sweeping Beam+1"],"picked":"SKIP","floor":36},{"not_picked":["Compile Driver","Gash+1","Beam Cell+1"],"picked":"SKIP","floor":37},{"not_picked":["Gash+1","Beam Cell+1"],"picked":"Compile Driver","floor":37},{"not_picked":["Lockon","Steam+1","Conserve Battery+1"],"picked":"SKIP","floor":38},{"not_picked":["Lockon","Melter"],"picked":"Auto Shields+1","floor":39},{"not_picked":["Barrage","Chill+1","Glacier+1"],"picked":"SKIP","floor":40},{"not_picked":["Consume+1","Redo+1","Gash"],"picked":"SKIP","floor":45},{"not_picked":["Leap+1","Coolheaded+1","Melter"],"picked":"SKIP","floor":46},{"not_picked":["Sweeping Beam+1","Echo Form","Barrage+1"],"picked":"SKIP","floor":46},{"not_picked":["Hello World+1","Doom and Gloom+1"],"picked":"Capacitor+1","floor":47},{"not_picked":["Cold Snap","Leap+1","Streamline"],"picked":"SKIP","floor":47}],"player_experience":405451,"relics_obtained":[{"floor":9,"key":"Dream Catcher"},{"floor":11,"key":"Toxic Egg 2"},{"floor":22,"key":"Red Mask"},{"floor":24,"key":"Ginger"},{"floor":26,"key":"Whetstone"},{"floor":39,"key":"Prayer Wheel"},{"floor":40,"key":"Akabeko"},{"floor":43,"key":"War Paint"},{"floor":45,"key":"Pocketwatch"}],"event_choices":[{"damage_healed":0,"gold_gain":0,"player_choice":"Grow","damage_taken":0,"max_hp_gain":0,"max_hp_loss":0,"event_name":"Living Wall","floor":5,"gold_loss":0,"cards_upgraded":["Defragment"]},{"cards_removed":["Strike_B"],"damage_healed":0,"gold_gain":0,"player_choice":"Card Removal","damage_taken":0,"max_hp_gain":0,"max_hp_loss":0,"event_name":"The Cleric","floor":7,"gold_loss":50},{"damage_healed":0,"gold_gain":0,"player_choice":"Donut","damage_taken":0,"max_hp_gain":5,"max_hp_loss":0,"event_name":"Big Fish","floor":10,"gold_loss":0},{"damage_healed":0,"gold_gain":0,"cards_transformed":["Strike_B","Defend_B"],"player_choice":"Became Test Subject","damage_taken":0,"max_hp_gain":0,"max_hp_loss":0,"event_name":"Drug Dealer","floor":21,"gold_loss":0,"cards_obtained":["Heatsinks","Rainbow"]},{"damage_healed":0,"gold_gain":0,"player_choice":"Fought Bandits","damage_taken":0,"max_hp_gain":0,"max_hp_loss":0,"event_name":"Masked Bandits","floor":22,"gold_loss":0},{"damage_healed":0,"gold_gain":0,"player_choice":"Became a Ghost","damage_taken":0,"max_hp_gain":0,"max_hp_loss":37,"event_name":"Ghosts","floor":31,"gold_loss":0,"cards_obtained":["Ghostly","Ghostly","Ghostly","Ghostly","Ghostly"]},{"damage_healed":0,"gold_gain":0,"player_choice":"Fight","damage_taken":0,"max_hp_gain":0,"max_hp_loss":0,"event_name":"Mysterious Sphere","floor":39,"gold_loss":0},{"damage_healed":0,"gold_gain":0,"player_choice":"Got Potions","damage_taken":0,"max_hp_gain":0,"max_hp_loss":0,"event_name":"Lab","floor":48,"gold_loss":0}],"is_beta":false,"boss_relics":[{"not_picked":["SlaversCollar","Ectoplasm"],"picked":"Velvet Choker"},{"not_picked":["Runic Dome","Tiny House"],"picked":"Sozu"}],"items_purged_floors":[42],"is_endless":false,"potions_floor_spawned":[1,3,4,13,18,20,22,29,36,37,40,47],"ascension_level":8}}