{"host":"el64n55ujqqj0ju7","time":1610223296,"event":{"mods":["AchievementEnabler","Act Like it!","BaseMod","Beaked The Cultist","Better Altar","Better Third Choice","BetterRewards","Card Forge","Colored Map","Conspire","Downfall","Hallownest","Hermit","Hubris","Infinite Spire","Lobotomy","Minty Spire (QoL Compilation)","Rare Cards Sparkle","Replay The Spire","Spicy Shops","Spikes Relics","StSLib","The Bug Knight","The Hierophant"],"gold_per_floor":[109,124,124,136,136,164,164,164,164,190,202,214,229,229,229,229,229],"floor_reached":16,"playtime":723,"items_purged":[],"score":112,"play_id":"c10337ac-49c4-4d73-9efb-7275ee2945a3","local_time":"20210109151456","is_ascension_mode":false,"campfire_choices":[{"data":"Demon Form","floor":7.0,"key":"SMITH"},{"floor":15.0,"key":"REST"}],"circlet_count":0,"master_deck":["Strike_R","Strike_R","Strike_R","Strike_R","Strike_R","Defend_R","Defend_R","Defend_R","Defend_R","Bash","Shrug It Off","Pommel Strike","Armaments+1","Demon Form+1","Pain","Sword Boomerang","Whirlwind"],"relics":["Burning Blood","Hammer of Thor","Seething Fire","Anvil of the Gods","Iron Hammer","WarpedTongs","King of Hearts","Unceasing Top"],"acts_visited":["Exordium"],"potions_floor_usage":[],"damage_taken":[{"damage":5.0,"enemies":"2 Louse","floor":1.0,"turns":4.0},{"damage":7.0,"enemies":"Small Slimes","floor":2.0,"turns":5.0},{"damage":0.0,"enemies":"Cultist","floor":4.0,"turns":4.0},{"damage":20.0,"enemies":"Gremlin Nob","floor":6.0,"turns":4.0},{"damage":12.0,"enemies":"3 Sentries","floor":10.0,"turns":7.0},{"damage":13.0,"enemies":"Blue Slaver","floor":11.0,"turns":4.0},{"damage":10.0,"enemies":"Exordium Thugs","floor":12.0,"turns":4.0},{"damage":40.0,"enemies":"Gremlin Gang","floor":13.0,"turns":5.0},{"damage":55,"enemies":"The Guardian","floor":16,"turns":14}],"seed_played":"7892204042177940257","potions_obtained":[{"floor":1.0,"key":"ColorlessPotion"},{"floor":2.0,"key":"Elixir"},{"floor":12.0,"key":"Venom Potion"}],"is_trial":false,"path_per_floor":["M","M","?","M","?","E","R","?","T","E","M","M","M","?","R","B"],"character_chosen":"IRONCLAD","items_purchased":[],"campfire_rested":1,"item_purchase_floors":[],"current_hp_per_floor":[80,79,79,80,80,66,66,66,66,60,53,49,15,15,39,0,0],"gold":229,"neow_bonus":"","is_daily":false,"chose_seed":false,"campfire_upgraded":1,"win_rate":0.0,"timestamp":1610223296,"path_taken":["M","M","?","M","?","E","R","?","T","E","M","M","?","?","R","BOSS"],"items_purchased_type":[],"build_version":"2020-12-22","purchased_purges":0,"victory":false,"max_hp_per_floor":[80,80,80,80,80,80,80,80,80,80,80,80,80,80,80,80,80],"card_choices":[{"not_picked":["Flex","Bloodletting"],"picked":"Shrug It Off","floor":1.0},{"not_picked":["conspire:ExplosiveBarrier","Body Slam"],"picked":"Pommel Strike","floor":2.0},{"not_picked":["Fire Breathing","Entrench"],"picked":"Armaments","floor":4.0},{"not_picked":["Run Through","Body Slam"],"picked":"Demon Form","floor":6.0},{"not_picked":["Headbutt","Perfected Strike","Flex"],"picked":"SKIP","floor":10.0},{"not_picked":["Thunderclap","Feel No Pain"],"picked":"Sword Boomerang","floor":11.0},{"not_picked":["Bloodletting","Life Link","Replay:Undeath\u0027s Touch"],"picked":"SKIP","floor":12.0},{"not_picked":["ReplayTheSpireMod:Strike From Hell","Body Slam"],"picked":"Whirlwind","floor":13.0}],"player_experience":9366,"relics_obtained":[{"floor":6.0,"key":"Iron Hammer"},{"floor":9.0,"key":"King of Hearts"},{"floor":10.0,"key":"Unceasing Top"}],"event_choices":[{"damage_healed":0.0,"max_hp_gain":0.0,"max_hp_loss":0.0,"gold_gain":0.0,"event_name":"conspire:LoneGhost","player_choice":"Disagree","floor":3.0,"gold_loss":0.0,"damage_taken":0.0},{"damage_healed":0.0,"max_hp_gain":0.0,"max_hp_loss":0.0,"gold_gain":0.0,"event_name":"Living Wall","player_choice":"Grow","floor":5.0,"gold_loss":0.0,"damage_taken":0.0,"cards_upgraded":["Armaments"]},{"damage_healed":0.0,"max_hp_gain":0.0,"max_hp_loss":0.0,"gold_gain":0.0,"event_name":"Accursed Blacksmith","player_choice":"Rummage","floor":8.0,"gold_loss":0.0,"damage_taken":0.0,"relics_obtained":["WarpedTongs"],"cards_obtained":["Pain"]}],"is_beta":false,"boss_relics":[],"items_purged_floors":[],"is_endless":false,"potions_floor_spawned":[1,2,12],"killed_by":"The Guardian","ascension_level":0}}