{"host":"minbhrtlkaoly5f0","time":1610192884,"event":{"mods":["Act Like it!","BaseMod","Colored Map","Colored Powertips","Lobotomy","LobotomyExtend","Luminous","Minty Spire (QoL Compilation)","Quick Restart","StSLib"],"gold_per_floor":[115,127,144,144,219,219,144,161,161,161,187,187,205,223,223,324,324,343,357,357,357,357],"floor_reached":21,"playtime":961,"items_purged":["SpecialBullet"],"score":181,"play_id":"2c07c32b-c733-4998-96d7-ab43603ec6a2","local_time":"20210109194804","is_ascension_mode":false,"campfire_choices":[],"circlet_count":0,"master_deck":["SpecialBullet","SpecialBullet","SpecialBullet","SpecialBullet","SpecialBullet","SpecialBullet","SpecialBullet","InformationCode","SecurityCode","ExtractionCode","SwordSharpenedByTears","LongBird","Scorched","Heaven","FrostShard","BlackSwan","InTheNameOfLoveAndHate+1","FrostShard+1","ControlCode","TT2Protocol","QueenOfHatred","Penitence+1","ParadiseLost","Pinks+1","SummonCall","SingingMachine"],"relics":["CogitoBucket","Happy Flower","RabbitCall","LetterFromLob","Letter Opener","Toxic Egg 2","FossilizedHelix","ChangeAnything","Sozu"],"acts_visited":["Exordium","TheCity"],"potions_floor_usage":[16,16,21],"damage_taken":[{"damage":11,"enemies":"Jaw Worm","floor":1,"turns":3},{"damage":10,"enemies":"2 Louse","floor":2,"turns":3},{"damage":6,"enemies":"Cultist","floor":3,"turns":3},{"damage":10,"enemies":"Looter","floor":8,"turns":2},{"damage":16,"enemies":"Gremlin Nob","floor":11,"turns":3},{"damage":6,"enemies":"Large Slime","floor":13,"turns":3},{"damage":0,"enemies":"2 Fungi Beasts","floor":14,"turns":1},{"damage":65,"enemies":"The Guardian","floor":16,"turns":8},{"damage":10,"enemies":"Spheric Guardian","floor":18,"turns":3},{"damage":15,"enemies":"Chosen","floor":19,"turns":5},{"damage":71,"enemies":"Snecko","floor":21,"turns":6}],"seed_played":"-275515635457682996","potions_obtained":[{"floor":1,"key":"SpeedPotion"},{"floor":11,"key":"Swift Potion"},{"floor":13,"key":"ColorlessPotion"},{"floor":16,"key":"GamblersBrew"}],"is_trial":false,"path_per_floor":["M","M","M","?","?","R","$","M","T","R","E","R","M","M","R","B",null,"M","M","?","M"],"character_chosen":"Angela","items_purchased":[],"campfire_rested":0,"item_purchase_floors":[],"current_hp_per_floor":[67,65,67,55,44,44,44,42,42,42,41,41,50,65,65,31,70,70,70,70,0,0],"gold":357,"neow_bonus":"RANDOM_COMMON_RELIC","is_daily":false,"chose_seed":false,"campfire_upgraded":0,"win_rate":0.0,"timestamp":1610192884,"path_taken":["M","M","M","?","?","R","$","M","T","R","E","R","M","M","R","BOSS","M","M","?","?"],"items_purchased_type":[],"build_version":"2020-12-22","purchased_purges":1,"victory":false,"max_hp_per_floor":[70,70,70,70,70,70,70,70,70,70,70,70,70,70,70,70,70,70,70,70,70,70],"card_choices":[{"not_picked":["InTheNameOfLoveAndHate"],"picked":"SwordSharpenedByTears","floor":1},{"not_picked":["RedEyes","FourthMatchFlame"],"picked":"SKIP","floor":1},{"not_picked":["RedEyes"],"picked":"Noise","floor":2},{"not_picked":["CherryBlossoms","FairyFestival"],"picked":"LongBird","floor":2},{"not_picked":["Soda","Lantern"],"picked":"SKIP","floor":2},{"not_picked":["BeautyBeast","Bloodbath"],"picked":"Scorched","floor":3},{"not_picked":["Soda"],"picked":"Heaven","floor":3},{"not_picked":["WristCuter","Noise"],"picked":"SKIP","floor":3},{"not_picked":["Soda"],"picked":"FrostShard","floor":8},{"not_picked":["FairyFestival","Variant"],"picked":"BlackSwan","floor":11},{"not_picked":["Hornet"],"picked":"InTheNameOfLoveAndHate+1","floor":11},{"not_picked":["Wingbeat+1"],"picked":"FrostShard+1","floor":11},{"not_picked":["Moonlight","SolemnVow"],"picked":"SKIP","floor":13},{"not_picked":["Regret_ego","Hypocrisy+1"],"picked":"SKIP","floor":13},{"not_picked":["Laetitia","ShyLook"],"picked":"QueenOfHatred","floor":14},{"not_picked":["WristCuter"],"picked":"Penitence+1","floor":14},{"not_picked":["DaCapo+1"],"picked":"ParadiseLost","floor":16},{"not_picked":["Adoration+1"],"picked":"Pinks+1","floor":16},{"not_picked":["Lantern","GrinderMk4"],"picked":"SKIP","floor":18},{"not_picked":["GalaxyChild","SnowQueen"],"picked":"SingingMachine","floor":19},{"not_picked":["LifeForTheDareDevil","CUTE+1"],"picked":"SKIP","floor":19},{"not_picked":["CUTE+1","Penitence+1"],"picked":"SKIP","floor":19},{"not_picked":["LifeForTheDareDevil","CUTE+1"],"picked":"SKIP","floor":19},{"not_picked":["CUTE+1","Penitence+1"],"picked":"SKIP","floor":19},{"not_picked":["LifeForTheDareDevil","CUTE+1"],"picked":"SKIP","floor":19},{"not_picked":["CUTE+1","Penitence+1"],"picked":"SKIP","floor":19}],"player_experience":27882,"relics_obtained":[{"floor":1,"key":"LetterFromLob"},{"floor":9,"key":"Toxic Egg 2"},{"floor":11,"key":"FossilizedHelix"}],"event_choices":[{"damage_healed":0,"gold_gain":0,"player_choice":"Success","damage_taken":12,"relics_obtained":["Letter Opener"],"max_hp_gain":0,"max_hp_loss":0,"event_name":"Scrap Ooze","floor":4,"gold_loss":0},{"damage_healed":0,"gold_gain":75,"player_choice":"Gather Gold","damage_taken":11,"max_hp_gain":0,"max_hp_loss":0,"event_name":"World of Goop","floor":5,"gold_loss":0},{"cards_removed":["Noise"],"damage_healed":5,"gold_gain":0,"player_choice":"Offered Common","damage_taken":0,"max_hp_gain":0,"max_hp_loss":0,"event_name":"Bonfire Elementals","floor":20,"gold_loss":0},{"cards_removed":["Noise"],"damage_healed":5,"gold_gain":0,"player_choice":"Offered Special","damage_taken":0,"max_hp_gain":0,"max_hp_loss":0,"event_name":"Bonfire Elementals","floor":20,"gold_loss":0}],"is_beta":false,"boss_relics":[{"not_picked":["Philosopher\u0027s Stone","SacredBark"],"picked":"Sozu"}],"items_purged_floors":[7],"is_endless":false,"potions_floor_spawned":[1,11,13,14,16],"killed_by":"Snecko","ascension_level":0}}