{"host":"msa0wxqjs3jv1k3j","time":1610179720,"event":{"mods":["BaseMod","BetterRewards","Colored Map","Highlight Path","KOR Keyword Fix","Keyboard Shortcuts","Minty Spire (QoL Compilation)","Quick Restart","SuperFastMode","everything is the same but u backflip on backflip"],"gold_per_floor":[115,290,290,59,78,105,105,139,163,192,192,211,228,255,255,350,350,366,378,293,293,293,293,392,392,472,491,243,261,261,274,274,378,378,394,406,406,422,119,119,0,53,53,53,53],"floor_reached":44,"playtime":1372,"items_purged":["Doubt","Strike_G"],"score":484,"play_id":"776de5ee-2f76-48f1-bc22-ce4490af0ee7","local_time":"20210109170840","is_ascension_mode":false,"campfire_choices":[{"data":"Poisoned Stab","floor":7.0,"key":"SMITH"},{"floor":15.0,"key":"REST"},{"floor":23.0,"key":"REST"},{"data":"Deadly Poison","floor":25.0,"key":"SMITH"},{"floor":32,"key":"REST"},{"floor":40,"key":"REST"}],"circlet_count":0,"master_deck":["Strike_G","Strike_G","Strike_G","Defend_G","Defend_G+1","Defend_G","Defend_G+1","Survivor","Neutralize","Catalyst+1","Slice","Purity","Poisoned Stab+1","Flying Knee","Deadly Poison+1","Bane","Poisoned Stab","Terror","Poisoned Stab","After Image","Flechettes+1","Envenom","Deflect","Slice+1","Deadly Poison","Panacea","Sadistic Nature","Catalyst","PiercingWail"],"relics":["Ring of the Serpent","Mango","PreservedInsect","Ancient Tea Set","Strange Spoon","Snake Skull","War Paint","Pen Nib","Boot","Question Card","Juzu Bracelet","Runic Pyramid","Bag of Marbles","Ninja Scroll","HandDrill","Ornamental Fan","Red Mask","Orichalcum","Eternal Feather"],"acts_visited":["Exordium","TheCity","TheBeyond"],"potions_floor_usage":[31,31,38],"damage_taken":[{"damage":5.0,"enemies":"Small Slimes","floor":1.0,"turns":5.0},{"damage":0.0,"enemies":"2 Louse","floor":5.0,"turns":2.0},{"damage":5.0,"enemies":"Gremlin Nob","floor":6.0,"turns":3.0},{"damage":31.0,"enemies":"3 Sentries","floor":8.0,"turns":6.0},{"damage":5.0,"enemies":"Lagavulin","floor":10.0,"turns":3.0},{"damage":0.0,"enemies":"Cultist","floor":12.0,"turns":2.0},{"damage":11.0,"enemies":"Exordium Wildlife","floor":13.0,"turns":2.0},{"damage":22.0,"enemies":"3 Sentries","floor":14.0,"turns":6.0},{"damage":21.0,"enemies":"The Guardian","floor":16.0,"turns":7.0},{"damage":11.0,"enemies":"Shell Parasite","floor":18.0,"turns":4.0},{"damage":21.0,"enemies":"2 Thieves","floor":19.0,"turns":4.0},{"damage":27.0,"enemies":"Shelled Parasite and Fungi","floor":27.0,"turns":4.0},{"damage":14,"enemies":"Snake Plant","floor":29,"turns":4},{"damage":5,"enemies":"Snecko","floor":31,"turns":3},{"damage":40,"enemies":"Champ","floor":33,"turns":7},{"damage":32,"enemies":"3 Shapes","floor":35,"turns":4},{"damage":7,"enemies":"Orb Walker","floor":36,"turns":2},{"damage":43,"enemies":"3 Darklings","floor":38,"turns":5},{"damage":40,"enemies":"4 Shapes","floor":44,"turns":3}],"seed_played":"3972783616692042089","potions_obtained":[{"floor":5.0,"key":"LiquidBronze"},{"floor":6.0,"key":"Block Potion"},{"floor":10.0,"key":"SpeedPotion"},{"floor":18.0,"key":"FearPotion"},{"floor":19.0,"key":"Energy Potion"},{"floor":31,"key":"DuplicationPotion"},{"floor":36,"key":"Swift Potion"}],"is_trial":false,"path_per_floor":["M","?","?","$","M","E","R","E","T","E","?","M","M","E","R","B",null,"M","M","?","?","?","R","?","R","T","M","$","M","$","M","R","B",null,"M","M","?","M","$","R","?","T","T","M"],"character_chosen":"THE_SILENT","items_purchased":["PreservedInsect","Ancient Tea Set","Strange Spoon","Catalyst","Slice","Purity","Snake Skull","HandDrill","Ornamental Fan","PiercingWail"],"campfire_rested":4,"item_purchase_floors":[0,0,0,0,0,0,4,28,39,39],"current_hp_per_floor":[79,79,79,79,79,74,74,43,43,38,38,38,27,5,30,9,84,73,52,52,36,36,62,62,62,62,35,35,21,21,16,42,2,89,57,50,45,2,2,28,28,28,28,0,0],"gold":53,"neow_bonus":"","is_daily":false,"chose_seed":false,"campfire_upgraded":2,"win_rate":0.0,"timestamp":1610179720,"path_taken":["M","?","?","$","?","E","R","E","T","E","?","M","M","E","R","BOSS","M","M","?","?","?","R","?","R","T","M","$","M","$","M","R","BOSS","M","M","?","M","$","R","?","?","T","M"],"items_purchased_type":["Relic","Relic","Relic","Card","Card","Card","Relic","Relic","Relic","Card"],"build_version":"2020-12-22","purchased_purges":2,"victory":false,"max_hp_per_floor":[84,84,84,84,84,84,84,84,84,84,84,84,84,84,84,84,84,84,84,84,89,89,89,89,89,89,89,89,89,89,89,89,89,89,89,89,89,89,89,89,89,89,89,89,89],"card_choices":[{"not_picked":["Calculated Gamble","Flying Knee"],"picked":"Poisoned Stab","floor":1.0},{"not_picked":["Prepared","Acrobatics"],"picked":"Flying Knee","floor":5.0},{"not_picked":["Leg Sweep","Prepared","Heel Hook"],"picked":"SKIP","floor":6.0},{"not_picked":["Corpse Explosion","Malaise"],"picked":"Deadly Poison","floor":8.0},{"not_picked":["Distraction","Quick Slash"],"picked":"Bane","floor":10.0},{"not_picked":["Sucker Punch","Deadly Poison","Slice"],"picked":"Poisoned Stab","floor":12.0},{"not_picked":["Sucker Punch","Underhanded Strike","Prepared"],"picked":"Terror","floor":13.0},{"not_picked":["Quick Slash","Masterful Stab","Leg Sweep"],"picked":"Poisoned Stab","floor":14.0},{"not_picked":["Die Die Die","Malaise","Wraith Form v2"],"picked":"After Image","floor":16.0},{"not_picked":["Poisoned Stab","Predator","Leg Sweep"],"picked":"Flechettes+1","floor":18.0},{"not_picked":["Skewer","Underhanded Strike","Bane","Flying Knee"],"picked":"SKIP","floor":19.0},{"not_picked":["Flying Knee","Underhanded Strike+1","Riddle With Holes"],"picked":"Envenom","floor":27.0},{"not_picked":["Footwork","Choke","Well Laid Plans+1"],"picked":"Deflect","floor":29},{"not_picked":["Underhanded Strike","Heel Hook","Acrobatics+1"],"picked":"Slice+1","floor":31},{"not_picked":["Skewer","Masterful Stab","Sucker Punch","Bane+1"],"picked":"SKIP","floor":35},{"not_picked":["Skewer","Masterful Stab","Quick Slash"],"picked":"Deadly Poison","floor":36},{"not_picked":["Purity","HandOfGreed","Magnetism"],"picked":"Panacea","floor":37},{"not_picked":["Violence","Metamorphosis","Forethought"],"picked":"Sadistic Nature","floor":37},{"not_picked":["Underhanded Strike+1","Distraction","Backflip"],"picked":"Catalyst","floor":38}],"player_experience":48434,"relics_obtained":[{"floor":6.0,"key":"War Paint"},{"floor":8.0,"key":"Pen Nib"},{"floor":9.0,"key":"Boot"},{"floor":10.0,"key":"Question Card"},{"floor":14.0,"key":"Juzu Bracelet"},{"floor":26.0,"key":"Ninja Scroll"},{"floor":42,"key":"Orichalcum"},{"floor":43,"key":"Eternal Feather"}],"event_choices":[{"damage_healed":0.0,"max_hp_gain":0.0,"max_hp_loss":0.0,"gold_gain":175.0,"event_name":"Liars Game","player_choice":"AGREE","floor":2.0,"gold_loss":0.0,"damage_taken":0.0,"cards_obtained":["Doubt"]},{"damage_healed":0.0,"max_hp_gain":0.0,"max_hp_loss":0.0,"gold_gain":0.0,"event_name":"Accursed Blacksmith","player_choice":"Forge","floor":3.0,"gold_loss":0.0,"damage_taken":0.0,"cards_upgraded":["Catalyst"]},{"cards_removed":["Strike_G"],"damage_healed":0.0,"max_hp_gain":0.0,"max_hp_loss":0.0,"gold_gain":0.0,"event_name":"Purifier","player_choice":"Purged","floor":11.0,"gold_loss":0.0,"damage_taken":0.0},{"damage_healed":0.0,"max_hp_gain":0.0,"max_hp_loss":0.0,"gold_gain":0.0,"event_name":"Addict","player_choice":"Obtained Relic","floor":20.0,"gold_loss":85.0,"damage_taken":0.0,"relics_obtained":["Bag of Marbles"]},{"damage_healed":0.0,"max_hp_gain":5.0,"max_hp_loss":0.0,"gold_gain":0.0,"event_name":"Forgotten Altar","player_choice":"Shed Blood","floor":21.0,"gold_loss":0.0,"damage_taken":21.0},{"cards_removed":["Defend_G"],"damage_healed":0.0,"max_hp_gain":0.0,"max_hp_loss":0.0,"gold_gain":0.0,"event_name":"Back to Basics","player_choice":"Elegance","floor":22.0,"gold_loss":0.0,"damage_taken":0.0},{"damage_healed":0.0,"max_hp_gain":0.0,"max_hp_loss":0.0,"gold_gain":99.0,"event_name":"Nest","player_choice":"Stole From Cult","floor":24.0,"gold_loss":0.0,"damage_taken":0.0},{"damage_healed":0,"gold_gain":0,"player_choice":"Memory 2","damage_taken":5,"max_hp_gain":0,"max_hp_loss":0,"event_name":"SensoryStone","floor":37,"gold_loss":0},{"damage_healed":0,"gold_gain":0,"player_choice":"Paid","damage_taken":0,"relics_obtained":["Red Mask"],"max_hp_gain":0,"max_hp_loss":0,"event_name":"Tomb of Lord Red Mask","floor":41,"gold_loss":119}],"is_beta":false,"boss_relics":[{"not_picked":["Velvet Choker","WristBlade"],"picked":"Runic Pyramid"},{"not_picked":["Snecko Eye","Busted Crown"],"picked":"Ring of the Serpent"}],"items_purged_floors":[4,28],"is_endless":false,"potions_floor_spawned":[5,6,10,12,18,19,31,36],"killed_by":"4 Shapes","ascension_level":0}}