{"host":"55yei7x27djrlaep","time":1610189891,"event":{"mods":["Act Like it!","BaseMod","Better Altar","Better Match","Better Note","Better Sensory Stone","Better Skull","Better Third Choice","BetterRewards","Colored Map","Evolution","Friendly Minions","GifTheSpireLib","Halation","Hubris","Minty Spire (QoL Compilation)","Pale of the Ancients","Replay The Spire","StSLib","The Bladedancer","The Hierophant","The Runesmith","The Trickster","TheBandit"],"gold_per_floor":[114,114,289,289,307,307,307],"floor_reached":6,"playtime":375,"items_purged":["theTrickster:Strike_Brown"],"score":36,"play_id":"f1b5ddc4-bd14-4048-a568-cdbfbc28dca7","local_time":"20210109135811","is_ascension_mode":true,"campfire_choices":[],"circlet_count":0,"master_deck":["theTrickster:Strike_Brown","theTrickster:Strike_Brown","theTrickster:Strike_Brown","theTrickster:Strike_Brown","theTrickster:Defend_Brown","theTrickster:Defend_Brown","theTrickster:Defend_Brown","theTrickster:Defend_Brown","theTrickster:Defend_Brown","theTrickster:DaringSlash","theTrickster:BackStep","theTrickster:DivingSlice","Doubt","Flash of Steel"],"relics":["theTrickster:OpticalIllusionRelic","EVO:Axolotl","TungstenRod","Mango","hubris:Zylophone","hubris:Towel"],"acts_visited":["Exordium"],"potions_floor_usage":[],"damage_taken":[{"damage":0,"enemies":"Cultist","floor":1,"turns":3},{"damage":4,"enemies":"2 Louse","floor":5,"turns":3},{"damage":50,"enemies":"Gremlin Nob","floor":6,"turns":5}],"seed_played":"9126393362089919543","potions_obtained":[],"is_trial":false,"path_per_floor":["M","?","?","?","M","E"],"character_chosen":"THE_TRICKSTER","items_purchased":["TungstenRod","Mango"],"campfire_rested":0,"item_purchase_floors":[0,0],"current_hp_per_floor":[54,54,54,54,50,0,0],"gold":307,"neow_bonus":"","is_daily":false,"chose_seed":false,"campfire_upgraded":0,"win_rate":0.0,"timestamp":1610189891,"path_taken":["M","?","?","?","M","E"],"items_purchased_type":["Relic","Relic"],"build_version":"2020-12-22","purchased_purges":1,"victory":false,"max_hp_per_floor":[89,89,89,89,89,89,89],"card_choices":[{"not_picked":["theTrickster:EnhancingDrug","theTrickster:ImpulsiveDefend"],"picked":"theTrickster:DivingSlice","floor":1},{"not_picked":["ReplayTheSpireMod:Trickstab","Replay:Sssssssssstrike"],"picked":"Flash of Steel","floor":4},{"not_picked":["theTrickster:UpThePace","theTrickster:HandGrenade","theTrickster:RecklessShot"],"picked":"SKIP","floor":5}],"player_experience":407683,"relics_obtained":[],"event_choices":[{"damage_healed":0,"gold_gain":175,"player_choice":"AGREE","damage_taken":114,"max_hp_gain":0,"max_hp_loss":0,"event_name":"betterThird:BetterSerpent","floor":3,"gold_loss":0},{"damage_healed":0,"gold_gain":1,"player_choice":"1","damage_taken":0,"max_hp_gain":0,"max_hp_loss":0,"event_name":"betterStone:BetterStone","floor":4,"gold_loss":0}],"is_beta":false,"boss_relics":[],"items_purged_floors":[0],"is_endless":false,"potions_floor_spawned":[],"killed_by":"Gremlin Nob","ascension_level":1}}