{"host":"lreod2rejfd0az5i","time":1610182759,"event":{"mods":["AchievementEnabler","Aspiration","BaseMod","Colored Powertips","Conspire","Downfall","Highlight Path","Hubris","Infinite Spire","Mad Scientist","Minty Spire (QoL Compilation)","Rare Cards Sparkle","Relic Stats","Replay The Spire","StSLib","The Bug Knight","The Jungle"],"gold_per_floor":[116,58,58,58,68,68,94,94,120,120,137,137,212,236,236,308,308,325,335,335,335,335,335],"floor_reached":22,"playtime":739,"items_purged":[],"score":410,"play_id":"8eb1e5dd-1838-4ca8-96e6-087f72dbad9c","local_time":"20210109015919","is_ascension_mode":true,"campfire_choices":[{"data":"Blade Dance","floor":6.0,"key":"SMITH"},{"data":"A Thousand Cuts","floor":8.0,"key":"SMITH"},{"data":"Neutralize","floor":10.0,"key":"SMITH"},{"data":"Survivor","floor":12.0,"key":"SMITH"},{"floor":15.0,"key":"REST"}],"circlet_count":0,"master_deck":["AscendersBane","Strike_G","Strike_G","Strike_G","Strike_G","Strike_G","Defend_G","Defend_G","Defend_G","Defend_G","Defend_G","Survivor+1","Neutralize+1","Blade Dance+1","Injury","Dodge and Roll+1","A Thousand Cuts+1","Backflip+1","Footwork","Storm of Steel+1","Blade Dance+1"],"relics":["Ring of the Snake","NeowsBlessing","Toxic Egg 2","Omamori","Smiling Mask","Odd Mushroom","conspire:SpecialSausage"],"acts_visited":["Exordium","TheCity"],"potions_floor_usage":[19,19],"damage_taken":[{"damage":0.0,"enemies":"Small Slimes","floor":1.0,"turns":1.0},{"damage":0.0,"enemies":"2 Louse","floor":5.0,"turns":1.0},{"damage":0.0,"enemies":"Gremlin Nob","floor":7.0,"turns":1.0},{"damage":0.0,"enemies":"infinitespire:Voidling","floor":11.0,"turns":3.0},{"damage":0.0,"enemies":"The Mushroom Lair","floor":14.0,"turns":3.0},{"damage":4.0,"enemies":"The Guardian","floor":16.0,"turns":17.0},{"damage":23.0,"enemies":"Shell Parasite","floor":18.0,"turns":6.0},{"damage":27,"enemies":"3 Cultists","floor":19,"turns":6},{"damage":16,"enemies":"Centurion and Healer","floor":22,"turns":3}],"seed_played":"3156325734861718184","potions_obtained":[{"floor":1.0,"key":"Explosive Potion"},{"floor":4.0,"key":"Block Potion"},{"floor":16.0,"key":"Strength Potion"},{"floor":18.0,"key":"hexamod:EctoCoolerPotion"}],"is_trial":false,"path_per_floor":["M","$","?","?","M","R","E","R","T","R","M","R","?","?","R","B",null,"M","M","?","?","M"],"character_chosen":"THE_SILENT","items_purchased":["Blade Dance"],"campfire_rested":1,"item_purchase_floors":[2],"current_hp_per_floor":[59,59,59,59,59,59,59,59,59,59,59,59,48,48,66,62,65,42,15,15,15,0,0],"gold":335,"neow_bonus":"THREE_ENEMY_KILL","is_daily":false,"chose_seed":false,"campfire_upgraded":4,"win_rate":0.0,"timestamp":1610182759,"path_taken":["M","$","?","?","M","R","E","R","T","R","?","R","?","?","R","BOSS","M","M","?","?","?"],"items_purchased_type":["Card"],"build_version":"2020-12-22","purchased_purges":0,"victory":false,"max_hp_per_floor":[66,66,66,66,66,66,66,66,66,66,66,66,66,66,66,66,66,66,66,66,66,66,66],"relic_stats":{"counters":[9,41],"Smiling Mask":0,"obtain_stats":[{"NeowsBlessing":0,"conspire:SpecialSausage":17,"Omamori":7,"Toxic Egg 2":3,"Odd Mushroom":14,"Smiling Mask":9,"Ring of the Snake":0},{"NeowsBlessing":0,"conspire:SpecialSausage":6,"Omamori":3,"Toxic Egg 2":1,"Odd Mushroom":5,"Smiling Mask":3,"Ring of the Snake":0},{"NeowsBlessing":0,"conspire:SpecialSausage":26,"Omamori":3,"Toxic Egg 2":1,"Odd Mushroom":9,"Smiling Mask":3,"Ring of the Snake":0}],"Ring of the Snake":[18]},"card_choices":[{"not_picked":["Flying Knee","Caltrops","Dagger Throw"],"picked":"SKIP","floor":1.0},{"not_picked":["Prepared+1","Flechettes"],"picked":"Dodge and Roll+1","floor":5.0},{"not_picked":["hubris:TrickCloak+1","Dagger Throw"],"picked":"A Thousand Cuts","floor":7.0},{"not_picked":["Deadly Poison+1","ReplayTheSpireMod:The Works+1"],"picked":"Backflip+1","floor":11.0},{"not_picked":["Acrobatics+1","Dodge and Roll+1"],"picked":"Footwork","floor":14.0},{"not_picked":["Envenom","Glass Knife"],"picked":"Storm of Steel+1","floor":16.0},{"not_picked":["Masterful Stab+1","Bane","Prepared+1"],"picked":"SKIP","floor":18.0},{"not_picked":["Endless Agony","Outmaneuver+1"],"picked":"Blade Dance+1","floor":19}],"player_experience":881548,"relics_obtained":[{"floor":7.0,"key":"Omamori"},{"floor":9.0,"key":"Smiling Mask"},{"floor":14.0,"key":"Odd Mushroom"}],"event_choices":[{"damage_healed":0.0,"max_hp_gain":0.0,"max_hp_loss":0.0,"gold_gain":0.0,"event_name":"Lab","player_choice":"Got Potions","floor":4.0,"gold_loss":0.0,"damage_taken":0.0},{"damage_healed":0.0,"max_hp_gain":0.0,"max_hp_loss":0.0,"gold_gain":75.0,"event_name":"World of Goop","player_choice":"Gather Gold","floor":13.0,"gold_loss":0.0,"damage_taken":11.0},{"damage_healed":0.0,"max_hp_gain":0.0,"max_hp_loss":0.0,"gold_gain":0.0,"event_name":"Mushrooms","player_choice":"Fought Mushrooms","floor":14.0,"gold_loss":0.0,"damage_taken":0.0},{"damage_healed":0,"gold_gain":0,"player_choice":"Ignored","damage_taken":0,"max_hp_gain":0,"max_hp_loss":0,"event_name":"Ghosts","floor":20,"gold_loss":0},{"damage_healed":0,"gold_gain":0,"player_choice":"Ignored","damage_taken":0,"max_hp_gain":0,"max_hp_loss":0,"event_name":"N\u0027loth","floor":21,"gold_loss":0}],"is_beta":false,"boss_relics":[{"not_picked":["Replay:Wanted Poster","aspiration:FutureDiary"],"picked":"conspire:SpecialSausage"}],"items_purged_floors":[],"is_endless":false,"potions_floor_spawned":[1,16,18],"killed_by":"Centurion and Healer","ascension_level":20}}