{"host":"iukgzq3xw60n6big","time":1610225247,"event":{"mods":["BaseMod","BetterRewards","Hubris","Minty Spire (QoL Compilation)","Replay The Spire","Shade Mod","StSLib","The Cursed","The Disciple","The Poker Player","slay the spire mod where everything is the same but ironclad has a cowboy hat","thorton"],"gold_per_floor":[109,109,119,131,131,131,131,131,160,160,183,183,199,349,349,360,360,465,465,452,469,469,479,322,322,322,322],"floor_reached":26,"playtime":922,"items_purged":[],"score":281,"play_id":"a8ef393a-7f65-4cc7-a2fc-5b1881675727","local_time":"20210109154727","is_ascension_mode":false,"campfire_choices":[{"data":"Shade:FreshBones","floor":6,"key":"SMITH"},{"floor":15,"key":"REST"},{"data":"Shade:FreshBones","floor":17,"key":"SMITH"},{"data":"Shade:GreaterAnimation","floor":25,"key":"SMITH"}],"circlet_count":0,"master_deck":["Shade:Strike_Shade","Shade:Strike_Shade","Shade:Strike_Shade","Shade:Defend_Shade","Shade:Defend_Shade","Shade:Defend_Shade","Shade:Defend_Shade","Shade:AnimateDead","Shade:CarefulCut","Shade:ClawBack","Shade:FreshBones+1","Shade:CommandSoldier","Shade:FreshBones+1","Shade:GreaterAnimation+1","Shade:FreshBones","Decay","Shade:FreshBones","Shade:FingerOfDeath","Shade:Bite_Shade","Shade:StitchTogether"],"relics":["Shade:YorickSkull","hubris:DisguiseKit","Strawberry","Bag of Marbles","Art of War","ReplayFunnel","ReplayTheSpireMod:CursedCoin","Empty Cage"],"acts_visited":["Exordium","TheCity"],"potions_floor_usage":[],"damage_taken":[{"damage":4,"enemies":"2 Louse","floor":1,"turns":2},{"damage":0,"enemies":"Cultist","floor":3,"turns":3},{"damage":0,"enemies":"Jaw Worm","floor":4,"turns":3},{"damage":28,"enemies":"3 Sentries","floor":9,"turns":5},{"damage":13,"enemies":"Exordium Thugs","floor":13,"turns":5},{"damage":11,"enemies":"3 Louse","floor":16,"turns":3},{"damage":0,"enemies":"Slime Boss","floor":18,"turns":6},{"damage":21,"enemies":"2 Thieves","floor":20,"turns":5},{"damage":3,"enemies":"Chosen","floor":21,"turns":4},{"damage":31,"enemies":"Snake Plant","floor":23,"turns":4},{"damage":26,"enemies":"Gremlin Leader","floor":26,"turns":4}],"seed_played":"5962343998796966167","potions_obtained":[{"floor":3,"key":"SteroidPotion"},{"floor":4,"key":"Energy Potion"},{"floor":9,"key":"BlessingOfTheForge"},{"floor":18,"key":"LiquidMemories"},{"floor":23,"key":"Explosive Potion"}],"is_trial":false,"path_per_floor":["M","?","M","M","?","R","PTL","PTL","E","?","T","T","M","$","R","M","R","B",null,"M","M","?","M","$","R","E"],"character_chosen":"SHADE","items_purchased":["ReplayTheSpireMod:CursedCoin","Shade:FingerOfDeath","Shade:Bite_Shade","Shade:StitchTogether"],"campfire_rested":1,"item_purchase_floors":[14,24,24,24],"current_hp_per_floor":[67,67,67,67,71,71,71,71,43,43,43,43,30,30,53,42,42,42,78,57,54,54,23,23,23,0,0],"gold":322,"neow_bonus":"TEN_PERCENT_HP_BONUS","is_daily":false,"chose_seed":false,"campfire_upgraded":3,"win_rate":0.0,"timestamp":1610225247,"path_taken":["M","?","M","M","?","R","PTL","PTL","E","?","T","?","M","?","R","M","R","BOSS","M","M","?","M","$","R","E"],"items_purchased_type":["Relic","Card","Card","Card"],"build_version":"2020-12-22","purchased_purges":0,"victory":false,"max_hp_per_floor":[71,71,71,71,78,78,78,78,78,78,78,78,78,78,78,78,78,78,78,78,78,78,78,78,78,78,78],"card_choices":[{"not_picked":["Shade:Brains","Shade:Asphyxiate"],"picked":"Shade:ClawBack","floor":1},{"not_picked":["Shade:Asphyxiate","Shade:BoneShards","Parity"],"picked":"Shade:FreshBones","floor":3},{"not_picked":["Shade:ClawBack","Shade:FingerOfDeath","HandsUpC"],"picked":"Shade:CommandSoldier","floor":4},{"not_picked":["Shade:DarkOfNight","Shade:SpontaneousRitual","Shade:Premonition","AlternateTimeline"],"picked":"SKIP","floor":9},{"not_picked":["Shade:WallOfFlesh","Shade:RitualOffering","ShortSighted"],"picked":"Shade:FreshBones","floor":13},{"not_picked":["Shade:CoffinDance","Shade:GreyBargain","Shade:Haruspicy","Accruing"],"picked":"SKIP","floor":16},{"not_picked":["Shade:OminousRitual","Shade:OfferingToTheBeyond","RageCommand"],"picked":"Shade:GreaterAnimation","floor":18},{"not_picked":["Shade:CloudOfShrapnel","Shade:ClawBack","LockedOrichalcum"],"picked":"Shade:FreshBones","floor":20},{"not_picked":["Shade:GreyBargain","Shade:DangerousRitual","Shade:BoneShards","LockedWhetstone"],"picked":"SKIP","floor":21},{"not_picked":["Shade:Frenzy","Shade:SpectralStrikes+1","DaylightSavings"],"picked":"Shade:FreshBones","floor":23}],"player_experience":73368,"relics_obtained":[{"floor":9,"key":"Bag of Marbles"},{"floor":11,"key":"Art of War"},{"floor":12,"key":"ReplayFunnel"}],"event_choices":[{"damage_healed":0,"gold_gain":0,"player_choice":"Success","damage_taken":3,"relics_obtained":["Strawberry"],"max_hp_gain":0,"max_hp_loss":0,"event_name":"Scrap Ooze","floor":5,"gold_loss":0},{"cards_removed":["TheCursedMod:Dregs"],"damage_healed":0,"gold_gain":0,"player_choice":"Forget","damage_taken":0,"max_hp_gain":0,"max_hp_loss":0,"event_name":"Living Wall","floor":10,"gold_loss":0},{"damage_healed":0,"gold_gain":0,"player_choice":"Cursed","damage_taken":0,"max_hp_gain":0,"max_hp_loss":0,"event_name":"Wheel of Change","floor":22,"gold_loss":0,"cards_obtained":["Decay"]}],"is_beta":false,"boss_relics":[{"not_picked":["hubris:HollowSoul","Kintsugi"],"picked":"Empty Cage"}],"items_purged_floors":[],"is_endless":false,"potions_floor_spawned":[3,4,9,18,23],"killed_by":"Gremlin Leader","ascension_level":0}}