{"host":"ct28ocsd8g8yr2ah","time":1610207724,"event":{"mods":["BaseMod","Better Third Choice","Hero for Fun","Lobotomy","LobotomyExtend","Mimic Mod","Minty Spire (QoL Compilation)","Replay The Spire","StSLib","Waifu the Spire","egg"],"gold_per_floor":[112,112,62,79,3,3,3,3,3,3,18,18,43,78,78,178,278,296,311,323,28,28,28,39,39,39,39,74,74,109,121,61,61,61],"floor_reached":33,"playtime":6923,"items_purged":[],"score":261,"play_id":"5e0691fd-dea8-4e75-b7cb-e99521e8cc05","local_time":"20210109205524","is_ascension_mode":false,"campfire_choices":[{"data":"Twin Strike","floor":6.0,"key":"SMITH"},{"data":"Shrug It Off","floor":8.0,"key":"SMITH"},{"data":"Neutralize","floor":10.0,"key":"SMITH"},{"data":"Cleave","floor":15.0,"key":"SMITH"},{"data":"Bludgeon","floor":25,"key":"SMITH"},{"data":"Replay:Many Hands","floor":27,"key":"SMITH"},{"data":"Bloodletting","floor":29,"key":"SMITH"}],"circlet_count":0,"master_deck":["Strike_R","Strike_R","Strike_R","Strike_R","Defend_R","Defend_R","Bloodletting+1","BigBadWolf","SingingMachine","Shrug It Off+1","Shrug It Off","Cleave+1","UniverseFragment","Replay:Many Hands+1","Wellcheers","Rage+1","OSAHOGD","DreamingCurrent","Pommel Strike","Bludgeon+1","Flex","FairyFestival","Entrench+1","BlueStar","BodiesMountain"],"relics":["Burning Blood","CogitoBucket","LetterFromLob","Bag of Marbles","Bronze Scales","Replay:Wanted Poster","PreservedInsect","Boot","betterThird:NestCultRelic","Blue Candle","Replay:Ringing Soul","ChangeAnything"],"acts_visited":["Exordium","TheCity"],"potions_floor_usage":[24,31,31,31],"damage_taken":[{"damage":0.0,"enemies":"Small Slimes","floor":1.0,"turns":3.0},{"damage":9.0,"enemies":"2 Louse","floor":4.0,"turns":4.0},{"damage":0.0,"enemies":"Jaw Worm","floor":11.0,"turns":3.0},{"damage":10.0,"enemies":"Lagavulin","floor":13.0,"turns":4.0},{"damage":4.0,"enemies":"Exordium Thugs","floor":14.0,"turns":3.0},{"damage":34.0,"enemies":"Fading Forest","floor":16.0,"turns":11.0},{"damage":24.0,"enemies":"Spheric Guardian","floor":18.0,"turns":5.0},{"damage":7.0,"enemies":"Chosen","floor":19.0,"turns":3.0},{"damage":29.0,"enemies":"Shelled Parasite and Fungi","floor":20.0,"turns":4.0},{"damage":27,"enemies":"Cultist and Chosen","floor":24,"turns":5},{"damage":11,"enemies":"Snake Plant","floor":28,"turns":4},{"damage":58,"enemies":"Slavers","floor":30,"turns":6},{"damage":81,"enemies":"Snake Plant","floor":31,"turns":6},{"damage":82,"enemies":"Sentry and Sphere","floor":33,"turns":3}],"seed_played":"-8304246932088918453","potions_obtained":[{"floor":1.0,"key":"Elixir"},{"floor":13.0,"key":"BloodPotion"},{"floor":16.0,"key":"SpeedPotion"},{"floor":18.0,"key":"SteroidPotion"},{"floor":20.0,"key":"FearPotion"},{"floor":24,"key":"Explosive Potion"}],"is_trial":false,"path_per_floor":["M","?","?","M","$","R","$","R","T","R","M","?","E","MIM","R","B",null,"M","M","M","$","PTL","PTL","M","R","?","R","MIM","R","E","M","?","M"],"character_chosen":"IRONCLAD","items_purchased":["Twin Strike","Shrug It Off","PreservedInsect","Boot"],"campfire_rested":0,"item_purchase_floors":[5,5,21,21],"current_hp_per_floor":[80,80,80,77,77,77,77,77,77,77,80,80,76,78,78,58,80,62,61,56,56,56,56,65,65,65,65,80,80,65,48,48,0,0],"gold":61,"neow_bonus":"","is_daily":false,"chose_seed":false,"campfire_upgraded":7,"win_rate":0.0,"timestamp":1610207724,"path_taken":["M","?","?","M","$","R","$","R","T","R","M","?","E","?","R","BOSS","M","M","M","$","PTL","PTL","M","R","?","R","MIM","R","E","M","?","M"],"items_purchased_type":["Card","Card","Relic","Relic"],"build_version":"2020-12-22","purchased_purges":0,"victory":false,"max_hp_per_floor":[80,80,80,80,80,80,80,80,80,80,80,80,80,80,80,80,80,80,80,80,80,80,80,80,80,80,80,80,80,83,86,86,86,86],"card_choices":[{"not_picked":["Thunderclap","Second Wind"],"picked":"Bloodletting","floor":1.0},{"not_picked":["VoidDream","FieryBird"],"picked":"BigBadWolf","floor":1.0},{"not_picked":["ShyLook","Mercenary"],"picked":"SingingMachine","floor":4.0},{"not_picked":["Bloodletting","Intimidate"],"picked":"Rage","floor":4.0},{"not_picked":["Ghostly Armor","Havoc"],"picked":"ReplayTheSpireMod:Strike From Hell","floor":11.0},{"not_picked":["Anger","Dual Wield"],"picked":"Shrug It Off","floor":13.0},{"not_picked":["Shrug It Off","Rage"],"picked":"Cleave","floor":14.0},{"not_picked":["BlackSwan","OldLady"],"picked":"UniverseFragment","floor":14.0},{"not_picked":["Corruption","Barricade"],"picked":"Replay:Many Hands","floor":16.0},{"not_picked":["Yin","MeatLantern"],"picked":"Wellcheers","floor":16.0},{"not_picked":["Shrug It Off","Warcry+1"],"picked":"Rage+1","floor":18.0},{"not_picked":["Scorched","CherryBlossoms"],"picked":"OSAHOGD","floor":18.0},{"not_picked":["MHz","VoidDream"],"picked":"DreamingCurrent","floor":19.0},{"not_picked":["ReplayTheSpireMod:LeadingStrike","Twin Strike"],"picked":"Pommel Strike","floor":19.0},{"not_picked":["Metallicize+1","Run Through"],"picked":"Bludgeon","floor":20.0},{"not_picked":["Rage+1","Twin Strike"],"picked":"Flex","floor":24},{"not_picked":["LongBird","Funeral"],"picked":"FairyFestival","floor":28},{"not_picked":["Flex+1","Dark Embrace+1"],"picked":"Entrench+1","floor":30},{"not_picked":["WallGazer","ShyLook"],"picked":"BlueStar","floor":30},{"not_picked":["Murderer","NakedNest"],"picked":"BodiesMountain","floor":31},{"not_picked":["Clothesline","Hemokinesis+1","Demonic Infusion"],"picked":"SKIP","floor":31}],"player_experience":441314,"relics_obtained":[{"floor":1.0,"key":"LetterFromLob"},{"floor":9.0,"key":"Bag of Marbles"},{"floor":14.0,"key":"Bronze Scales"},{"floor":28,"key":"Blue Candle"},{"floor":30,"key":"Replay:Ringing Soul"}],"event_choices":[{"cards_removed":["Strike_R"],"damage_healed":0.0,"max_hp_gain":0.0,"max_hp_loss":0.0,"gold_gain":0.0,"event_name":"The Cleric","player_choice":"Card Removal","floor":3.0,"gold_loss":50.0,"damage_taken":0.0},{"damage_healed":0,"gold_gain":0,"player_choice":"Madness","damage_taken":0,"relics_obtained":["betterThird:NestCultRelic"],"max_hp_gain":0,"max_hp_loss":0,"event_name":"betterThird:BetterNest","floor":26,"gold_loss":0}],"is_beta":false,"boss_relics":[{"not_picked":["Runic Dome","Painkiller Herb"],"picked":"Replay:Wanted Poster"}],"items_purged_floors":[],"is_endless":false,"potions_floor_spawned":[1,13,16,18,20,24],"killed_by":"Sentry and Sphere","ascension_level":0}}