{"host":"bf9sa99gaumonoeu","time":1610177576,"event":{"mods":["AchievementEnabler","Act Like it!","BaseMod","Better Sensory Stone","Colored Map","Colored Powertips","Downfall","Friendly Minions","Gensokyo","GifTheSpireLib","Googly Eyes","Hallownest","Hermit","Jorbs\u0027s Wanderer Trilogy","KinomotoSakuraMod(????)","Koishi","Lobotomy","Marisa????????","Minty Spire (QoL Compilation)","Rare Cards Sparkle","Reimu??????","Relic Stats","Remilia??????","StSLib","The Administrix","The Animator","The Bug Knight","The Construct","The Cursed","The Disciple","The Hierophant","The Mystic","The Necromancer","The Poker Player","The Runesmith","The Senshi","The Servant 0.9.4","TheLocksmith"],"gold_per_floor":[131,156,166,179,203,282,282,334,359,359,377,377,395,421,421,547,572,584,628,286,314,331,44,44,44,119,175,189,207,282,293,293,422,447,462,537,537,394,385,462,462,462,520,545,557,574,586,602,653,653,633,633,633,700,750,805,830,855,112,187,267,493,65,207,232,232,232,376,376,376,376],"floor_reached":70,"playtime":11590,"items_purged":["Regret","animator:Strike"],"score":1655,"play_id":"e35d0fa4-3ec1-463b-9e19-7f38457477a4","local_time":"20210109053256","is_ascension_mode":true,"campfire_choices":[{"floor":7,"key":"REST"},{"floor":10,"key":"REST"},{"data":"animator:Sloth","floor":12,"key":"SMITH"},{"floor":15,"key":"REST"},{"floor":24,"key":"RECALL"},{"floor":32,"key":"REST"},{"floor":50,"key":"REST"},{"floor":53,"key":"REST"},{"floor":67,"key":"REST"},{"floor":69,"key":"REST"}],"circlet_count":0,"master_deck":["AscendersBane","animator:Strike_OwariNoSeraph+1","animator:Defend_OwariNoSeraph+1","animator:Strike+1","animator:Strike+1","animator:Defend+1","animator:Defend+1","animator:Shinoa+1","animator:Mikaela+1","animator:Gilgamesh+17","animator:Sloth+1","animator:Mitsuba+1","animator:Mikaela+1","animator:Shigure+1","animator:KrulTepes+1","animator:Sloth+1","animator:Bozes+1","animator:YaoHaDucy+1","animator:Pride+1","animator:Greed+1","animator:CrowleyEusford+1","animator:HiiragiShinya+1","animator:Elesis+1","animator:TukaLunaMarceau+1","animator:Berserker+1","animator:Yuuichirou+1","animator:MaesHughes+1","animator:GoblinSlayer+1","animator:SilverFang+1","animator:HiiragiShinya+1","animator:Laby+1","animator:Fredrika+1","animator:Sebas+1","animator:CrowleyEusford+1","animator:Laby+1","animator:Shinoa+1","animator:Guren+1","animator:Guy+1","animator:GuildGirl+1","animator:Kira+1"],"relics":["animator:TheEgnaroPiece","animator:AncientMedallion"],"acts_visited":["Exordium","TheCity","TheBeyond","TheEnding","EYB:TheUnnamedReign"],"potions_floor_usage":[4,6,16,19,30,56,60,64,64,68,70],"damage_taken":[{"damage":1,"enemies":"2 Louse","floor":1,"turns":4},{"damage":0,"enemies":"Cultist","floor":2,"turns":3},{"damage":0,"enemies":"Jaw Worm","floor":3,"turns":3},{"damage":9,"enemies":"Red Slaver","floor":4,"turns":5},{"damage":13,"enemies":"Exordium Wildlife","floor":5,"turns":4},{"damage":22,"enemies":"Gremlin Nob","floor":6,"turns":4},{"damage":34,"enemies":"Lagavulin","floor":8,"turns":9},{"damage":1,"enemies":"2 Fungi Beasts","floor":11,"turns":4},{"damage":2,"enemies":"3 Louse","floor":13,"turns":4},{"damage":12,"enemies":"Blue Slaver","floor":14,"turns":3},{"damage":25,"enemies":"Hexaghost","floor":16,"turns":16},{"damage":0,"enemies":"Chosen","floor":18,"turns":4},{"damage":3,"enemies":"Centurion and Healer","floor":19,"turns":6},{"damage":0,"enemies":"Shelled Parasite and Fungi","floor":21,"turns":6},{"damage":7,"enemies":"3 Cultists","floor":22,"turns":7},{"damage":4,"enemies":"animator:HornedBat","floor":27,"turns":6},{"damage":3,"enemies":"Snake Plant","floor":28,"turns":1},{"damage":6,"enemies":"Snecko","floor":29,"turns":3},{"damage":16,"enemies":"Book of Stabbing","floor":30,"turns":4},{"damage":23,"enemies":"Shelled Parasite and Fungi","floor":31,"turns":3},{"damage":6,"enemies":"Champ","floor":33,"turns":6},{"damage":3,"enemies":"Orb Walker","floor":35,"turns":2},{"damage":3,"enemies":"Mind Bloom Boss Battle","floor":36,"turns":4},{"damage":3,"enemies":"3 Darklings","floor":39,"turns":4},{"damage":6,"enemies":"Nemesis","floor":40,"turns":9},{"damage":14,"enemies":"animator:KrulTepes","floor":42,"turns":8},{"damage":4,"enemies":"Giant Head","floor":43,"turns":7},{"damage":3,"enemies":"Maw","floor":45,"turns":3},{"damage":3,"enemies":"3 Darklings","floor":46,"turns":3},{"damage":3,"enemies":"Jaw Worm Horde","floor":47,"turns":2},{"damage":3,"enemies":"Maw","floor":48,"turns":3},{"damage":27,"enemies":"Nemesis","floor":49,"turns":4},{"damage":3,"enemies":"Awakened One","floor":51,"turns":8},{"damage":3,"enemies":"animator:UNNAMED_CULTIST_1","floor":55,"turns":12},{"damage":11,"enemies":"animator:TRIPLE_SHAPES_WEAK","floor":56,"turns":12},{"damage":28,"enemies":"animator:LARGE_CRYSTAL","floor":60,"turns":15},{"damage":46,"enemies":"animator:TRIPLE_LAGAVULIN","floor":61,"turns":13},{"damage":50,"enemies":"animator:ULTIMATE_CUBE","floor":64,"turns":9},{"damage":28,"enemies":"animator:ULTIMATE_WISP","floor":68,"turns":11},{"damage":124,"enemies":"animator:TheUnnamed","floor":70,"turns":14}],"seed_played":"-7879845062715008806","potions_obtained":[{"floor":1,"key":"hexamod:EctoCoolerPotion"},{"floor":5,"key":"Fire Potion"},{"floor":8,"key":"SpeedPotion"},{"floor":11,"key":"Weak Potion"},{"floor":22,"key":"SkillPotion"},{"floor":28,"key":"SteroidPotion"},{"floor":29,"key":"LiquidMemories"},{"floor":30,"key":"EssenceOfSteel"},{"floor":31,"key":"DuplicationPotion"},{"floor":33,"key":"AttackPotion"},{"floor":55,"key":"animator:FalseLifePotion"},{"floor":56,"key":"animator:FalseLifePotion"},{"floor":60,"key":"animator:FalseLifePotion"},{"floor":61,"key":"animator:FalseLifePotion"},{"floor":64,"key":"animator:FalseLifePotion"},{"floor":68,"key":"animator:FalseLifePotion"}],"is_trial":false,"path_per_floor":["M","M","M","M","M","E","R","E","T","R","M","R","M","M","R","B",null,"M","M","$","M","M","$","R","?","T","E","M","M","E","M","R","B",null,"M","?","?","$","M","E","R","M","E","T","M","M","M","M","E","R","B",null,"R","??","M","M","T","?","$","M","M","?","$","E","T","?","R","E","R","B"],"character_chosen":"THE_ANIMATOR","items_purchased":["Membership Card","Turnip","animator:TukaLunaMarceau","Champion Belt","AntiCross","animator:Fredrika","War Paint","animator:AncientMedallion","animator:AncientMedallion","animator:AncientMedallion","animator:AncientMedallion","animator:Kira"],"campfire_rested":8,"item_purchase_floors":[20,20,23,23,23,38,38,59,59,59,63,63],"current_hp_per_floor":[58,58,58,50,37,15,35,3,3,23,24,24,25,15,35,17,55,60,66,66,69,62,62,62,62,62,64,68,66,61,46,67,66,71,69,70,70,70,70,67,67,59,72,72,77,79,81,83,66,85,87,87,87,98,95,98,98,68,68,64,42,42,42,20,20,20,49,57,86,0,0],"gold":376,"neow_bonus":"THREE_RARE_CARDS","is_daily":false,"chose_seed":false,"campfire_upgraded":1,"win_rate":0.0,"timestamp":1610177576,"path_taken":["M","M","M","M","M","E","R","E","T","R","M","R","M","M","R","BOSS","M","M","$","M","M","$","R","?","T","E","M","?","E","M","R","BOSS","M","?","?","$","M","E","R","E","T","M","M","M","?","E","R","BOSS","R","??","M","M","T","?","$","M","M","?","$","E","T","?","R","E","R","BOSS"],"items_purchased_type":["Relic","Relic","Card","Relic","Relic","Card","Relic","Relic","Relic","Relic","Relic","Card"],"build_version":"2020-12-22","purchased_purges":2,"victory":false,"max_hp_per_floor":[66,66,66,67,67,67,67,67,67,67,67,67,68,68,68,68,68,69,69,69,69,69,69,69,69,69,69,71,72,72,72,72,72,72,72,73,73,73,73,73,73,73,75,75,77,79,81,83,85,85,87,87,87,98,98,98,98,98,98,98,98,98,98,98,98,98,98,98,98,98,98],"relic_stats":{"counters":[40,248],"obtain_stats":[{"Ice Cream":30,"animator:ShionDessert":40,"animator:WizardHat":49,"Gremlin Horn":43,"animator:TheMissingPiece":0,"Vajra":8,"Blood Vial":6,"Sozu":34,"Matryoshka":9,"animator:PurgingStone":0,"animator:AncientMedallion":54,"AntiCross":23,"Fusion Hammer":17,"War Paint":38,"White Beast Statue":27,"Anchor":26,"animator:TheEgnaroPiece":54,"animator:ExquisiteBloodVial":40,"animator:EngravedStaff":36,"animator:LivingPicture":0,"Turnip":20,"Bag of Marbles":44,"Membership Card":20,"Champion Belt":23,"Toy Ornithopter":6},{"Ice Cream":19,"animator:ShionDessert":25,"animator:WizardHat":32,"Gremlin Horn":27,"animator:TheMissingPiece":0,"Vajra":7,"Blood Vial":6,"Sozu":21,"Matryoshka":7,"animator:PurgingStone":0,"animator:AncientMedallion":33,"AntiCross":15,"Fusion Hammer":11,"War Paint":23,"White Beast Statue":16,"Anchor":15,"animator:TheEgnaroPiece":33,"animator:ExquisiteBloodVial":25,"animator:EngravedStaff":23,"animator:LivingPicture":0,"Turnip":13,"Bag of Marbles":27,"Membership Card":13,"Champion Belt":15,"Toy Ornithopter":6},{"Ice Cream":96,"animator:ShionDessert":124,"animator:WizardHat":154,"Gremlin Horn":139,"animator:TheMissingPiece":0,"Vajra":32,"Blood Vial":23,"Sozu":105,"Matryoshka":32,"animator:PurgingStone":0,"animator:AncientMedallion":162,"AntiCross":82,"Fusion Hammer":59,"War Paint":111,"White Beast Statue":88,"Anchor":82,"animator:TheEgnaroPiece":162,"animator:ExquisiteBloodVial":124,"animator:EngravedStaff":111,"animator:LivingPicture":0,"Turnip":69,"Bag of Marbles":139,"Membership Card":69,"Champion Belt":82,"Toy Ornithopter":23}]},"card_choices":[{"not_picked":["animator:PinaCoLada","animator:AcuraShin"],"picked":"animator:Gilgamesh","floor":0},{"not_picked":["animator:Elsword","animator:NarberalGamma"],"picked":"animator:Sloth","floor":1},{"not_picked":["animator:Mikaela","animator:Alexander"],"picked":"animator:Mitsuba","floor":2},{"not_picked":["animator:Spearman","animator:PandorasActor"],"picked":"animator:Mikaela","floor":3},{"not_picked":["animator:Shinoa","animator:Yoichi"],"picked":"animator:Shigure","floor":4},{"not_picked":["animator:Illya","animator:Witch"],"picked":"animator:KrulTepes","floor":5},{"not_picked":["animator:Shigure","animator:LizardPriest"],"picked":"animator:Sloth","floor":6},{"not_picked":["animator:Archer","animator:ElricAlphonse"],"picked":"animator:Bozes","floor":8},{"not_picked":["animator:Arpeggio","animator:Tyuule"],"picked":"animator:YaoHaDucy","floor":11},{"not_picked":["animator:RoyMustang","animator:WinryRockbell"],"picked":"animator:Pride","floor":13},{"not_picked":["animator:Scar","animator:Melzalgald"],"picked":"animator:Greed","floor":14},{"not_picked":["animator:Ainz","animator:PinaCoLada"],"picked":"animator:Gilgamesh","floor":16},{"not_picked":["animator:Pride","animator:ElricEdward"],"picked":"animator:CrowleyEusford","floor":18},{"not_picked":["animator:Shigure","animator:Shinoa"],"picked":"animator:HiiragiShinya","floor":19},{"not_picked":["animator:Illya","animator:Guy"],"picked":"animator:Elesis","floor":21},{"not_picked":["animator:Ara+1","animator:HighElfArcher","animator:Mitsuba"],"picked":"SKIP","floor":22},{"not_picked":["animator:Guy","animator:Ciel"],"picked":"animator:Berserker","floor":27},{"not_picked":["animator:Shigure","animator:Shinoa"],"picked":"animator:Yuuichirou","floor":28},{"not_picked":["animator:Lancer","animator:LeleiLaLalena"],"picked":"animator:MaesHughes","floor":29},{"not_picked":["animator:HiiragiShinya","animator:TukaLunaMarceau+1"],"picked":"animator:GoblinSlayer","floor":30},{"not_picked":["animator:DwarfShaman","animator:Guy"],"picked":"animator:SilverFang+1","floor":31},{"not_picked":["animator:Father","animator:Eve"],"picked":"animator:Gilgamesh","floor":33},{"not_picked":["animator:Mitsuba","animator:KrulTepes"],"picked":"animator:HiiragiShinya","floor":35},{"not_picked":["animator:CrowleyEusford","animator:Mitsuba"],"picked":"animator:Laby","floor":36},{"not_picked":["animator:Shalltear","animator:TukaLunaMarceau"],"picked":"animator:Sebas","floor":39},{"not_picked":["animator:Shinoa","animator:Yoichi"],"picked":"animator:CrowleyEusford+1","floor":40},{"not_picked":["animator:AcuraAkari","animator:HiiragiShinya"],"picked":"animator:Laby","floor":43},{"not_picked":["animator:Mitsuba","animator:HiiragiShinya"],"picked":"animator:Shinoa","floor":45},{"not_picked":["animator:GuildGirl","animator:MetalKnight"],"picked":"animator:Guren","floor":46},{"not_picked":["animator:Evileye+1","animator:RinTohsaka","animator:Gluttony"],"picked":"SKIP","floor":47},{"not_picked":["animator:Scar","animator:CrowleyEusford+1","animator:Demiurge+1"],"picked":"SKIP","floor":48},{"not_picked":["animator:Chung","animator:Spearman+1"],"picked":"animator:Guy+1","floor":55},{"not_picked":["animator:Pride","animator:EmiyaShirou+1","animator:AcuraAkari"],"picked":"SKIP","floor":56},{"not_picked":["animator:Spearman","animator:RoryMercury+1","animator:Saber"],"picked":"SKIP","floor":60},{"not_picked":["animator:DwarfShaman","animator:MaesHughes+1"],"picked":"animator:GuildGirl","floor":61},{"not_picked":["animator:Genos","animator:Melzalgald+1","animator:Tyuule+1"],"picked":"SKIP","floor":64},{"not_picked":["animator:Yoichi","animator:ShinjiMatou","animator:Spearman"],"picked":"SKIP","floor":68}],"player_experience":887089,"relics_obtained":[{"floor":6,"key":"Blood Vial"},{"floor":6,"key":"Toy Ornithopter"},{"floor":8,"key":"Vajra"},{"floor":9,"key":"Matryoshka"},{"floor":16,"key":"Blood Vial"},{"floor":26,"key":"Blood Vial"},{"floor":26,"key":"Anchor"},{"floor":27,"key":"White Beast Statue"},{"floor":30,"key":"Blood Vial"},{"floor":30,"key":"Ice Cream"},{"floor":33,"key":"Blood Vial"},{"floor":36,"key":"animator:EngravedStaff"},{"floor":40,"key":"animator:ExquisiteBloodVial"},{"floor":40,"key":"animator:ShionDessert"},{"floor":43,"key":"Gremlin Horn"},{"floor":44,"key":"Bag of Marbles"},{"floor":49,"key":"animator:WizardHat"},{"floor":54,"key":"animator:TheEgnaroPiece"},{"floor":54,"key":"animator:AncientMedallion"},{"floor":57,"key":"animator:AncientMedallion"},{"floor":64,"key":"animator:AncientMedallion"},{"floor":65,"key":"animator:AncientMedallion"},{"floor":68,"key":"animator:AncientMedallion"}],"event_choices":[{"damage_healed":0,"gold_gain":0,"player_choice":"0 cards matched","damage_taken":0,"max_hp_gain":0,"max_hp_loss":0,"event_name":"Match and Keep!","floor":25,"gold_loss":0,"cards_obtained":[]},{"damage_healed":0,"gold_gain":0,"player_choice":"Fight","damage_taken":0,"max_hp_gain":0,"max_hp_loss":0,"event_name":"MindBloom","floor":36,"gold_loss":0},{"cards_removed":["animator:Defend"],"damage_healed":0,"gold_gain":0,"player_choice":"Offered Basic","damage_taken":0,"max_hp_gain":0,"max_hp_loss":0,"event_name":"Bonfire Elementals","floor":37,"gold_loss":0}],"is_beta":false,"boss_relics":[{"not_picked":["Calling Bell","SacredBark"],"picked":"Fusion Hammer"},{"not_picked":["RedLine:ReiMu","Coffee Dripper"],"picked":"Sozu"}],"items_purged_floors":[20,38],"is_endless":false,"potions_floor_spawned":[1,5,8,11,14,22,28,29,30,31,33,35,36,39,40,42,43,45,46,47,48,49,56,68],"killed_by":"animator:TheUnnamed","ascension_level":11}}