{"host":"6p0attdrtjqaih7v","time":1610222323,"event":{"mods":["2.2 Compatiblity","AchievementEnabler","Bard","BaseMod","Better Skull","Better Third Choice","Colored Powertips","Hermit","Highlight Path","Jorbs\u0027s Wanderer Trilogy","Key Reminder","Minty Spire (QoL Compilation)","Permanent Neow","Quick Restart","Random Character Button","Relic Stats","Replay The Spire","Robot Space Explorer","StSLib"],"gold_per_floor":[119,134,134,134,159,159,193,212,293,293,293,293,41,72,72,197,197,216,216,239,263,284,327,341,110,110,110,154,172,241,255,255,375,375,388,388,388,411,105,105,105,105,132,152,152,66,66,0,0,0],"floor_reached":51,"playtime":1979,"items_purged":["RobotSpaceExplorer:Strike"],"score":830,"play_id":"ff102b07-5d46-4a14-a350-f614efc9f15d","local_time":"20210109145843","is_ascension_mode":true,"campfire_choices":[{"data":"RobotSpaceExplorer:Pulsar","floor":6,"key":"SMITH"},{"data":"RobotSpaceExplorer:Blaster","floor":10,"key":"SMITH"},{"data":"RobotSpaceExplorer:Pulsar","floor":15,"key":"SMITH"},{"data":"RobotSpaceExplorer:HighVoltage","floor":27,"key":"SMITH"},{"data":"J.A.X.","floor":32,"key":"SMITH"},{"data":"RobotSpaceExplorer:Comet","floor":40,"key":"SMITH"},{"data":"RobotSpaceExplorer:Comet","floor":42,"key":"SMITH"},{"data":"RobotSpaceExplorer:StarLightning","floor":45,"key":"SMITH"},{"data":"RobotSpaceExplorer:FrostMissile","floor":47,"key":"SMITH"},{"data":"RobotSpaceExplorer:MiniLasers","floor":49,"key":"SMITH"}],"circlet_count":0,"master_deck":["RobotSpaceExplorer:Strike","RobotSpaceExplorer:Defend","RobotSpaceExplorer:Defend","RobotSpaceExplorer:Defend","RobotSpaceExplorer:Defend","RobotSpaceExplorer:Scan+1","RobotSpaceExplorer:MiniLasers+1","RobotSpaceExplorer:Pulsar+1","RobotSpaceExplorer:Pulsar+1","RobotSpaceExplorer:StunGrenade","RobotSpaceExplorer:Blaster+1","RobotSpaceExplorer:StunGrenade","RobotSpaceExplorer:FrostMissile+1","RobotSpaceExplorer:HighVoltage+1","J.A.X.+1","RobotSpaceExplorer:ScrapMissile","RobotSpaceExplorer:LaserBurst+1","RobotSpaceExplorer:FrostMissile+1","RobotSpaceExplorer:Comet+1","RobotSpaceExplorer:ScrapMissile","RobotSpaceExplorer:Comet+1","RobotSpaceExplorer:StarLightning+1","Flash of Steel"],"relics":["RobotSpaceExplorer:RoboCore","Golden Idol","CaptainsWheel","Replay:WaspNest","HornCleat","PreservedInsect","Sozu","Meat on the Bone","Pen Nib","ReplayTheSpireMod:Ninjato","Prayer Wheel","StrikeDummy","Runic Pyramid","ClockworkSouvenir","Toy Ornithopter","Red Mask"],"acts_visited":["Exordium","TheCity","TheBeyond"],"potions_floor_usage":[14,16,16,28,33],"damage_taken":[{"damage":1,"enemies":"2 Louse","floor":1,"turns":2},{"damage":0,"enemies":"Small Slimes","floor":2,"turns":4},{"damage":2,"enemies":"Jaw Worm","floor":5,"turns":4},{"damage":36,"enemies":"Gremlin Nob","floor":7,"turns":6},{"damage":0,"enemies":"Blue Slaver","floor":8,"turns":4},{"damage":5,"enemies":"Lagavulin","floor":14,"turns":7},{"damage":0,"enemies":"The Guardian","floor":16,"turns":14},{"damage":0,"enemies":"Spheric Guardian","floor":18,"turns":3},{"damage":3,"enemies":"Chosen","floor":20,"turns":4},{"damage":3,"enemies":"Snake Plant","floor":21,"turns":4},{"damage":9,"enemies":"Snecko","floor":22,"turns":5},{"damage":9,"enemies":"Gremlin Leader","floor":23,"turns":4},{"damage":0,"enemies":"3 Cultists","floor":24,"turns":4},{"damage":3,"enemies":"Book of Stabbing","floor":28,"turns":4},{"damage":3,"enemies":"Snake Plant","floor":29,"turns":3},{"damage":0,"enemies":"Centurion and Healer","floor":31,"turns":2},{"damage":30,"enemies":"Champ","floor":33,"turns":7},{"damage":0,"enemies":"Orb Walker","floor":35,"turns":3},{"damage":12,"enemies":"3 Darklings","floor":38,"turns":2},{"damage":12,"enemies":"Writhing Mass","floor":44,"turns":5},{"damage":9,"enemies":"Awakened One","floor":50,"turns":9}],"seed_played":"7320543272458348850","potions_obtained":[{"floor":1,"key":"Venom Potion"},{"floor":8,"key":"Elixir"},{"floor":14,"key":"EntropicBrew"}],"is_trial":false,"path_per_floor":["M","M","?","?","M","R","E","M","T","R","?","?","$","E","R","B",null,"M","?","M","M","M","E","M","$","T","R","E","M","T","M","R","B",null,"M","?","?","M","$","R","?","R","T","M","R","$","R","?","R","B",null],"character_chosen":"RobotSpaceExplorer","items_purchased":["HornCleat","Pen Nib","RobotSpaceExplorer:Comet","ClockworkSouvenir","Flash of Steel"],"campfire_rested":0,"item_purchase_floors":[13,25,39,39,46],"current_hp_per_floor":[74,74,56,56,54,54,18,18,18,18,18,18,18,13,13,13,75,75,75,72,69,60,51,51,51,51,51,48,45,45,45,45,27,75,75,75,75,63,63,63,63,63,63,51,51,51,51,51,51,42],"gold":0,"neow_bonus":"THREE_CARDS","is_daily":false,"chose_seed":false,"campfire_upgraded":10,"win_rate":0.0,"timestamp":1610222323,"path_taken":["M","M","?","?","M","R","E","M","T","R","?","?","$","E","R","BOSS","M","?","M","M","M","E","M","$","T","R","E","M","?","M","R","BOSS","M","?","?","?","$","R","?","R","T","M","R","$","R","?","R","BOSS"],"items_purchased_type":["Relic","Relic","Card","Relic","Card"],"build_version":"2020-12-22","purchased_purges":1,"victory":true,"max_hp_per_floor":[75,75,75,75,75,75,75,75,75,75,75,75,75,75,75,75,75,75,75,75,75,75,75,75,75,75,75,75,75,75,75,75,75,75,75,75,75,75,75,75,71,71,71,71,71,71,71,71,71,71],"relic_stats":{"Sozu":6,"counters":[21,100],"Golden Idol":154,"Prayer Wheel":5,"PreservedInsect":88,"Pen Nib":[7],"obtain_stats":[{"ReplayTheSpireMod:Ninjato":26,"Golden Idol":3,"RobotSpaceExplorer:RoboCore":0,"Replay:WaspNest":9,"PreservedInsect":14,"Pen Nib":25,"ClockworkSouvenir":39,"Sozu":17,"CaptainsWheel":7,"HornCleat":13,"Prayer Wheel":28,"Red Mask":48,"StrikeDummy":30,"Toy Ornithopter":43,"Meat on the Bone":23,"Runic Pyramid":34},{"ReplayTheSpireMod:Ninjato":13,"Golden Idol":2,"RobotSpaceExplorer:RoboCore":0,"Replay:WaspNest":5,"PreservedInsect":6,"Pen Nib":13,"ClockworkSouvenir":19,"Sozu":7,"CaptainsWheel":4,"HornCleat":5,"Prayer Wheel":14,"Red Mask":20,"StrikeDummy":15,"Toy Ornithopter":19,"Meat on the Bone":12,"Runic Pyramid":17},{"ReplayTheSpireMod:Ninjato":65,"Golden Idol":6,"RobotSpaceExplorer:RoboCore":0,"Replay:WaspNest":20,"PreservedInsect":27,"Pen Nib":65,"ClockworkSouvenir":86,"Sozu":41,"CaptainsWheel":16,"HornCleat":20,"Prayer Wheel":69,"Red Mask":91,"StrikeDummy":72,"Toy Ornithopter":86,"Meat on the Bone":61,"Runic Pyramid":81}],"Toy Ornithopter":0,"Meat on the Bone":12},"card_choices":[{"not_picked":["RobotSpaceExplorer:SurgingShield","RobotSpaceExplorer:TurboDodge"],"picked":"RobotSpaceExplorer:Pulsar","floor":1},{"not_picked":["RobotSpaceExplorer:ScrapMissile","RobotSpaceExplorer:GlueShot"],"picked":"RobotSpaceExplorer:Pulsar","floor":2},{"not_picked":["RobotSpaceExplorer:Ammunition","RobotSpaceExplorer:Probe"],"picked":"RobotSpaceExplorer:StunGrenade","floor":5},{"not_picked":["RobotSpaceExplorer:PowerGlove","RobotSpaceExplorer:ImprovisedAttack"],"picked":"RobotSpaceExplorer:Blaster","floor":7},{"not_picked":["RobotSpaceExplorer:GlueShot","RobotSpaceExplorer:DoubleBlock"],"picked":"RobotSpaceExplorer:StunGrenade","floor":8},{"not_picked":["RobotSpaceExplorer:ShovelStrike","RobotSpaceExplorer:Counterblock"],"picked":"RobotSpaceExplorer:FrostMissile","floor":14},{"not_picked":["RobotSpaceExplorer:BlastShield","RobotSpaceExplorer:Accelerator"],"picked":"RobotSpaceExplorer:HighVoltage","floor":16},{"not_picked":["RobotSpaceExplorer:GlueShot+1","RobotSpaceExplorer:MiniDrones","RobotSpaceExplorer:Reload+1"],"picked":"SKIP","floor":18},{"not_picked":["RobotSpaceExplorer:Jetpack","RobotSpaceExplorer:SwiftStep"],"picked":"RobotSpaceExplorer:ScrapMissile","floor":20},{"not_picked":["RobotSpaceExplorer:RigExplosive","RobotSpaceExplorer:Jetpack"],"picked":"RobotSpaceExplorer:LaserBurst+1","floor":21},{"not_picked":["RobotSpaceExplorer:Counterblock+1","RobotSpaceExplorer:MetalStrike+1","RobotSpaceExplorer:ScrapShield"],"picked":"SKIP","floor":22},{"not_picked":["RobotSpaceExplorer:MiniDrones","RobotSpaceExplorer:BigMissile","RobotSpaceExplorer:SwiftStep"],"picked":"SKIP","floor":23},{"not_picked":["RobotSpaceExplorer:SurgingStrike","RobotSpaceExplorer:ScrapMissile"],"picked":"RobotSpaceExplorer:Wormhole","floor":24},{"not_picked":["RobotSpaceExplorer:FreezeRay","RobotSpaceExplorer:SlimeMissile","RobotSpaceExplorer:SwiftStep"],"picked":"SKIP","floor":28},{"not_picked":["RobotSpaceExplorer:Probe+1","RobotSpaceExplorer:MetalStrike"],"picked":"RobotSpaceExplorer:FrostMissile+1","floor":29},{"not_picked":["RobotSpaceExplorer:BigMissile","RobotSpaceExplorer:ScrapMissile","RobotSpaceExplorer:StunGrenade"],"picked":"SKIP","floor":29},{"not_picked":["RobotSpaceExplorer:GlueShot+1","RobotSpaceExplorer:Probe","RobotSpaceExplorer:FreezingShield"],"picked":"SKIP","floor":31},{"not_picked":["RobotSpaceExplorer:Ammunition","RobotSpaceExplorer:Accelerator","RobotSpaceExplorer:ShovelStrike"],"picked":"SKIP","floor":31},{"not_picked":["RobotSpaceExplorer:DroneSwarm","RobotSpaceExplorer:Autoloader"],"picked":"RobotSpaceExplorer:Comet","floor":33},{"not_picked":["RobotSpaceExplorer:Fix","RobotSpaceExplorer:FranticSearch+1"],"picked":"RobotSpaceExplorer:FreezeRay+1","floor":35},{"not_picked":["RobotSpaceExplorer:FrostMissile","RobotSpaceExplorer:FreezeRay","RobotSpaceExplorer:ShockKick+1"],"picked":"SKIP","floor":35},{"not_picked":["RobotSpaceExplorer:FreezeRay","RobotSpaceExplorer:SelfCleaning"],"picked":"RobotSpaceExplorer:ScrapMissile","floor":38},{"not_picked":["RobotSpaceExplorer:ShovelStrike+1","RobotSpaceExplorer:FranticSearch+1","RobotSpaceExplorer:SelfCleaning"],"picked":"SKIP","floor":38},{"not_picked":["RobotSpaceExplorer:ShovelStrike","RobotSpaceExplorer:ScrapMissile+1"],"picked":"RobotSpaceExplorer:StarLightning","floor":44},{"not_picked":["RobotSpaceExplorer:ShockKick","RobotSpaceExplorer:Probe","RobotSpaceExplorer:Fix"],"picked":"SKIP","floor":44}],"player_experience":802652,"relics_obtained":[{"floor":7,"key":"CaptainsWheel"},{"floor":9,"key":"Replay:WaspNest"},{"floor":14,"key":"PreservedInsect"},{"floor":23,"key":"Meat on the Bone"},{"floor":26,"key":"ReplayTheSpireMod:Ninjato"},{"floor":28,"key":"Prayer Wheel"},{"floor":30,"key":"StrikeDummy"},{"floor":43,"key":"Toy Ornithopter"}],"event_choices":[{"damage_healed":0,"gold_gain":0,"player_choice":"Take Damage","damage_taken":18,"relics_obtained":["Golden Idol"],"max_hp_gain":0,"max_hp_loss":0,"event_name":"Golden Idol","floor":3,"gold_loss":0},{"damage_healed":0,"gold_gain":0,"player_choice":"Obtain J.A.X.","damage_taken":0,"max_hp_gain":0,"max_hp_loss":0,"event_name":"Drug Dealer","floor":19,"gold_loss":0,"cards_obtained":["J.A.X."]},{"cards_removed":["RobotSpaceExplorer:FreezeRay"],"damage_healed":0,"gold_gain":0,"player_choice":"Removed Power","damage_taken":0,"max_hp_gain":0,"max_hp_loss":0,"event_name":"Falling","floor":36,"gold_loss":0},{"cards_removed":["RobotSpaceExplorer:Strike"],"damage_healed":0,"gold_gain":0,"player_choice":"Purged","damage_taken":0,"max_hp_gain":0,"max_hp_loss":0,"event_name":"Purifier","floor":37,"gold_loss":0},{"damage_healed":0,"gold_gain":0,"player_choice":"Max HP","damage_taken":0,"max_hp_gain":0,"max_hp_loss":4,"event_name":"Winding Halls","floor":41,"gold_loss":0},{"damage_healed":0,"gold_gain":0,"player_choice":"Paid","damage_taken":0,"relics_obtained":["Red Mask"],"max_hp_gain":0,"max_hp_loss":0,"event_name":"Tomb of Lord Red Mask","floor":48,"gold_loss":66}],"is_beta":false,"boss_relics":[{"not_picked":["Empty Cage","Snecko Eye"],"picked":"Sozu"},{"not_picked":["Abe\u0027s Treasure","Busted Crown"],"picked":"Runic Pyramid"}],"items_purged_floors":[25],"is_endless":false,"potions_floor_spawned":[1,8,14,18,20,22,28,33,38],"ascension_level":1}}