{"host":"fmtvje4mks8zli8e","time":1610164274,"event":{"mods":["AchievementEnabler","AlwaysNeverKeys","BaseMod","BetterRewards","Minty Spire (QoL Compilation)","READ ME - Guardian Mod","Remove Card Discount Mod","StSLib","The Cursed","The Druid","The Servant 0.9.4","The Wild Card"],"gold_per_floor":[119,119,143,143,123,123,156,156,156,174,174,210,234,275,275,406,406,431,530,530,46,46,82,82,82,82],"floor_reached":25,"playtime":2608,"items_purged":["Strike_B","Strike_B","Strike_B","Strike_B","Injury"],"score":402,"play_id":"75bdebc1-6b43-4e0f-a8cd-156a23ba2271","local_time":"20210108215114","is_ascension_mode":true,"campfire_choices":[{"data":"Zap","floor":6,"key":"SMITH"},{"data":"Capacitor","floor":8,"key":"SMITH"},{"data":"Cold Snap","floor":11,"key":"SMITH"},{"floor":15,"key":"DIG"}],"circlet_count":0,"master_deck":["Defend_B","Defend_B","Defend_B","Defend_B","Zap+1","Dualcast","Capacitor+1","Gash","Capacitor","Cold Snap+1","Reboot","Gash","Ball Lightning","Creative AI","Ball Lightning+1","Coolheaded+1","Storm","Electrodynamics"],"relics":["Cracked Core","Orichalcum","Golden Idol","Potion Belt","Kunai","Shovel","Emotion Chip","Singing Bowl","Coffee Dripper","Letter Opener","Medical Kit","Toxic Egg 2","Enchiridion","Oddly Smooth Stone"],"acts_visited":["Exordium","TheCity"],"potions_floor_usage":[12,14,23,23,25],"damage_taken":[{"damage":0,"enemies":"Cultist","floor":1,"turns":3},{"damage":6,"enemies":"Jaw Worm","floor":3,"turns":3},{"damage":37,"enemies":"Gremlin Nob","floor":7,"turns":5},{"damage":0,"enemies":"Small Slimes","floor":10,"turns":3},{"damage":4,"enemies":"3 Sentries","floor":12,"turns":9},{"damage":0,"enemies":"Exordium Wildlife","floor":13,"turns":2},{"damage":14,"enemies":"Lagavulin","floor":14,"turns":7},{"damage":10,"enemies":"Hexaghost","floor":16,"turns":8},{"damage":15,"enemies":"3 Byrds","floor":18,"turns":5},{"damage":43,"enemies":"Gremlin Leader","floor":23,"turns":6},{"damage":3,"enemies":"Spheric Guardian","floor":25,"turns":2}],"seed_played":"6591496815260564974","potions_obtained":[{"floor":1,"key":"Ancient Potion"},{"floor":5,"key":"LiquidMemories"},{"floor":10,"key":"Weak Potion"},{"floor":12,"key":"CultistPotion"},{"floor":14,"key":"GamblersBrew"},{"floor":18,"key":"SkillPotion"},{"floor":24,"key":"EntropicBrew"},{"floor":24,"key":"Weak Potion"},{"floor":24,"key":"Dexterity Potion"}],"is_trial":false,"path_per_floor":["M","?","M","?","?","R","E","R","T","M","R","E","M","E","R","B",null,"M","?","?","$","?","E","?","M"],"character_chosen":"DEFECT","items_purchased":["Capacitor","Medical Kit","Toxic Egg 2","Coolheaded+1","Storm"],"campfire_rested":0,"item_purchase_floors":[0,21,21,21,21],"current_hp_per_floor":[75,75,69,69,69,69,32,32,32,32,32,28,28,14,14,4,75,60,60,60,60,44,1,1,0,0],"gold":82,"neow_bonus":"","is_daily":false,"chose_seed":false,"campfire_upgraded":3,"win_rate":0.0,"timestamp":1610164274,"path_taken":["M","?","M","?","?","R","E","R","T","?","R","E","M","E","R","BOSS","M","?","?","$","?","E","?","M"],"items_purchased_type":["Card","Relic","Relic","Card","Card"],"build_version":"2020-12-22","purchased_purges":5,"victory":false,"max_hp_per_floor":[75,75,75,75,75,75,75,75,75,75,75,75,75,75,75,75,75,75,75,75,75,75,75,75,75,75],"card_choices":[{"not_picked":["Beam Cell","Heatsinks"],"picked":"Gash","floor":1},{"not_picked":["Recycle","Sweeping Beam"],"picked":"Capacitor","floor":3},{"not_picked":["Leap","Stack"],"picked":"Cold Snap","floor":7},{"not_picked":["Hologram","Sweeping Beam","Streamline"],"picked":"SKIP","floor":10},{"not_picked":["Stack","Darkness"],"picked":"Reboot","floor":12},{"not_picked":["Recycle","Redo"],"picked":"Gash","floor":13},{"not_picked":["Turbo","Undo"],"picked":"Ball Lightning","floor":14},{"not_picked":["Meteor Strike","Multi-Cast"],"picked":"Creative AI","floor":16},{"not_picked":["Heatsinks","Fusion"],"picked":"Ball Lightning+1","floor":18},{"not_picked":["Gash","Double Energy+1"],"picked":"Electrodynamics","floor":23}],"player_experience":3040935,"relics_obtained":[{"floor":7,"key":"Potion Belt"},{"floor":9,"key":"Kunai"},{"floor":12,"key":"Shovel"},{"floor":14,"key":"Emotion Chip"},{"floor":15,"key":"Singing Bowl"},{"floor":22,"key":"Enchiridion"},{"floor":23,"key":"Oddly Smooth Stone"}],"event_choices":[{"damage_healed":0,"gold_gain":0,"player_choice":"Take Wound","damage_taken":0,"relics_obtained":["Golden Idol"],"max_hp_gain":0,"max_hp_loss":0,"event_name":"Golden Idol","floor":2,"gold_loss":0,"cards_obtained":["Injury"]},{"damage_healed":0,"gold_gain":0,"player_choice":"Leave","damage_taken":0,"max_hp_gain":0,"max_hp_loss":0,"event_name":"The Cleric","floor":4,"gold_loss":0},{"damage_healed":0,"gold_gain":0,"player_choice":"Bought 1 Potion","damage_taken":0,"max_hp_gain":0,"max_hp_loss":0,"event_name":"The Woman in Blue","floor":5,"gold_loss":0},{"damage_healed":0,"gold_gain":99,"player_choice":"Stole From Cult","damage_taken":0,"max_hp_gain":0,"max_hp_loss":0,"event_name":"Nest","floor":19,"gold_loss":0},{"damage_healed":0,"gold_gain":0,"player_choice":"Opened","damage_taken":0,"relics_obtained":["Letter Opener"],"max_hp_gain":0,"max_hp_loss":0,"event_name":"The Mausoleum","floor":20,"gold_loss":0},{"damage_healed":0,"gold_gain":0,"player_choice":"Obtained Book","damage_taken":16,"max_hp_gain":0,"max_hp_loss":0,"event_name":"Cursed Tome","floor":22,"gold_loss":0},{"damage_healed":0,"gold_gain":0,"player_choice":"Got Potions","damage_taken":0,"max_hp_gain":0,"max_hp_loss":0,"event_name":"Lab","floor":24,"gold_loss":0}],"is_beta":false,"boss_relics":[{"not_picked":["Sozu","Nuclear Battery"],"picked":"Coffee Dripper"}],"items_purged_floors":[21,21,21,21,21],"is_endless":false,"potions_floor_spawned":[1,10,12,14,18],"killed_by":"Spheric Guardian","ascension_level":4}}