{"host":"dnd25fcf5l5puhl9","time":1610207312,"event":{"mods":["AchievementEnabler","Act Like it!","BaseMod","BetterRewards","Colored Map","Colored Powertips","Downfall","Gensokyo","Hermit","Hubris","Infinite Spire","Lobotomy","Minty Spire (QoL Compilation)","Replay The Spire","Shop Mod","StSLib","SuperFastMode","The Cursed","The Disciple","The Jungle"],"gold_per_floor":[99,99,99,99,99,118,118,143,157,169,169,169,169],"floor_reached":11,"playtime":733,"items_purged":[],"score":75,"play_id":"a6583bcb-ca87-47e2-9341-8f25e5a2ef5e","local_time":"20210109134832","is_ascension_mode":true,"campfire_choices":[{"data":"champ:Taunt","floor":1,"key":"SMITH"}],"circlet_count":0,"master_deck":["champ:Strike","champ:Strike","champ:Strike","champ:Strike","champ:Defend","champ:Defend","champ:Defend","champ:Defend","champ:Execute","champ:Taunt+1","champ:DefensiveShout","champ:FlashCut","champ:EnchantCrown","champ:RapidStrikes","champ:FocusedDefense"],"relics":["champ:ChampionCrown","downfall:HeartsMalice","hubris:DeckOfHolding","Gremlin Horn"],"acts_visited":["Exordium"],"potions_floor_usage":[11],"damage_taken":[{"damage":0,"enemies":"Cultist","floor":2,"turns":1},{"damage":0,"enemies":"2 Louse","floor":3,"turns":1},{"damage":0,"enemies":"Jaw Worm","floor":5,"turns":1},{"damage":13,"enemies":"2 Fungi Beasts","floor":6,"turns":4},{"damage":41,"enemies":"Lagavulin","floor":8,"turns":10},{"damage":14,"enemies":"Lots of Slimes","floor":9,"turns":5},{"damage":4,"enemies":"Red Slaver","floor":10,"turns":3},{"damage":52,"enemies":"3 Sentries","floor":11,"turns":9}],"seed_played":"1787976623296082814","potions_obtained":[{"floor":6,"key":"LiquidMemories"},{"floor":10,"key":"AttackPotion"}],"is_trial":false,"path_per_floor":["R_BF","M","M","T","M","M","T","E","M","M","E"],"character_chosen":"THE_CHAMP","items_purchased":[],"campfire_rested":0,"item_purchase_floors":[],"current_hp_per_floor":[90,90,90,90,90,85,85,54,48,44,0,0,0],"gold":169,"neow_bonus":"THREE_ENEMY_KILL","is_daily":false,"chose_seed":false,"campfire_upgraded":1,"win_rate":0.0,"timestamp":1610207312,"path_taken":["R_BF","M","M","?","M","M","T","E","M","M","E"],"items_purchased_type":[],"build_version":"2020-12-22","purchased_purges":0,"victory":false,"max_hp_per_floor":[90,90,90,90,90,90,90,90,90,90,90,90,90],"card_choices":[{"not_picked":["champ:StanceDance","champ:AdrenalArmor","champ:TornadoPunch"],"picked":"SKIP","floor":2},{"not_picked":["champ:GladiatorsShout","champ:ShieldSigil"],"picked":"champ:DefensiveShout","floor":3},{"not_picked":["champ:CalledShot","champ:EnGarde"],"picked":"champ:FlashCut","floor":5},{"not_picked":["champ:CrookedStrike","champ:Encircle","champ:FightOn"],"picked":"SKIP","floor":6},{"not_picked":["champ:IgnorePain","champ:EnGarde"],"picked":"champ:EnchantCrown","floor":8},{"not_picked":["champ:FightOn","champ:StanceDance"],"picked":"champ:RapidStrikes","floor":9},{"not_picked":["champ:DefensiveShout","champ:GutPunch"],"picked":"champ:FocusedDefense","floor":10}],"player_experience":563484,"relics_obtained":[{"floor":7,"key":"hubris:DeckOfHolding"},{"floor":8,"key":"Gremlin Horn"}],"event_choices":[],"is_beta":false,"boss_relics":[],"items_purged_floors":[],"is_endless":false,"potions_floor_spawned":[6,10],"killed_by":"3 Sentries","ascension_level":1}}