{"host":"txhhdwa0hqfs4jhb","time":1610202699,"event":{"mods":["AchievementEnabler","BaseMod","Better Third Choice","Filter the Spire","Minty Spire (QoL Compilation)","Relic Stats","StSLib","Thieving Mod"],"gold_per_floor":[111,123,173,193,13,45,60,94,94,114,12,26,60,135,135,209,209,227,4,4,4,4,32,32,32,111,100,117,148,163,189,189,263,263,273,52,63,63,63,63,79,79,157,157,173,173,206,216,216,216],"floor_reached":51,"playtime":2918,"items_purged":["Strike_B"],"score":1618,"play_id":"44213400-a610-40ac-9e26-5189f3c38e62","local_time":"20210109143139","is_ascension_mode":true,"campfire_choices":[{"data":"Consume","floor":15.0,"key":"SMITH"},{"floor":32,"key":"REST"},{"data":"Defragment","floor":40,"key":"SMITH"},{"data":"Coolheaded","floor":42,"key":"SMITH"},{"data":"Coolheaded","floor":44,"key":"SMITH"},{"data":"Zap","floor":46,"key":"SMITH"},{"floor":49,"key":"DIG"}],"circlet_count":0,"master_deck":["AscendersBane","Strike_B","Strike_B","Strike_B","Defend_B","Defend_B","Defend_B","Zap+1","Dualcast","Doom and Gloom+1","Glacier","Ball Lightning","Defragment+1","Ball Lightning","Coolheaded+1","Glacier","Consume+1","Go for the Eyes+1","Core Surge+1","White Noise+1","Ball Lightning","Iron Wave","FTL+1","Steam+1","Storm+1","Perseverance+1","Panacea","Coolheaded+1","Acrobatics+1","Iron Wave"],"relics":["Inserter","Omamori","Lee\u0027s Waffle","Symbiotic Virus","Singing Bowl","Kunai","Membership Card","Bag of Preparation","Art of War","Nuclear Battery","Thread and Needle","Toolbox","DataDisk","OrangePellets","Whetstone","Toy Ornithopter","Torii","PrismaticShard","Bottled Tornado","StoneCalendar","Anchor","Tiny Chest","Coffee Dripper","Strawberry","Potion Belt","Orrery","Pear","Shovel","Vajra"],"acts_visited":["Exordium","TheCity","TheBeyond"],"potions_floor_usage":[29,33,35,50,50,50,50],"damage_taken":[{"damage":18.0,"enemies":"Jaw Worm","floor":1.0,"turns":6.0},{"damage":1.0,"enemies":"Cultist","floor":2.0,"turns":3.0},{"damage":0.0,"enemies":"Small Slimes","floor":4.0,"turns":3.0},{"damage":7.0,"enemies":"3 Sentries","floor":6.0,"turns":6.0},{"damage":1.0,"enemies":"Looter","floor":7.0,"turns":4.0},{"damage":1.0,"enemies":"Lagavulin","floor":8.0,"turns":7.0},{"damage":27.0,"enemies":"Large Slime","floor":10.0,"turns":4.0},{"damage":0.0,"enemies":"Blue Slaver","floor":12.0,"turns":4.0},{"damage":0.0,"enemies":"3 Sentries","floor":13.0,"turns":6.0},{"damage":9.0,"enemies":"Hexaghost","floor":16.0,"turns":22.0},{"damage":4.0,"enemies":"Shell Parasite","floor":18.0,"turns":27.0},{"damage":32.0,"enemies":"Slavers","floor":23.0,"turns":5.0},{"damage":11,"enemies":"Spheric Guardian","floor":28,"turns":4},{"damage":0,"enemies":"Book of Stabbing","floor":29,"turns":4},{"damage":0,"enemies":"Snecko","floor":30,"turns":5},{"damage":0,"enemies":"Gremlin Leader","floor":31,"turns":4},{"damage":0,"enemies":"Collector","floor":33,"turns":7},{"damage":0,"enemies":"3 Darklings","floor":35,"turns":7},{"damage":0,"enemies":"3 Shapes","floor":37,"turns":3},{"damage":0,"enemies":"Sphere and 2 Shapes","floor":41,"turns":4},{"damage":19,"enemies":"Jaw Worm Horde","floor":45,"turns":4},{"damage":0,"enemies":"Giant Head","floor":47,"turns":8},{"damage":0,"enemies":"Spire Growth","floor":48,"turns":4},{"damage":34,"enemies":"Awakened One","floor":50,"turns":13}],"seed_played":"-3727232842956795471","potions_obtained":[{"floor":1.0,"key":"BlessingOfTheForge"},{"floor":2.0,"key":"AttackPotion"},{"floor":8.0,"key":"Fruit Juice"},{"floor":10.0,"key":"PowerPotion"},{"floor":12.0,"key":"Ancient Potion"},{"floor":28,"key":"EssenceOfSteel"},{"floor":30,"key":"Swift Potion"},{"floor":33,"key":"Block Potion"},{"floor":35,"key":"Ancient Potion"},{"floor":47,"key":"SpeedPotion"},{"floor":48,"key":"DuplicationPotion"}],"is_trial":false,"path_per_floor":["M","M","?","M","$","E","M","E","T","M","$","M","E","?","R","B",null,"M","$","?","?","$","E","?","$","T","$","M","E","M","E","R","B",null,"M","$","M","?","?","R","M","R","T","R","M","R","E","M","R","B",null],"character_chosen":"DEFECT","items_purchased":["Glacier","Ball Lightning","Bag of Preparation","Coolheaded","Thread and Needle","Toolbox","Ball Lightning","Strawberry","Potion Belt","Orrery"],"campfire_rested":1,"item_purchase_floors":[5,5,11,11,19,19,27,36,36,36],"current_hp_per_floor":[46,45,45,45,78,71,70,71,71,46,46,51,51,40,40,33,75,71,71,71,71,71,39,39,39,39,39,30,37,37,37,64,71,89,96,107,109,103,103,103,103,103,113,113,96,96,96,96,96,82],"gold":216,"neow_bonus":"BOSS_RELIC","is_daily":false,"chose_seed":false,"campfire_upgraded":5,"win_rate":0.0,"timestamp":1610202699,"path_taken":["M","M","?","M","$","E","M","E","T","?","$","M","E","?","R","BOSS","M","$","?","?","$","E","?","$","T","?","?","E","M","E","R","BOSS","M","$","M","?","?","R","M","R","T","R","M","R","E","?","R","BOSS"],"items_purchased_type":["Card","Card","Relic","Card","Relic","Relic","Card","Relic","Relic","Relic"],"build_version":"2020-12-22","purchased_purges":1,"victory":true,"max_hp_per_floor":[71,71,71,71,78,78,78,80,80,82,82,87,87,87,87,89,89,89,89,89,89,89,89,89,89,89,89,91,93,93,93,93,95,95,97,108,110,114,114,114,114,114,124,124,126,126,126,126,126,126],"relic_stats":{"Lee\u0027s Waffle":33,"Inserter":[81],"Singing Bowl":26,"Torii":4,"counters":[24,164],"StoneCalendar":[150],"Bag of Preparation":[34],"Whetstone":["Core Surge","Doom and Gloom"],"OrangePellets":[4],"Shovel":1,"Tiny Chest":0,"Art of War":[51],"Kunai":[22],"obtain_stats":[{"Singing Bowl":8,"Torii":25,"Vajra":49,"StoneCalendar":27,"Bag of Preparation":11,"Whetstone":23,"Bottled Tornado":26,"PrismaticShard":25,"Shovel":47,"Strawberry":36,"Toolbox":19,"Tiny Chest":31,"Kunai":9,"Cracked Core":0,"Potion Belt":36,"Lee\u0027s Waffle":5,"Inserter":0,"Pear":43,"Thread and Needle":19,"Omamori":5,"Nuclear Battery":17,"OrangePellets":22,"DataDisk":20,"Anchor":29,"Orrery":36,"Art of War":13,"Coffee Dripper":34,"Membership Card":11,"Symbiotic Virus":6,"Toy Ornithopter":24},{"Singing Bowl":6,"Torii":12,"Vajra":23,"StoneCalendar":12,"Bag of Preparation":7,"Whetstone":12,"Bottled Tornado":12,"PrismaticShard":12,"Shovel":22,"Strawberry":18,"Toolbox":11,"Tiny Chest":16,"Kunai":6,"Cracked Core":0,"Potion Belt":18,"Lee\u0027s Waffle":3,"Inserter":0,"Pear":20,"Thread and Needle":11,"Omamori":3,"Nuclear Battery":10,"OrangePellets":11,"DataDisk":11,"Anchor":14,"Orrery":18,"Art of War":9,"Coffee Dripper":17,"Membership Card":7,"Symbiotic Virus":4,"Toy Ornithopter":12},{"Singing Bowl":29,"Torii":97,"Vajra":151,"StoneCalendar":97,"Bag of Preparation":33,"Whetstone":97,"Bottled Tornado":97,"PrismaticShard":97,"Shovel":147,"Strawberry":128,"Toolbox":92,"Tiny Chest":114,"Kunai":29,"Cracked Core":0,"Potion Belt":128,"Lee\u0027s Waffle":12,"Inserter":0,"Pear":135,"Thread and Needle":92,"Omamori":12,"Nuclear Battery":65,"OrangePellets":92,"DataDisk":92,"Anchor":105,"Orrery":128,"Art of War":43,"Coffee Dripper":121,"Membership Card":33,"Symbiotic Virus":18,"Toy Ornithopter":97}],"Toy Ornithopter":35},"card_choices":[{"not_picked":["Gash","Reprogram"],"picked":"Doom and Gloom","floor":1.0},{"not_picked":["Blizzard","Steam","Barrage"],"picked":"SKIP","floor":2.0},{"not_picked":["Gash","Steam","Double Energy"],"picked":"SKIP","floor":4.0},{"not_picked":["Leap","Redo"],"picked":"Defragment","floor":6.0},{"not_picked":["Barrage","Steam"],"picked":"Ball Lightning","floor":7.0},{"not_picked":["Recycle","Leap","Go for the Eyes"],"picked":"Singing Bowl","floor":8.0},{"not_picked":["Sweeping Beam","Go for the Eyes","Rip and Tear"],"picked":"Singing Bowl","floor":10.0},{"not_picked":["Hello World","Streamline"],"picked":"Glacier","floor":12.0},{"not_picked":["White Noise","Aggregate"],"picked":"Consume","floor":13.0},{"not_picked":["Hyperbeam","Buffer","Fission"],"picked":"Singing Bowl","floor":16.0},{"not_picked":["Steam","Turbo+1"],"picked":"Go for the Eyes+1","floor":18.0},{"not_picked":["Beam Cell","Go for the Eyes"],"picked":"White Noise+1","floor":23.0},{"not_picked":["CutThroughFate","True Grit","Flying Knee"],"picked":"Singing Bowl","floor":28},{"not_picked":["Conserve Battery","Swift Strike","Deep Breath"],"picked":"Singing Bowl","floor":29},{"not_picked":["FlyingSleeves","Storm"],"picked":"Iron Wave","floor":30},{"not_picked":["Flex","Darkness"],"picked":"FTL+1","floor":31},{"not_picked":["Tools of the Trade","Alpha","Machine Learning"],"picked":"Singing Bowl","floor":33},{"not_picked":["Burning Pact","Deadly Poison","Cleave+1"],"picked":"Singing Bowl","floor":35},{"not_picked":["Headbutt","Flex","Leap"],"picked":"Singing Bowl","floor":36},{"not_picked":["Cold Snap","Protect+1"],"picked":"Steam+1","floor":36},{"not_picked":["Caltrops+1","Bane+1","Double Tap"],"picked":"Singing Bowl","floor":36},{"not_picked":["Dagger Throw","Crescendo"],"picked":"Storm+1","floor":36},{"not_picked":["Stack","Bane"],"picked":"Perseverance+1","floor":36},{"not_picked":["CutThroughFate","Prostrate","Double Tap"],"picked":"Singing Bowl","floor":37},{"not_picked":["Enlightenment","Impatience","Madness"],"picked":"Singing Bowl","floor":38},{"not_picked":["Enlightenment","Dramatic Entrance"],"picked":"Panacea","floor":38},{"not_picked":["Secret Weapon","Blind","Finesse"],"picked":"Singing Bowl","floor":38},{"not_picked":["Perfected Strike","Conserve Battery+1"],"picked":"Coolheaded","floor":41},{"not_picked":["Deadly Poison","Collect","Headbutt"],"picked":"Singing Bowl","floor":45},{"not_picked":["Redo","EmptyBody"],"picked":"Acrobatics+1","floor":47},{"not_picked":["Beam Cell","Turbo"],"picked":"Iron Wave","floor":48}],"player_experience":226156,"relics_obtained":[{"floor":6.0,"key":"Symbiotic Virus"},{"floor":8.0,"key":"Singing Bowl"},{"floor":9.0,"key":"Kunai"},{"floor":13.0,"key":"Art of War"},{"floor":23.0,"key":"Whetstone"},{"floor":26.0,"key":"Bottled Tornado"},{"floor":29,"key":"Anchor"},{"floor":31,"key":"Tiny Chest"},{"floor":43,"key":"Pear"},{"floor":47,"key":"Shovel"},{"floor":49,"key":"Vajra"}],"event_choices":[{"damage_healed":0.0,"max_hp_gain":0.0,"max_hp_loss":0.0,"gold_gain":50.0,"event_name":"Golden Shrine","player_choice":"Pray","floor":3.0,"gold_loss":0.0,"damage_taken":0.0},{"damage_healed":0.0,"max_hp_gain":1.0,"max_hp_loss":0.0,"gold_gain":75.0,"event_name":"betterThird:BetterGoop","player_choice":"Gold","floor":14.0,"gold_loss":0.0,"damage_taken":11.0},{"damage_healed":0.0,"max_hp_gain":0.0,"max_hp_loss":0.0,"gold_gain":0.0,"event_name":"The Mausoleum","player_choice":"Opened","floor":20.0,"gold_loss":0.0,"damage_taken":0.0,"relics_obtained":["DataDisk"],"cards_obtained":["Writhe"]},{"damage_healed":0.0,"max_hp_gain":0.0,"max_hp_loss":0.0,"gold_gain":0.0,"event_name":"The Library","player_choice":"Read","floor":21.0,"gold_loss":0.0,"damage_taken":0.0,"cards_obtained":["Core Surge"]},{"damage_healed":0.0,"max_hp_gain":0.0,"max_hp_loss":0.0,"gold_gain":0.0,"event_name":"Addict","player_choice":"Stole Relic","floor":24.0,"gold_loss":0.0,"damage_taken":0.0,"relics_obtained":["Toy Ornithopter"],"cards_obtained":["Shame"]},{"damage_healed":0,"gold_gain":0,"player_choice":"Memory 3","damage_taken":10,"max_hp_gain":0,"max_hp_loss":0,"event_name":"SensoryStone","floor":38,"gold_loss":0},{"cards_removed":["Defend_B"],"damage_healed":0,"gold_gain":0,"player_choice":"Offered Basic","damage_taken":0,"max_hp_gain":0,"max_hp_loss":0,"event_name":"Bonfire Elementals","floor":39,"gold_loss":0}],"is_beta":false,"boss_relics":[{"not_picked":["Runic Dome","Sozu"],"picked":"Nuclear Battery"},{"not_picked":["Runic Pyramid","Empty Cage"],"picked":"Coffee Dripper"}],"items_purged_floors":[5],"is_endless":false,"potions_floor_spawned":[1,2,8,10,12,28,30,33,35,47,48],"ascension_level":15}}