{"host":"f674lxlqx58fvogb","time":1610214118,"event":{"mods":["BaseMod","Colored Powertips","Downfall","Jorbs\u0027s Wanderer Trilogy","Minty Spire (QoL Compilation)","Replay The Spire","StSLib","The Blue Laboratory","The Cursed"],"gold_per_floor":[112,4,19,29,42,53,82,82,82,100,100,49,49,65,65,65,65],"floor_reached":16,"playtime":905,"items_purged":[],"score":104,"play_id":"d7e44817-5250-4d5c-a521-b4f42ea751c7","local_time":"20210109184158","is_ascension_mode":false,"campfire_choices":[{"floor":15,"key":"RECALL"}],"circlet_count":0,"master_deck":["TheCursedMod:Strike_TheCursed","TheCursedMod:Strike_TheCursed","TheCursedMod:Strike_TheCursed","TheCursedMod:Strike_TheCursed","TheCursedMod:Defend_TheCursed","TheCursedMod:Defend_TheCursed","TheCursedMod:Defend_TheCursed","TheCursedMod:Defend_TheCursed","TheCursedMod:CursedWand","TheCursedMod:CleanUpWorkshop","TheCursedMod:Dregs","TheCursedMod:Obscuration+1","TheCursedMod:HellsGateOpen","TheCursedMod:RavingStaff","TheCursedMod:RavingStaff","TheCursedMod:BlessingInDisguise","TheCursedMod:CursedSpellbook+1","TheCursedMod:SpreadPlague","TheCursedMod:NeowsMight","TheCursedMod:DemonicPact","Regret","TheCursedMod:SpitefulStrike","TheCursedMod:StingEye+1","Hallucinations","TheCursedMod:CursedBlade"],"relics":["TheCursedMod:BlackMagic101","NeowsBlessing","Ginger","Ice Cream","Ring of Searing","ReplayTheSpireMod:Ring of Addiction","Chameleon Ring","Potion Belt","BranchBurnRelic"],"acts_visited":["Exordium"],"potions_floor_usage":[16,16,16],"damage_taken":[{"damage":0,"enemies":"Cultist","floor":1,"turns":1},{"damage":0,"enemies":"Jaw Worm","floor":3,"turns":1},{"damage":0,"enemies":"2 Louse","floor":4,"turns":2},{"damage":0,"enemies":"2 Fungi Beasts","floor":5,"turns":3},{"damage":4,"enemies":"Looter","floor":6,"turns":5},{"damage":31,"enemies":"Replay:BlueRogue","floor":7,"turns":8},{"damage":15,"enemies":"Blue Slaver","floor":10,"turns":3},{"damage":0,"enemies":"Exordium Wildlife","floor":14,"turns":4},{"damage":35,"enemies":"Fading Forest","floor":16,"turns":8}],"seed_played":"1304804681619760998","potions_obtained":[{"floor":6,"key":"PowerPotion"},{"floor":7,"key":"BlessingOfTheForge"},{"floor":13,"key":"SteroidPotion"},{"floor":13,"key":"blueLaboratory:HeartbeatPotion"},{"floor":13,"key":"blueLaboratory:CorrosionFlask"},{"floor":14,"key":"AttackPotion"}],"is_trial":false,"path_per_floor":["M","$","M","M","M","M","E","?","T","M","?","$","?","M","R","B"],"character_chosen":"THE_CURSED","items_purchased":["TheCursedMod:HellsGateOpen","TheCursedMod:RavingStaff","TheCursedMod:StingEye+1"],"campfire_rested":0,"item_purchase_floors":[2,2,12],"current_hp_per_floor":[75,75,75,75,75,71,40,40,40,25,10,10,10,10,10,0,0],"gold":65,"neow_bonus":"THREE_ENEMY_KILL","is_daily":false,"chose_seed":false,"campfire_upgraded":0,"win_rate":0.0,"timestamp":1610214118,"path_taken":["M","$","?","M","M","M","E","?","T","M","?","$","?","M","R","BOSS"],"items_purchased_type":["Card","Card","Card"],"build_version":"2020-12-22","purchased_purges":0,"victory":false,"max_hp_per_floor":[75,75,75,75,75,75,75,75,75,75,75,75,75,75,75,75,75],"card_choices":[{"not_picked":["TheCursedMod:FleshFromBone","TheCursedMod:CircleOfBlood"],"picked":"TheCursedMod:Obscuration","floor":1},{"not_picked":["TheCursedMod:Obscuration","TheCursedMod:Stigma"],"picked":"TheCursedMod:BlessingInDisguise","floor":3},{"not_picked":["TheCursedMod:CircleOfCorruption","TheCursedMod:Obscuration"],"picked":"TheCursedMod:CursedSpellbook","floor":4},{"not_picked":["TheCursedMod:SoulReap","TheCursedMod:RapidMovement"],"picked":"TheCursedMod:SpreadPlague","floor":5},{"not_picked":["TheCursedMod:SaltUponWound","TheCursedMod:AshesToAshes"],"picked":"TheCursedMod:NeowsMight","floor":6},{"not_picked":["TheCursedMod:Obscuration","TheCursedMod:CursedAmulet"],"picked":"TheCursedMod:DemonicPact","floor":7},{"not_picked":["TheCursedMod:Stretching","TheCursedMod:RavingStaff"],"picked":"TheCursedMod:SpitefulStrike","floor":10},{"not_picked":["TheCursedMod:SpitefulStrike","TheCursedMod:RavingStaff"],"picked":"TheCursedMod:CursedBlade","floor":14}],"player_experience":193230,"relics_obtained":[{"floor":7,"key":"Ginger"},{"floor":9,"key":"Dead Branch"},{"floor":13,"key":"Ring of Searing"},{"floor":13,"key":"ReplayTheSpireMod:Ring of Addiction"},{"floor":13,"key":"Chameleon Ring"},{"floor":13,"key":"Potion Belt"}],"event_choices":[{"damage_healed":0,"gold_gain":0,"player_choice":"Box","damage_taken":0,"relics_obtained":["Ice Cream"],"max_hp_gain":0,"max_hp_loss":0,"event_name":"Big Fish","floor":8,"gold_loss":0,"cards_obtained":["Regret"]},{"damage_healed":0,"gold_gain":0,"player_choice":"Entered Light","damage_taken":15,"max_hp_gain":0,"max_hp_loss":0,"event_name":"Shining Light","floor":11,"gold_loss":0,"cards_upgraded":["TheCursedMod:CursedSpellbook","TheCursedMod:Obscuration"]}],"is_beta":false,"boss_relics":[],"items_purged_floors":[],"is_endless":false,"potions_floor_spawned":[6,7,14],"killed_by":"Fading Forest","ascension_level":0}}