{"host":"3y2rtlgteqp2nuo3","time":1610204960,"event":{"mods":["2.2 Compatiblity","AchievementEnabler","BaseMod","Colored Map","DeckTracker","Highlight Path","Keyboard Shortcuts","Minty Spire (QoL Compilation)","Permanent Neow","Quick Restart","StSLib","SuperFastMode","everything is the same but u backflip on backflip"],"gold_per_floor":[112,132,152,168,168,168,197,197,197,197,213,232,264,276,276,353,353,373,391,410,441,356,384,384,44,97,110,128,128,147,158,158,158,158],"floor_reached":33,"playtime":1174,"items_purged":["Strike_B"],"score":509,"play_id":"b868e036-058a-4cf5-b01c-f26a2be59890","local_time":"20210110000920","is_ascension_mode":true,"campfire_choices":[{"data":"Zap","floor":6.0,"key":"SMITH"},{"data":"Self Repair","floor":8.0,"key":"SMITH"},{"data":"Dualcast","floor":10.0,"key":"SMITH"},{"data":"Coolheaded","floor":15.0,"key":"SMITH"},{"data":"Seek","floor":24.0,"key":"SMITH"},{"data":"Defragment","floor":29,"key":"SMITH"},{"floor":32,"key":"REST"}],"circlet_count":0,"master_deck":["AscendersBane","Strike_B","Defend_B","Defend_B","Defend_B","Defend_B","Zap+1","Dualcast+1","Leap","Ball Lightning","Self Repair+1","Skim","Ball Lightning","Sweeping Beam","Coolheaded+1","Seek+1","Hologram","Electrodynamics","Turbo","Recycle","Chill","Amplify","Defragment+1","Undo+1","White Noise"],"relics":["Cracked Core","Oddly Smooth Stone","Bag of Preparation","Gremlin Horn","SacredBark","Red Mask","CaptainsWheel","Pear","Question Card","Ancient Tea Set"],"acts_visited":["Exordium","TheCity"],"potions_floor_usage":[33,33],"damage_taken":[{"damage":0.0,"enemies":"2 Louse","floor":1.0,"turns":2.0},{"damage":1.0,"enemies":"Cultist","floor":2.0,"turns":3.0},{"damage":0.0,"enemies":"Small Slimes","floor":3.0,"turns":3.0},{"damage":6.0,"enemies":"Exordium Wildlife","floor":4.0,"turns":6.0},{"damage":41.0,"enemies":"Gremlin Nob","floor":7.0,"turns":5.0},{"damage":12.0,"enemies":"Exordium Thugs","floor":11.0,"turns":4.0},{"damage":0.0,"enemies":"2 Fungi Beasts","floor":12.0,"turns":4.0},{"damage":10.0,"enemies":"Lagavulin","floor":13.0,"turns":6.0},{"damage":11.0,"enemies":"Exordium Wildlife","floor":14.0,"turns":4.0},{"damage":27.0,"enemies":"The Guardian","floor":16.0,"turns":11.0},{"damage":6.0,"enemies":"Chosen","floor":18.0,"turns":4.0},{"damage":0.0,"enemies":"Spheric Guardian","floor":19.0,"turns":3.0},{"damage":23.0,"enemies":"Shelled Parasite and Fungi","floor":20.0,"turns":7.0},{"damage":15.0,"enemies":"Masked Bandits","floor":21.0,"turns":2.0},{"damage":43.0,"enemies":"Book of Stabbing","floor":23.0,"turns":6.0},{"damage":14.0,"enemies":"3 Cultists","floor":27.0,"turns":3.0},{"damage":0,"enemies":"Cultist and Chosen","floor":28,"turns":6},{"damage":0,"enemies":"Shelled Parasite and Fungi","floor":30,"turns":4},{"damage":13,"enemies":"Snake Plant","floor":31,"turns":5},{"damage":87,"enemies":"Champ","floor":33,"turns":14}],"seed_played":"-1269222236905415894","potions_obtained":[{"floor":4.0,"key":"PotionOfCapacity"},{"floor":12.0,"key":"EssenceOfDarkness"},{"floor":14.0,"key":"PowerPotion"},{"floor":21.0,"key":"SkillPotion"},{"floor":23.0,"key":"Fire Potion"}],"is_trial":false,"path_per_floor":["M","M","M","M","?","R","E","R","T","R","M","M","E","M","R","B",null,"M","M","M","?","?","E","R","$","T","M","M","R","M","M","R","B"],"character_chosen":"DEFECT","items_purchased":["Question Card"],"campfire_rested":1,"item_purchase_floors":[25],"current_hp_per_floor":[64,63,63,64,64,64,30,30,30,30,28,38,38,37,37,20,58,62,71,58,53,53,30,30,30,30,26,26,26,26,33,57,0,0],"gold":158,"neow_bonus":"REMOVE_CARD","is_daily":false,"chose_seed":false,"campfire_upgraded":6,"win_rate":0.0,"timestamp":1610204960,"path_taken":["M","M","M","M","?","R","E","R","T","R","?","M","E","M","R","BOSS","M","M","?","?","?","E","R","?","T","?","M","R","M","M","R","BOSS"],"items_purchased_type":["Relic"],"build_version":"2020-12-22","purchased_purges":1,"victory":false,"max_hp_per_floor":[71,71,71,71,71,71,71,71,71,71,71,71,71,71,71,71,71,71,71,71,71,71,81,81,81,81,81,81,81,81,81,81,81,81],"card_choices":[{"not_picked":["Hologram","Steam"],"picked":"Leap","floor":1.0},{"not_picked":["Auto Shields","Heatsinks"],"picked":"Ball Lightning","floor":2.0},{"not_picked":["Gash","Turbo"],"picked":"Self Repair","floor":3.0},{"not_picked":["Rebound","Ball Lightning"],"picked":"Skim","floor":4.0},{"not_picked":["Reprogram","Steam"],"picked":"Ball Lightning","floor":7.0},{"not_picked":["Streamline","White Noise"],"picked":"Sweeping Beam","floor":11.0},{"not_picked":["Stack","Heatsinks"],"picked":"Coolheaded","floor":12.0},{"not_picked":["Coolheaded","Compile Driver"],"picked":"Seek","floor":13.0},{"not_picked":["Barrage","Skim"],"picked":"Hologram","floor":14.0},{"not_picked":["Biased Cognition","Reboot"],"picked":"Electrodynamics","floor":16.0},{"not_picked":["Stack","Coolheaded+1"],"picked":"Turbo","floor":18.0},{"not_picked":["Compile Driver","Sweeping Beam"],"picked":"Recycle","floor":19.0},{"not_picked":["Rebound","Ball Lightning","Skim"],"picked":"SKIP","floor":20.0},{"not_picked":["Chaos","Turbo+1"],"picked":"Chill","floor":23.0},{"not_picked":["Barrage","Conserve Battery+1","Compile Driver"],"picked":"Amplify","floor":27.0},{"not_picked":["Storm","Ball Lightning","Rebound+1"],"picked":"Defragment","floor":28},{"not_picked":["Redo","Steam","Hologram"],"picked":"Undo+1","floor":30},{"not_picked":["Steam","Coolheaded+1","Hologram"],"picked":"White Noise","floor":31}],"player_experience":658674,"relics_obtained":[{"floor":7.0,"key":"Oddly Smooth Stone"},{"floor":9.0,"key":"Bag of Preparation"},{"floor":13.0,"key":"Gremlin Horn"},{"floor":21.0,"key":"Red Mask"},{"floor":23.0,"key":"Pear"},{"floor":26.0,"key":"Ancient Tea Set"}],"event_choices":[{"cards_removed":["Strike_B"],"damage_healed":0.0,"max_hp_gain":0.0,"max_hp_loss":0.0,"gold_gain":0.0,"event_name":"Bonfire Elementals","player_choice":"Offered Basic","floor":5.0,"gold_loss":0.0,"damage_taken":0.0},{"damage_healed":0.0,"max_hp_gain":0.0,"max_hp_loss":0.0,"gold_gain":0.0,"event_name":"Masked Bandits","player_choice":"Fought Bandits","floor":21.0,"gold_loss":0.0,"damage_taken":0.0},{"damage_healed":0.0,"max_hp_gain":0.0,"max_hp_loss":0.0,"gold_gain":0.0,"event_name":"Addict","player_choice":"Obtained Relic","floor":22.0,"gold_loss":85.0,"damage_taken":0.0,"relics_obtained":["CaptainsWheel"]}],"is_beta":false,"boss_relics":[{"not_picked":["Busted Crown","Velvet Choker"],"picked":"SacredBark"}],"items_purged_floors":[25],"is_endless":false,"potions_floor_spawned":[4,12,14,16,21,23,27,30,31],"killed_by":"Champ","ascension_level":16}}