{"host":"o6etancituni3sav","time":1610184727,"event":{"mods":["Act Like it!","BaseMod","Challenge The Spire","Colored Powertips","Conspire","Downfall","Hallownest","Minty Spire (QoL Compilation)","Pale of the Ancients","Replay The Spire","Shop Mod","StSLib","TestMod","The Bug Knight","[IsaacMod]以撒尖塔","vexMod"],"gold_per_floor":[118,136,136,236,256,283,283,283,283,294,294,309,309,67,67,98,98,203,203,215,231,281,301,314,314,314,349,349,349,208,221,231,244,244,339,339,358,358,154,129,139,139,153,153,153,167,177,177,35,106,106,220,220,248,274,312,78,78,103,103,103,103,219,219,243,260,272,272,422,422,434,534,609,630,118,118,118,138,138,240,240,264,286,307,307,692,692,742,776,810,810,406,454,472,488,488,601,601,618,618,641,57,94,94,83,107,140,154,69,102,102,118,118,221,221,237,237,298,223,73,86,86,74,110,120,151,151,160,160,160,268,276,298,306,330,258,258],"floor_reached":136,"playtime":12259,"items_purged":["Replay:Hysterical Blindness"],"score":3835,"play_id":"b1440fb2-3376-4630-a17f-06abbc4af593","local_time":"20210109173207","daily_mods":["Heirloom","Time Dilation","downfall:Jewelcrafting"],"is_ascension_mode":false,"campfire_choices":[{"data":"HollowMod:ElderbugsWisdom","floor":25.0,"key":"SMITH"},{"data":"HollowMod:HerrahsAnger","floor":29.0,"key":"SMITH"},{"data":"HollowMod:SoulEater","floor":34.0,"key":"SMITH"},{"data":"HollowMod:SoulStrike","floor":42.0,"key":"SMITH"},{"data":"HollowMod:DesolateDive","floor":44.0,"key":"SMITH"},{"data":"HollowMod:LuriensSpire","floor":51.0,"key":"SMITH"},{"data":"HollowMod:HerrahsAnger","floor":58.0,"key":"SMITH"},{"data":"EpicFetus","floor":60.0,"key":"SMITH"},{"data":"HollowMod:SlysStrikes","floor":70.0,"key":"SMITH"},{"data":"HollowMod:SoulEater","floor":77.0,"key":"SMITH"},{"floor":79.0,"key":"REST"},{"data":"HollowMod:MantisMark","floor":87.0,"key":"SMITH"},{"floor":96.0,"key":"REST"},{"data":"HollowMod:SoulEater","floor":104.0,"key":"SMITH"},{"floor":122.0,"key":"REST"},{"floor":127.0,"key":"REST"},{"floor":130.0,"key":"REST"}],"circlet_count":1,"master_deck":["HollowMod:NailStrikeStart+1","HollowMod:NailStrikeStart","HollowMod:NailStrikeStart+1","HollowMod:NailStrikeStart+1","HollowMod:QuickDashStart","HollowMod:QuickDashStart","HollowMod:QuickDashStart","HollowMod:QuickDashStart","HollowMod:FocusHealStart","Guardian:ExploitGems","Guardian:ExploitGems","EpicFetus+1","HollowMod:CornifersMapStart","HollowMod:PerfectDash+1","HollowMod:NewJinnsSoul","HollowMod:CrystalDash+1","HollowMod:NewLittleFool","HollowMod:DesolateDive+1","HollowMod:ChannelNail","HollowMod:CloakDash","Guardian:Gem_Fragmented","Guardian:Gem_Purple","HollowMod:ElderbugsWisdom+1","HollowMod:DoubleDash","HollowMod:SoulStrike+1","HollowMod:CornifersMapStart+1","HollowMod:Grubsong","HollowMod:MonomonsArchive","HollowMod:CycloneSlash+1","HollowMod:DreamGate","HollowMod:HerrahsAnger+1","HollowMod:SoulStrike+1","HollowMod:SoulVessel","HollowMod:SoulEater+1","HollowMod:HowlingWraiths+1","HollowMod:SoulStrike+1","HollowMod:Grubsong+1","HollowMod:BaldurShell","HollowMod:LuriensSpire+1","HollowMod:GrimmsGift+1","HollowMod:CycloneSlash+1","HollowMod:HowlingWraiths+1","HollowMod:HerrahsAnger+1","CurseOfTheBell","HollowMod:SoulVessel+1","testmod-Collector+1","HollowMod:HowlingWraiths+1","HollowMod:SlysStrikes+1","HollowMod:DashSlash+1","HollowMod:HowlingWraiths+1","HollowMod:HowlingWraiths+1","HollowMod:HowlingWraiths+1","HollowMod:DesolateDive+1","HollowMod:HowlingWraiths+1","HollowMod:HowlingWraiths+1","HollowMod:SoulEater+1","HollowMod:AwokenDreamNail+1","HollowMod:SoulStrike+1","HollowMod:CloakDash","HollowMod:MantisMark+1","HollowMod:GrimmsGift+1","HollowMod:MidwifesHunger+1","HollowMod:SoulShaman+1","HollowMod:AwokenDreamNail+1","HollowMod:SoulEater+1","HollowMod:HornetsHelp+1","HollowMod:Grubsong","HollowMod:HuntersJournal","HollowMod:MonarchWings+1","HollowMod:CycloneSlash+1","HollowMod:CycloneSlash+1","HollowMod:AwokenDreamNail+1","HollowMod:SoulVessel","HollowMod:SoulStrike+1","HollowMod:SoulMaster","HollowMod:HuntersJournal","HollowMod:SoulStrike+1","HollowMod:SharpenedNail+1","Hallownest:skillCityofTearsMap"],"relics":["HollowMod:VesselMask","HushsDoor","testmod-TestBox","SteamSale","testmod-SaigiyounoYou","D6","Hallownest:DreamNailRelic","Strawberry","Happy Flower","Onion Ring","ReplayTheSpireMod:CursedCoin","HollowMod:LumaflyLanternRelic","Bronze Scales","MerchantsRug","conspire:TreasureMap","Guardian:GemstoneGun","sneckomod:SneckoTalon","Molten Egg 2","vexMod:FocusSash","vexMod:Dragonfruit","Bag of Preparation","HollowMod:PaleOreRelic","testmod-Temperance","testmod-ConstraintPeriapt","testmod-Acrobat","ReplayTheSpireMod:Lightbulb","GuppysPaw","Calling Bell","HowToJump","conspire:Flyswatter","vexMod:PlasmaPancake","paleoftheancients:Timepiece","Ice Cream","Spirit Poop","paleoftheancients:SoulOfTheWokeBloke","Smiling Mask","Oddly Smooth Stone","Snack Pack","vexMod:TanglingVine","vexMod:InvisibilityCloak","PunchingBag","Whetstone","Sling","Gremlin Food","testmod-BatchProcessingSystem","GuppysHairball","GuppysHead","HandDrill","Replay:Rubber Ducky","Pen Nib","Anchor","Medical Kit","conspire:RunicOctahedron","Replay:Wax Seal","testmod-OneHitWonder","DollysMirror","Pear","Toolbox","conspire:GiftBox","testmod-Charity","Hallownest:BeastSealRelic","Fusion Hammer","GuppysTail","Hallownest:BankAccountRelic","HollowMod:StagPassRelic","CeramicFish","Tiny Chest","Bag of Marbles","Circlet","Empty Cage","GuppysPaw","WarpedTongs"],"acts_visited":[],"potions_floor_usage":[],"damage_taken":[{"damage":4.0,"enemies":"Hallownest:2_Baldur","floor":1.0,"turns":4.0},{"damage":9.0,"enemies":"Hallownest:monsterHuskGuard","floor":2.0,"turns":3.0},{"damage":7.0,"enemies":"2_ Uuma","floor":5.0,"turns":5.0},{"damage":8.0,"enemies":"Hallownest:eliteVengeflyKing","floor":6.0,"turns":6.0},{"damage":5.0,"enemies":"Hallownest:monsterAspidMother","floor":10.0,"turns":3.0},{"damage":8.0,"enemies":"Hallownest:1_Ooma_and_2_Uuma","floor":12.0,"turns":7.0},{"damage":4.0,"enemies":"Hallownest:BossBrokenVessel","floor":18.0,"turns":5.0},{"damage":2.0,"enemies":"Hallownest:2_Mistakes","floor":20.0,"turns":4.0},{"damage":0.0,"enemies":"Hallownest:Guard_and_Sentry","floor":21.0,"turns":3.0},{"damage":1.0,"enemies":"Hiden Room Battle","floor":22.0,"turns":3.0},{"damage":6.0,"enemies":"Hallownest:2_Husk_Sentries","floor":23.0,"turns":3.0},{"damage":14.0,"enemies":"Hallownest:Master_and_Novice","floor":24.0,"turns":4.0},{"damage":12.0,"enemies":"Hallownest:eliteSoulWarrior","floor":27.0,"turns":9.0},{"damage":1.0,"enemies":"Hallownest:Warrior_and_Youth","floor":31.0,"turns":2.0},{"damage":0.0,"enemies":"Hallownest:3_Mistakes","floor":32.0,"turns":2.0},{"damage":0.0,"enemies":"Hallownest:monsterShrumalOgre","floor":33.0,"turns":2.0},{"damage":9.0,"enemies":"Hallownest:BossGrimm","floor":35.0,"turns":4.0},{"damage":1.0,"enemies":"Hallownest:Shield_Heavy","floor":37.0,"turns":2.0},{"damage":0.0,"enemies":"Hallownest:3_Siblings","floor":41.0,"turns":1.0},{"damage":0.0,"enemies":"Hallownest:2_Wing_and_1_Kings","floor":43.0,"turns":1.0},{"damage":0.0,"enemies":"Hallownest:monsterPrimalAspid","floor":46.0,"turns":3.0},{"damage":0.0,"enemies":"Hallownest:Xero_Hu_Marmu","floor":47.0,"turns":2.0},{"damage":7.0,"enemies":"Hallownest:2_Primals","floor":50.0,"turns":2.0},{"damage":28.0,"enemies":"Hallownest:Radiance","floor":52.0,"turns":6.0},{"damage":42.0,"enemies":"Hallownest:Radiance","floor":54.0,"turns":4.0},{"damage":25.0,"enemies":"Hallownest:Radiance","floor":55.0,"turns":3.0},{"damage":0.0,"enemies":"conspire:MimicChest","floor":56.0,"turns":1.0},{"damage":12.0,"enemies":"conspire:MimicChest","floor":59.0,"turns":3.0},{"damage":119.0,"enemies":"paleoftheancients:N","floor":63.0,"turns":8.0},{"damage":0.0,"enemies":"2_ Uuma","floor":65.0,"turns":2.0},{"damage":0.0,"enemies":"Hallownest:2_Tiktiks_and_1_Crawlid","floor":66.0,"turns":1.0},{"damage":0.0,"enemies":"Hallownest:monsterHuskGuard","floor":67.0,"turns":1.0},{"damage":0.0,"enemies":"Hallownest:1_Ooma_and_2_Uuma","floor":71.0,"turns":1.0},{"damage":0.0,"enemies":"Hallownest:Guard_and_Warrior","floor":74.0,"turns":1.0},{"damage":0.0,"enemies":"Hallownest:2_Tiktiks_1_Baldur_1_Crawlid","floor":78.0,"turns":1.0},{"damage":1.0,"enemies":"Hallownest:BossFalseKnight","floor":80.0,"turns":2.0},{"damage":0.0,"enemies":"Hallownest:3_Youths","floor":82.0,"turns":1.0},{"damage":0.0,"enemies":"Hallownest:Flukemon_and_Top","floor":83.0,"turns":1.0},{"damage":0.0,"enemies":"Hallownest:monsterMisterMushroom","floor":84.0,"turns":1.0},{"damage":0.0,"enemies":"Hallownest:Glutton_and_Coward","floor":88.0,"turns":1.0},{"damage":0.0,"enemies":"Hallownest:Nosk","floor":89.0,"turns":1.0},{"damage":0.0,"enemies":"Hallownest:eliteSoulWarrior","floor":90.0,"turns":1.0},{"damage":0.0,"enemies":"Hallownest:eliteWatcherKnight","floor":93.0,"turns":5.0},{"damage":0.0,"enemies":"Hallownest:3_Mistakes","floor":94.0,"turns":1.0},{"damage":0.0,"enemies":"Hallownest:monsterShrumalOgre","floor":95.0,"turns":1.0},{"damage":0.0,"enemies":"Hallownest:BossSoulMaster","floor":97.0,"turns":2.0},{"damage":0.0,"enemies":"Hallownest:Shield_Heavy","floor":99.0,"turns":1.0},{"damage":0.0,"enemies":"Hallownest:3_Siblings","floor":101.0,"turns":1.0},{"damage":0.0,"enemies":"Hallownest:monsterPrimalAspid","floor":103.0,"turns":1.0},{"damage":0.0,"enemies":"Hallownest:eliteHiveKnight","floor":106.0,"turns":1.0},{"damage":0.0,"enemies":"Hallownest:eliteCollector","floor":107.0,"turns":2.0},{"damage":0.0,"enemies":"Hallownest:2_Wandering_and_1_Horned","floor":108.0,"turns":2.0},{"damage":0.0,"enemies":"Hallownest:eliteHiveKnight","floor":110.0,"turns":1.0},{"damage":0.0,"enemies":"Hallownest:2_Great","floor":112.0,"turns":1.0},{"damage":0.0,"enemies":"Hallownest:BossHollowKnight","floor":114.0,"turns":1.0},{"damage":0.0,"enemies":"Hallownest:2_Baldur","floor":116.0,"turns":1.0},{"damage":0.0,"enemies":"Hallownest:2_Tiktiks_and_1_Crawlid","floor":121.0,"turns":1.0},{"damage":0.0,"enemies":"Hallownest:eliteMossKnight","floor":124.0,"turns":1.0},{"damage":0.0,"enemies":"Hallownest:2_MossCreeps","floor":125.0,"turns":1.0},{"damage":0.0,"enemies":"Hallownest:eliteCrystalGuardian","floor":126.0,"turns":1.0},{"damage":0.0,"enemies":"Hallownest:Wandering_and_Horned","floor":128.0,"turns":1.0},{"damage":0.0,"enemies":"Hallownest:BossHornet","floor":131.0,"turns":1.0},{"damage":0.0,"enemies":"Hallownest:2_Mistakes","floor":133.0,"turns":1.0},{"damage":0.0,"enemies":"Hallownest:Guard_and_Sentry","floor":135.0,"turns":1.0}],"seed_played":"-569390392511767310","potions_obtained":[{"floor":1.0,"key":"Weak Potion"},{"floor":6.0,"key":"DistilledChaos"},{"floor":21.0,"key":"Toxic Potion"},{"floor":23.0,"key":"Strength Potion"},{"floor":27.0,"key":"Strength Potion"},{"floor":31.0,"key":"Flashbang"},{"floor":52.0,"key":"Adrenaline Potion"},{"floor":54.0,"key":"Dexterity Potion"},{"floor":56.0,"key":"DistilledChaos"},{"floor":63.0,"key":"Milkshake"},{"floor":65.0,"key":"Venom Potion"},{"floor":67.0,"key":"Dexterity Potion"},{"floor":74.0,"key":"SpeedPotion"},{"floor":82.0,"key":"SkillPotion"},{"floor":83.0,"key":"Languid Potion"},{"floor":89.0,"key":"SpeedPotion"},{"floor":101.0,"key":"SteroidPotion"},{"floor":133.0,"key":"ColorlessPotion"}],"is_trial":true,"path_per_floor":["M","M","?","?","M","E","R","PTL","PTL","M","T","M","T","$","R","?","R","B",null,"M","M","?","M","M","R","?","E","T","R","$","M","M","M","R","B",null,"M","?","$","?","M","R","M","R","T","M","M","?","$","?","R","B",null,"M","M","?","$","R","M","R","T","?","B",null,"M","M","M","?","?","R","M","?","T","M","$","?","R","M","R","B",null,"M","M","M","?","?","R","M","E","E","?","$","E","M","M","R","B",null,"M","?","M","$","M","R","$","E","E","M","?","E","?","M","R","B",null,"M","?","?","?","?","M","R","$","E","M","E","R","M","?","R","B",null,"M","?","M","?"],"character_chosen":"THE_BUGKNIGHT","items_purchased":["ReplayTheSpireMod:CursedCoin","HollowMod:LumaflyLanternRelic","Bronze Scales","HollowMod:ChannelNail","MerchantsRug","conspire:TreasureMap","HollowMod:PaleOreRelic","HollowMod:SoulStrike+1","HollowMod:SoulVessel","HollowMod:BaldurShell","testmod-ConstraintPeriapt","HollowMod:LuriensSpire","testmod-Acrobat","ReplayTheSpireMod:Lightbulb","testmod-Faith","Meat on the Bone","Oddly Smooth Stone","testmod-Collector+1","Omamori","PunchingBag","HollowMod:HowlingWraiths+1","Whetstone","HollowMod:SoulEater","Sling","Gremlin Food","GuppysHairball","GuppysHead","HollowMod:AwokenDreamNail+1","HandDrill","Replay:Rubber Ducky","HollowMod:GrimmsGift+1","Pen Nib","Anchor","Medical Kit","Replay:Wax Seal","testmod-OneHitWonder","DollysMirror","HollowMod:SoulEater","Pear","Toolbox","conspire:GiftBox","HollowMod:Grubsong","testmod-Charity","HollowMod:HuntersJournal","GuppysTail","CeramicFish","Tiny Chest","Bag of Marbles","GuppysPaw","HollowMod:HuntersJournal"],"campfire_rested":5,"item_purchase_floors":[14,14,14,14,14,14,30,30,30,39,39,39,49,49,57,57,57,57,75,75,75,75,75,75,75,81,81,81,92,92,92,92,92,92,102,102,102,102,102,102,102,102,105,105,115,123,123,123,132,132],"current_hp_per_floor":[75,73,73,73,75,82,82,82,82,82,82,82,82,82,82,82,82,82,82,82,82,82,82,78,78,78,87,87,87,87,87,87,87,87,87,87,87,87,87,87,87,87,87,87,87,87,87,87,87,86,86,65,93,93,91,93,93,93,93,93,93,93,59,93,93,93,93,93,93,93,93,93,93,93,93,84,84,92,93,93,69,69,69,69,69,69,69,69,69,69,69,69,69,69,69,69,69,69,69,69,69,79,79,79,80,91,97,105,105,110,110,115,115,124,114,117,108,109,109,109,114,120,124,132,134,137,137,142,147,147,157,145,151,152,158,159,159],"gold":258,"neow_bonus":"","is_daily":false,"chose_seed":false,"campfire_upgraded":12,"win_rate":0.0,"timestamp":1610184727,"path_taken":["M","M","?","?","M","E","R","PTL","PTL","M","T","M","?","$","R","?","R","BOSS","M","M","?","?","M","R","?","E","T","R","$","?","M","M","R","BOSS","M","?","$","?","M","R","M","R","T","M","?","?","$","?","R","BOSS","M","M","?","$","R","M","R","T","?","BOSS","M","M","M","?","?","R","M","?","T","?","$","?","R","M","R","BOSS","M","?","M","?","?","R","M","E","E","?","$","E","M","M","R","BOSS","M","?","M","?","M","R","$","?","E","M","?","E","?","?","R","BOSS","M","?","?","?","?","?","R","$","E","M","E","R","M","?","R","BOSS","M","?","M","?"],"items_purchased_type":["Relic","Relic","Relic","Card","Relic","Relic","Relic","Card","Card","Card","Relic","Card","Relic","Relic","Relic","Relic","Relic","Card","Relic","Relic","Card","Relic","Card","Relic","Relic","Relic","Relic","Card","Relic","Relic","Card","Relic","Relic","Relic","Relic","Relic","Relic","Card","Relic","Relic","Relic","Card","Relic","Card","Relic","Relic","Relic","Relic","Relic","Card"],"build_version":"2020-12-22","purchased_purges":1,"victory":false,"max_hp_per_floor":[75,75,75,75,75,82,82,82,82,82,82,82,82,82,82,82,82,82,82,82,82,82,82,82,82,82,87,87,87,87,87,87,87,87,87,87,87,87,87,87,87,87,87,87,87,87,87,87,87,87,87,87,93,93,93,93,93,93,93,93,93,93,93,93,93,93,93,93,93,93,93,93,93,93,93,93,93,93,93,93,69,69,69,69,69,69,69,69,69,69,69,69,69,69,69,69,69,69,69,69,69,79,79,79,80,91,97,105,105,110,110,115,115,124,114,117,117,118,118,118,120,120,124,132,134,137,137,142,147,147,157,145,151,152,158,159,159],"card_choices":[{"not_picked":[],"picked":"EpicFetus","floor":0.0},{"not_picked":["HollowMod:NewLittleFool","HollowMod:CoiledNail"],"picked":"HollowMod:CornifersMapStart","floor":1.0},{"not_picked":["HollowMod:GoodIntentions","HollowMod:SharpenedNail"],"picked":"HollowMod:PerfectDash","floor":2.0},{"not_picked":["HollowMod:DashSlash","HollowMod:DescendingDark"],"picked":"HollowMod:NewJinnsSoul","floor":4.0},{"not_picked":["HollowMod:DescendingDark","HollowMod:Hiveblood"],"picked":"HollowMod:CrystalDash","floor":5.0},{"not_picked":["HollowMod:LifebloodCocoon","HollowMod:SiblingsSouls"],"picked":"HollowMod:NewLittleFool","floor":6.0},{"not_picked":["HollowMod:ChannelNail","HollowMod:PureNailStrike"],"picked":"HollowMod:DesolateDive","floor":10.0},{"not_picked":["HollowMod:BlackTendrils","HollowMod:ShadowDash","HollowMod:DescendingDark"],"picked":"SKIP","floor":12.0},{"not_picked":["HollowMod:Hiveblood","HollowMod:BlackTendrils"],"picked":"HollowMod:CloakDash","floor":16.0},{"not_picked":["HollowMod:MidwifesHunger","HollowMod:AwokenDreamNail"],"picked":"HollowMod:ElderbugsWisdom","floor":18.0},{"not_picked":["HollowMod:NewLittleFool","HollowMod:GoodIntentions+1"],"picked":"HollowMod:DoubleDash","floor":20.0},{"not_picked":["HollowMod:LifebloodCocoon+1","HollowMod:InfectedCysts"],"picked":"HollowMod:SoulStrike","floor":21.0},{"not_picked":["HollowMod:BrokenVessel","HollowMod:InfectedAttack+1"],"picked":"HollowMod:CornifersMapStart+1","floor":22.0},{"not_picked":["HollowMod:InfectedCysts+1","HollowMod:PureNailStrike+1"],"picked":"HollowMod:Grubsong","floor":23.0},{"not_picked":["HollowMod:AbyssShriek+1","HollowMod:CornifersMapStart"],"picked":"HollowMod:MonomonsArchive","floor":24.0},{"not_picked":["HollowMod:DreamGate","HollowMod:PureNailStrike+1"],"picked":"HollowMod:CycloneSlash+1","floor":26.0},{"not_picked":["HollowMod:VengefulVoid+1","HollowMod:SharpenedShadows"],"picked":"HollowMod:DreamGate","floor":26.0},{"not_picked":["HollowMod:ChannelNail+1","HollowMod:RecoilStrike+1"],"picked":"HollowMod:HerrahsAnger","floor":27.0},{"not_picked":["HollowMod:HowlingWraiths+1","HollowMod:ChannelNail"],"picked":"HollowMod:SoulEater","floor":31.0},{"not_picked":["HollowMod:CloakDash","HollowMod:GoodIntentions"],"picked":"HollowMod:HowlingWraiths+1","floor":32.0},{"not_picked":["HollowMod:BrokenVessel","HollowMod:SharpenedShadows+1"],"picked":"HollowMod:SoulStrike+1","floor":33.0},{"not_picked":["HollowMod:PerfectDash+1","HollowMod:NewLittleFool+1"],"picked":"HollowMod:Grubsong","floor":37.0},{"not_picked":["HollowMod:NewLittleFool+1","HollowMod:HeavyBlow+1","HollowMod:GoodIntentions"],"picked":"SKIP","floor":41.0},{"not_picked":["HollowMod:DescendingDark+1","HollowMod:MawleksShell"],"picked":"HollowMod:GrimmsGift+1","floor":43.0},{"not_picked":["HollowMod:DescendingDark+1","HollowMod:WraithStrike+1"],"picked":"HollowMod:CycloneSlash+1","floor":46.0},{"not_picked":["HollowMod:CornifersMapStart","HollowMod:FallenFury+1"],"picked":"HollowMod:HowlingWraiths+1","floor":47.0},{"not_picked":["HollowMod:PureVessel","HollowMod:Hiveblood"],"picked":"HollowMod:HerrahsAnger","floor":52.0},{"not_picked":["HollowMod:SharpenedShadows+1","HollowMod:SiblingsShadow+1"],"picked":"HollowMod:SoulVessel","floor":54.0},{"not_picked":["HollowMod:GoodIntentions+1","HollowMod:DescendingDark+1","HollowMod:AbyssShriek+1"],"picked":"SKIP","floor":55.0},{"not_picked":["HollowMod:WraithStrike+1","HollowMod:SiblingsSouls"],"picked":"HollowMod:HowlingWraiths+1","floor":59.0},{"not_picked":["HollowMod:LifebloodCore","HollowMod:ElderbugsWisdom"],"picked":"HollowMod:SlysStrikes","floor":63.0},{"not_picked":["HollowMod:RecoilStrike+1","HollowMod:HeavyBlow+1"],"picked":"HollowMod:DashSlash+1","floor":65.0},{"not_picked":["HollowMod:CrystalDash","HollowMod:DescendingDark+1"],"picked":"HollowMod:HowlingWraiths+1","floor":66.0},{"not_picked":["HollowMod:NewJinnsSoul","HollowMod:ShadowDash"],"picked":"HollowMod:HowlingWraiths+1","floor":67.0},{"not_picked":["HollowMod:CycloneSlash+1","HollowMod:DashSlash+1"],"picked":"HollowMod:HowlingWraiths+1","floor":71.0},{"not_picked":["HollowMod:VengefulSpirit+1","HollowMod:CycloneSlash+1"],"picked":"HollowMod:DesolateDive+1","floor":74.0},{"not_picked":["HollowMod:CycloneSlash+1","HollowMod:GreatSlash+1","HollowMod:CrystalDash"],"picked":"SKIP","floor":78.0},{"not_picked":["HollowMod:NewLittleFool+1","HollowMod:GreatSlash+1"],"picked":"HollowMod:SoulStrike+1","floor":82.0},{"not_picked":["HollowMod:BlackTendrils+1","HollowMod:ShapeofUnn"],"picked":"HollowMod:CloakDash","floor":83.0},{"not_picked":["HollowMod:SharpenedShadows+1","HollowMod:BlackTendrils+1"],"picked":"HollowMod:MantisMark","floor":84.0},{"not_picked":["HollowMod:CornifersMapStart","HollowMod:PureVessel"],"picked":"HollowMod:SoulSplash","floor":88.0},{"not_picked":["HollowMod:LifebloodCocoon+1","HollowMod:ChannelNail","HollowMod:DashSlash+1"],"picked":"SKIP","floor":89.0},{"not_picked":["HollowMod:HeavyBlow+1","HollowMod:CoiledNail+1","HollowMod:DescendingDark+1"],"picked":"SKIP","floor":90.0},{"not_picked":["HollowMod:CycloneSlash+1","HollowMod:DungDefenderAura","HollowMod:InfectedAttack+1"],"picked":"SKIP","floor":93.0},{"not_picked":["HollowMod:SiblingsSouls","HollowMod:LuriensSpire","HollowMod:SharpenedNail+1"],"picked":"SKIP","floor":94.0},{"not_picked":["HollowMod:GoodIntentions","HollowMod:DesolateDive+1","HollowMod:MonomonsArchive"],"picked":"SKIP","floor":95.0},{"not_picked":["HollowMod:NewInfectedGuardian","HollowMod:Weaversong"],"picked":"HollowMod:MidwifesHunger+1","floor":97.0},{"not_picked":["HollowMod:LifebloodCocoon+1","HollowMod:InfectedCysts+1"],"picked":"HollowMod:SoulShaman+1","floor":99.0},{"not_picked":["HollowMod:CloakDash","HollowMod:SiblingsShadow+1","HollowMod:NewGlowingWomb"],"picked":"SKIP","floor":101.0},{"not_picked":["HollowMod:PureVessel","HollowMod:NewInfectedGuardian"],"picked":"HollowMod:HornetsHelp+1","floor":102.0},{"not_picked":["HollowMod:PerfectDash+1","HollowMod:InfectionAssault+1","HollowMod:VengefulVoid+1"],"picked":"SKIP","floor":103.0},{"not_picked":["HollowMod:InfectedCysts+1","HollowMod:CycloneSlash+1","HollowMod:MawleksShell"],"picked":"SKIP","floor":106.0},{"not_picked":["HollowMod:DesolateDive+1","HollowMod:NewLittleFool+1"],"picked":"HollowMod:MonarchWings+1","floor":107.0},{"not_picked":["HollowMod:LifebloodCore","HollowMod:VengefulVoid+1","HollowMod:CycloneSlash+1"],"picked":"SKIP","floor":108.0},{"not_picked":["HollowMod:LifebloodCore","HollowMod:VengefulVoid+1"],"picked":"HollowMod:CycloneSlash+1","floor":108.0},{"not_picked":["HollowMod:SiblingsShadow+1","HollowMod:SharpenedNail+1","HollowMod:SiblingsSouls"],"picked":"SKIP","floor":110.0},{"not_picked":["HollowMod:VengefulVoid+1","HollowMod:SiblingsSouls"],"picked":"HollowMod:CycloneSlash+1","floor":112.0},{"not_picked":["HollowMod:LifebloodCore","HollowMod:SlysStrikes"],"picked":"HollowMod:AwokenDreamNail+1","floor":114.0},{"not_picked":["HollowMod:ChannelNail","HollowMod:VengefulSpirit+1","HollowMod:DoubleDash"],"picked":"SKIP","floor":116.0},{"not_picked":["HollowMod:NewJinnsSoul","HollowMod:ChannelNail"],"picked":"HollowMod:SoulVessel","floor":121.0},{"not_picked":["HollowMod:InfectedAttack+1","HollowMod:BaldurShell"],"picked":"HollowMod:SoulStrike+1","floor":124.0},{"not_picked":["HollowMod:MawleksShell","HollowMod:CornifersMapStart","HollowMod:InfectionAssault+1"],"picked":"SKIP","floor":125.0},{"not_picked":["HollowMod:SoulShaman","HollowMod:CycloneSlash+1","HollowMod:RecoilStrike+1"],"picked":"SKIP","floor":126.0},{"not_picked":["HollowMod:DashSlash+1","HollowMod:PerfectDash","HollowMod:WraithStrike+1"],"picked":"SKIP","floor":128.0},{"not_picked":["HollowMod:ZotesMagnificence+1","HollowMod:Weaversong"],"picked":"HollowMod:SoulMaster","floor":131.0},{"not_picked":["HollowMod:FallenFury+1","HollowMod:CornifersMapStart"],"picked":"HollowMod:SoulStrike+1","floor":133.0},{"not_picked":["HollowMod:MothsMistake","HollowMod:InfectedAttack+1"],"picked":"HollowMod:SharpenedNail+1","floor":135.0}],"player_experience":158462,"relics_obtained":[{"floor":6.0,"key":"Strawberry"},{"floor":11.0,"key":"Happy Flower"},{"floor":13.0,"key":"Onion Ring"},{"floor":16.0,"key":"Guardian:GemstoneGun"},{"floor":22.0,"key":"Molten Egg 2"},{"floor":22.0,"key":"vexMod:FocusSash"},{"floor":27.0,"key":"vexMod:Dragonfruit"},{"floor":28.0,"key":"Bag of Preparation"},{"floor":45.0,"key":"TheBean"},{"floor":50.0,"key":"GuppysPaw"},{"floor":53.0,"key":"HowToJump"},{"floor":53.0,"key":"conspire:Flyswatter"},{"floor":53.0,"key":"vexMod:PlasmaPancake"},{"floor":54.0,"key":"paleoftheancients:SoulOfTheWokeBloke"},{"floor":55.0,"key":"paleoftheancients:SoulOfTheWatcher"},{"floor":56.0,"key":"Smiling Mask"},{"floor":59.0,"key":"paleoftheancients:SoulOfTheDefect"},{"floor":61.0,"key":"Snack Pack"},{"floor":73.0,"key":"vexMod:InvisibilityCloak"}],"event_choices":[{"damage_healed":0.0,"max_hp_gain":0.0,"max_hp_loss":0.0,"gold_gain":0.0,"event_name":"HidenRoomEvent","player_choice":"Fight","floor":22.0,"gold_loss":0.0,"damage_taken":0.0},{"damage_healed":0.0,"max_hp_gain":0.0,"max_hp_loss":0.0,"gold_gain":0.0,"event_name":"给自己的盒子","player_choice":"Ignored","floor":38.0,"gold_loss":0.0,"damage_taken":0.0},{"damage_healed":0.0,"max_hp_gain":0.0,"max_hp_loss":0.0,"gold_gain":0.0,"event_name":"conspire:Investor","player_choice":"Leave","floor":48.0,"gold_loss":0.0,"damage_taken":0.0},{"damage_healed":0.0,"max_hp_gain":0.0,"max_hp_loss":0.0,"gold_gain":150.0,"event_name":"恩洛斯的盘子","player_choice":"Sell","floor":69.0,"relics_lost":["testmod-Faith"],"gold_loss":0.0,"damage_taken":0.0}],"is_beta":false,"boss_relics":[{"not_picked":["HollowMod:VoidIdolRelic","testmod-Prudence"],"picked":"sneckomod:SneckoTalon"},{"not_picked":[]},{"not_picked":["Snecko Eye","ChampionBelt"],"picked":"testmod-Temperance"},{"not_picked":[]},{"not_picked":["Busted Crown","Replay:Drink Me"],"picked":"Calling Bell"},{"not_picked":[]},{"not_picked":["Snecko Heart","Cursed Key"],"picked":"vexMod:TanglingVine"},{"not_picked":[]},{"not_picked":["testmod-IncinerationGenerator","Abe\u0027s Treasure"],"picked":"testmod-BatchProcessingSystem"},{"not_picked":[]},{"not_picked":["testmod-CardMagician","Philosopher\u0027s Stone"],"picked":"conspire:RunicOctahedron"},{"not_picked":[]},{"not_picked":["conspire:RoyalGoblet","Black Star"],"picked":"Fusion Hammer"},{"not_picked":[]},{"not_picked":["testmod-StringDisintegrator","Runic Dome"],"picked":"Empty Cage"},{"not_picked":[]}],"items_purged_floors":[14],"is_endless":true,"potions_floor_spawned":[1,6,21,23,27,31,35,37,47,52,54,56,63,65,67,74,82,83,89,101,106,107,110,112,124,128,131,133,135],"ascension_level":0}}