{"host":"y4sghvfd0ewtcchd","time":1610179417,"event":{"mods":["Aspiration","BaseMod","Better Debug","Better Note","Better Third Choice","BetterRewards","Block Reminder","Colored Map","Colored Powertips","Downfall","Highlight Path","Hubris","Infinite Spire","Minty Spire (QoL Compilation)","Relic Sorter","Relic Stats","Replay The Spire","Shop Mod","StSLib","The Jungle","The Saiyan"],"gold_per_floor":[118,134,57,71,88,88,120,120,188,106,106,121,121,121,121,225,225,242,276,293,293,310,310,322,338,362,362,381,395,431,447,447,552,552,575,587,344,394,421,421,436,436,460,460,489,489,522,245,245,245,245,245,445,475,495],"floor_reached":56,"playtime":3471,"items_purged":["Defend_B","Defend_B","Strike_B"],"score":2413,"play_id":"2e2f603a-a7c3-4f15-8ccc-0e046a786f5f","local_time":"20210109110337","is_ascension_mode":true,"campfire_choices":[{"data":"White Noise","floor":6,"key":"SMITH"},{"data":"Zap","floor":8,"key":"SMITH"},{"data":"hubris:PowerSurge","floor":11,"key":"SMITH"},{"data":"Zap","floor":15,"key":"SMITH"},{"data":"Creative AI","floor":23,"key":"SMITH"},{"floor":27,"key":"REST"},{"data":"Static Discharge","floor":32,"key":"SMITH"},{"floor":40,"key":"RECALL"},{"data":"hubris:PowerSurge","floor":44,"key":"SMITH"},{"data":"Redo","floor":46,"key":"SMITH"},{"data":"Lockon","floor":49,"key":"SMITH"},{"data":"Defragment","floor":52,"key":"SMITH"}],"circlet_count":0,"master_deck":["Strike_B","Strike_B","Strike_B","Defend_B","Defend_B","Zap+1","Dualcast","Melter","White Noise+1","Crystallizer","Conserve Battery","Leap","Ball Lightning","Defragment+1","Conserve Battery","Turbo","Glacier","Static Discharge+1","Turbo","Tempest","hubris:PowerSurge+1","Tempest","Zap+1","Creative AI+1","Redo+1","Conserve Battery+1","Turbo+1","Self Repair","Electrodynamics+1","Double Energy+1","hubris:PowerSurge+1","hubris:EnhanceAbility+1","Redo+1","hubris:PowerSurge+1","Turbo+1","Sunder+1","White Noise+1","Lockon+1","Loop","Midas Touch"],"relics":["Cracked Core","Omamori","Lee\u0027s Waffle","infinitespire:Freezer","infinitespire:Midas Blood","Replay:Frozen Program","Bag of Marbles","infinitespire:WardingShard","Abe\u0027s Treasure","hubris:TerracottaHorce","aspiration:FetidBarrel","ReplayTheSpireMod:Lightbulb","Replay:Bronze Core","Counterbalance","Centennial Puzzle","Replay:Mystery Machine","Replay:Baseball","Guide Book","hubris:NiceRug","Sundial","Pet Ghost","Toolbox","aspiration:FetidBarrel"],"acts_visited":["Exordium","TheCity","TheBeyond","TheEnding"],"potions_floor_usage":[29,29,33,55,55,55],"damage_taken":[{"damage":0,"enemies":"Cultist","floor":1,"turns":2},{"damage":5,"enemies":"Jaw Worm","floor":2,"turns":3},{"damage":0,"enemies":"2 Louse","floor":4,"turns":2},{"damage":7,"enemies":"Lots of Slimes","floor":5,"turns":4},{"damage":0,"enemies":"Replay:BlueRogue","floor":7,"turns":7},{"damage":0,"enemies":"Exordium Wildlife","floor":12,"turns":3},{"damage":0,"enemies":"Slime Boss","floor":16,"turns":7},{"damage":0,"enemies":"Chosen","floor":18,"turns":2},{"damage":27,"enemies":"3 Byrds","floor":19,"turns":3},{"damage":0,"enemies":"Snake Plant","floor":20,"turns":2},{"damage":6,"enemies":"Cultist and Chosen","floor":22,"turns":2},{"damage":2,"enemies":"Centurion and Healer","floor":24,"turns":4},{"damage":14,"enemies":"Shelled Parasite and Fungi","floor":25,"turns":3},{"damage":10,"enemies":"Snecko","floor":28,"turns":4},{"damage":0,"enemies":"Chosen and Byrds","floor":29,"turns":4},{"damage":5,"enemies":"Replay:Snechameleon","floor":30,"turns":4},{"damage":0,"enemies":"3 Cultists","floor":31,"turns":3},{"damage":29,"enemies":"Champ","floor":33,"turns":8},{"damage":5,"enemies":"Orb Walker","floor":35,"turns":4},{"damage":0,"enemies":"3 Darklings","floor":36,"turns":3},{"damage":0,"enemies":"Mind Bloom Boss Battle","floor":38,"turns":4},{"damage":22,"enemies":"4 Shapes","floor":39,"turns":3},{"damage":0,"enemies":"Spire Growth","floor":41,"turns":4},{"damage":5,"enemies":"Nemesis","floor":45,"turns":4},{"damage":0,"enemies":"R_Hoarder","floor":47,"turns":4},{"damage":0,"enemies":"hubris:GrandSnecko","floor":50,"turns":4},{"damage":0,"enemies":"hubris:Merchant","floor":53,"turns":4},{"damage":0,"enemies":"Shield and Spear","floor":54,"turns":2},{"damage":10,"enemies":"The Heart","floor":55,"turns":5}],"seed_played":"3203468583616432125","potions_obtained":[{"floor":2,"key":"BlessingOfTheForge"},{"floor":4,"key":"Cursed Concoction"},{"floor":7,"key":"Block Potion"},{"floor":18,"key":"Reflective Coating"},{"floor":20,"key":"LiquidMemories"},{"floor":28,"key":"Regen Potion"},{"floor":33,"key":"Dexterity Potion"},{"floor":35,"key":"FocusPotion"},{"floor":36,"key":"Weak Potion"},{"floor":53,"key":"PowerPotion"},{"floor":53,"key":"PotionOfCapacity"},{"floor":53,"key":"DistilledChaos"}],"is_trial":false,"path_per_floor":["M","M","$","M","M","R","E","R","T","$","R","M","?","$","R","B",null,"M","M","M","AVR","M","R","M","M","T","R","M","M","E","M","R","B",null,"M","M","$","?","M","R","M","?","T","R","E","R","E","$","R_BF","B",null,"R","$","E","B",null],"character_chosen":"DEFECT","items_purchased":["Melter","Omamori","Lee\u0027s Waffle","White Noise","Crystallizer","infinitespire:Freezer","infinitespire:Midas Blood","Replay:Frozen Program","Conserve Battery","Leap","Ball Lightning","Defragment","Glacier","hubris:PowerSurge","hubris:PowerSurge","hubris:EnhanceAbility","White Noise+1","Lockon","Guide Book"],"campfire_rested":1,"item_purchase_floors":[0,0,0,0,0,0,0,0,0,0,0,0,3,10,37,37,48,48,48],"current_hp_per_floor":[82,77,77,77,70,70,70,70,70,70,70,70,70,70,70,70,79,79,52,52,52,46,46,44,30,30,54,44,56,51,51,51,29,69,71,78,78,82,67,67,67,67,67,67,69,69,69,69,69,76,81,81,82,82,79],"gold":495,"neow_bonus":"","is_daily":false,"chose_seed":false,"campfire_upgraded":10,"win_rate":0.0,"timestamp":1610179417,"path_taken":["M","M","?","M","M","R","E","R","T","$","R","M","?","$","R","BOSS","M","M","?","AVR","M","R","M","M","T","R","M","M","E","M","R","BOSS","M","?","$","?","M","R","M","?","T","R","E","R","E","$","R_BF","BOSS","R","$","E","BOSS"],"items_purchased_type":["Card","Relic","Relic","Card","Card","Relic","Relic","Relic","Card","Card","Card","Card","Card","Card","Card","Card","Card","Card","Relic"],"build_version":"2020-12-22","purchased_purges":3,"victory":true,"max_hp_per_floor":[82,82,82,82,82,82,82,82,82,82,82,82,82,82,82,82,82,82,82,82,82,82,82,82,82,82,82,82,82,82,82,82,82,82,82,82,82,82,82,82,82,82,82,82,82,82,82,82,82,82,82,82,82,82,82],"relic_stats":{"Lee\u0027s Waffle":77,"Centennial Puzzle":[6],"counters":[146,579],"Sundial":[0],"obtain_stats":[{"Ice Cream":37,"infinitespire:BottledMercury":4,"hubris:BallOfYels":12,"Tiny House":17,"aspiration:Stellarator":17,"infinitespire:Cubic Diamond":2,"Runic Capacitor":47,"Whetstone":7,"hubris:TerracottaHorce":21,"Blood Vial":34,"Centennial Puzzle":43,"infinitespire:ShieldingShard":45,"HornCleat":55,"Replay:Frozen Program":0,"aspiration:EnhancedActuators":14,"DollysMirror":20,"Sundial":53,"Strawberry":8,"Replay:Bronze Core":34,"hubris:DeckOfHolding":10,"aspiration:ArtOfWarUpgrade":32,"Prayer Wheel":16,"Philosopher\u0027s Stone":34,"HandDrill":55,"Kunai":36,"Replay:Wax Seal":0,"hubris:TinFlute":55,"MerchantsRug":47,"Pear":34,"Counterbalance":38,"Pen Nib":40,"infinitespire:Beetle Shell":54,"Replay:Baseball":47,"Bird Faced Urn":17,"Pandora\u0027s Box":29,"ReplayTheSpireMod:TigerMarble":0,"aspiration:MysteriousAuxiliaryCore":9,"infinitespire:PuzzleCube":0,"Abe\u0027s Treasure":17,"hubris:Reverence":43,"Darkstone Periapt":13,"Regal Pillow":6,"hubris:Metronome":45,"Lantern":26,"Bag of Preparation":9,"Replay:Mystery Machine":45,"Cursed Key":34,"Pet Ghost":54,"ClockworkSouvenir":0,"Replay:Bandana":7,"Chameleon Ring":26,"hubris:Icosahedron":36,"hubris:Backtick":17,"Mummified Hand":0,"Gambling Chip":42,"Toolbox":53,"Chemical X":0,"Replay:Bottled Snecko":10,"Cracked Core":0,"Potion Belt":19,"Lee\u0027s Waffle":0,"Inserter":17,"NeowsBlessing":0,"Replay:Towering Pillar of Hats":31,"aspiration:FetidBarrel":21,"Guide Book":48,"infinitespire:FocusingShard":0,"The Courier":31,"infinitespire:Joker Card":34,"Replay:WaspNest":41,"Omamori":0,"hubris:Towel":39,"Calling Bell":34,"Anchor":0,"infinitespire:WardingShard":9,"hubris:Spice":50,"infinitespire:Satchel":4,"Orrery":0,"Coffee Dripper":17,"Art of War":27,"Bag of Marbles":7,"ReplayTheSpireMod:Lightbulb":30,"Toy Ornithopter":43,"m_BurningSludge":2,"infinitespire:Midas Blood":30,"hubris:NiceRug":55,"infinitespire:Freezer":0},{"Ice Cream":57,"infinitespire:BottledMercury":41,"hubris:BallOfYels":96,"Tiny House":10,"aspiration:Stellarator":99,"infinitespire:Cubic Diamond":19,"Runic Capacitor":113,"Whetstone":69,"hubris:TerracottaHorce":127,"Blood Vial":56,"Centennial Puzzle":140,"infinitespire:ShieldingShard":83,"HornCleat":88,"Replay:Frozen Program":117,"aspiration:EnhancedActuators":98,"DollysMirror":100,"Sundial":144,"Strawberry":43,"Replay:Bronze Core":135,"hubris:DeckOfHolding":21,"aspiration:ArtOfWarUpgrade":55,"Prayer Wheel":73,"Philosopher\u0027s Stone":80,"HandDrill":88,"Kunai":81,"Replay:Wax Seal":90,"hubris:TinFlute":87,"MerchantsRug":113,"Pear":56,"Counterbalance":138,"Pen Nib":110,"infinitespire:Beetle Shell":116,"Replay:Baseball":142,"Bird Faced Urn":73,"Pandora\u0027s Box":104,"ReplayTheSpireMod:TigerMarble":65,"aspiration:MysteriousAuxiliaryCore":95,"infinitespire:PuzzleCube":12,"Abe\u0027s Treasure":33,"hubris:Reverence":111,"Darkstone Periapt":8,"Regal Pillow":3,"hubris:Metronome":60,"Lantern":103,"Bag of Preparation":5,"Replay:Mystery Machine":141,"Cursed Key":107,"Pet Ghost":64,"ClockworkSouvenir":39,"Replay:Bandana":29,"Chameleon Ring":52,"hubris:Icosahedron":57,"hubris:Backtick":73,"Mummified Hand":26,"Gambling Chip":111,"Toolbox":144,"Chemical X":65,"Replay:Bottled Snecko":70,"Cracked Core":0,"Potion Belt":74,"Lee\u0027s Waffle":90,"Inserter":47,"NeowsBlessing":0,"Replay:Towering Pillar of Hats":106,"aspiration:FetidBarrel":127,"Guide Book":142,"infinitespire:FocusingShard":39,"The Courier":55,"infinitespire:Joker Card":56,"Replay:WaspNest":59,"Omamori":117,"hubris:Towel":58,"Calling Bell":56,"Anchor":39,"infinitespire:WardingShard":14,"hubris:Spice":86,"infinitespire:Satchel":2,"Orrery":65,"Coffee Dripper":24,"Art of War":53,"Bag of Marbles":122,"ReplayTheSpireMod:Lightbulb":133,"Toy Ornithopter":60,"m_BurningSludge":19,"infinitespire:Midas Blood":55,"hubris:NiceRug":88,"infinitespire:Freezer":117},{"Ice Cream":239,"infinitespire:BottledMercury":179,"hubris:BallOfYels":383,"Tiny House":30,"aspiration:Stellarator":403,"infinitespire:Cubic Diamond":63,"Runic Capacitor":460,"Whetstone":288,"hubris:TerracottaHorce":506,"Blood Vial":236,"Centennial Puzzle":556,"infinitespire:ShieldingShard":339,"HornCleat":357,"Replay:Frozen Program":471,"aspiration:EnhancedActuators":392,"DollysMirror":406,"Sundial":572,"Strawberry":184,"Replay:Bronze Core":538,"hubris:DeckOfHolding":83,"aspiration:ArtOfWarUpgrade":230,"Prayer Wheel":307,"Philosopher\u0027s Stone":332,"HandDrill":357,"Kunai":334,"Replay:Wax Seal":363,"hubris:TinFlute":354,"MerchantsRug":460,"Pear":236,"Counterbalance":549,"Pen Nib":451,"infinitespire:Beetle Shell":468,"Replay:Baseball":564,"Bird Faced Urn":307,"Pandora\u0027s Box":427,"ReplayTheSpireMod:TigerMarble":280,"aspiration:MysteriousAuxiliaryCore":377,"infinitespire:PuzzleCube":39,"Abe\u0027s Treasure":146,"hubris:Reverence":453,"Darkstone Periapt":22,"Regal Pillow":3,"hubris:Metronome":251,"Lantern":424,"Bag of Preparation":11,"Replay:Mystery Machine":560,"Cursed Key":440,"Pet Ghost":274,"ClockworkSouvenir":175,"Replay:Bandana":131,"Chameleon Ring":216,"hubris:Icosahedron":239,"hubris:Backtick":307,"Mummified Hand":119,"Gambling Chip":453,"Toolbox":572,"Chemical X":280,"Replay:Bottled Snecko":290,"Cracked Core":0,"Potion Belt":310,"Lee\u0027s Waffle":363,"Inserter":203,"NeowsBlessing":0,"Replay:Towering Pillar of Hats":435,"aspiration:FetidBarrel":506,"Guide Book":564,"infinitespire:FocusingShard":175,"The Courier":230,"infinitespire:Joker Card":236,"Replay:WaspNest":248,"Omamori":471,"hubris:Towel":242,"Calling Bell":236,"Anchor":175,"infinitespire:WardingShard":45,"hubris:Spice":350,"infinitespire:Satchel":2,"Orrery":280,"Coffee Dripper":106,"Art of War":223,"Bag of Marbles":489,"ReplayTheSpireMod:Lightbulb":527,"Toy Ornithopter":251,"m_BurningSludge":63,"infinitespire:Midas Blood":230,"hubris:NiceRug":357,"infinitespire:Freezer":471}]},"card_choices":[{"not_picked":["ReplayTheSpireMod:Repulse","Sweeping Beam"],"picked":"Conserve Battery","floor":1},{"not_picked":["BasicCrystalCard","Go for the Eyes"],"picked":"Turbo","floor":2},{"not_picked":["Barrage","Beam Cell"],"picked":"Static Discharge","floor":4},{"not_picked":["Heatsinks","Meteor Strike"],"picked":"Turbo","floor":5},{"not_picked":["Hologram","Redo"],"picked":"Tempest","floor":7},{"not_picked":["Go for the Eyes","Compile Driver"],"picked":"Tempest","floor":12},{"not_picked":["hubris:SpecializedCircuitry","Fission"],"picked":"Creative AI","floor":16},{"not_picked":["Leap","Aggregate","Compile Driver"],"picked":"SKIP","floor":18},{"not_picked":["Beam Cell","ReplayTheSpireMod:Repulse","Conserve Battery"],"picked":"SKIP","floor":19},{"not_picked":["Barrage","Genetic Algorithm","ReplayTheSpireMod:GoodbyeWorld+1"],"picked":"SKIP","floor":20},{"not_picked":["Rebound","Beam Cell"],"picked":"Redo","floor":22},{"not_picked":["Gash","Redo"],"picked":"Conserve Battery+1","floor":24},{"not_picked":["Conserve Battery","ReplayTheSpireMod:Repulse"],"picked":"Turbo+1","floor":25},{"not_picked":["Beam Cell","BasicCrystalCard","Hologram+1"],"picked":"SKIP","floor":28},{"not_picked":["ReplayTheSpireMod:GoodbyeWorld","Streamline","Hyperbeam"],"picked":"SKIP","floor":29},{"not_picked":["Melter","White Noise"],"picked":"Self Repair","floor":30},{"not_picked":["Gash","ReplaySolidLightProjector+1","Barrage"],"picked":"SKIP","floor":31},{"not_picked":["Multi-Cast","Rainbow"],"picked":"Electrodynamics","floor":33},{"not_picked":["Crystallizer+1","Darkness+1"],"picked":"Double Energy+1","floor":35},{"not_picked":["Stack+1","Genetic Algorithm+1","Fusion"],"picked":"SKIP","floor":36},{"not_picked":["Skim+1","Barrage+1"],"picked":"Redo+1","floor":38},{"not_picked":["ReplayTheSpireMod:GoodbyeWorld+1","Ball Lightning+1","Heatsinks"],"picked":"SKIP","floor":39},{"not_picked":["Cold Snap","Sweeping Beam","ReplaySort"],"picked":"SKIP","floor":41},{"not_picked":["Coolheaded","Double Energy"],"picked":"Turbo+1","floor":45},{"not_picked":["Recycle","Double Energy+1"],"picked":"Sunder+1","floor":47},{"not_picked":[],"picked":"Loop","floor":53},{"not_picked":[],"picked":"Midas Touch","floor":53},{"not_picked":["Sweeping Beam"],"picked":"SKIP","floor":53},{"not_picked":["Go for the Eyes"],"picked":"SKIP","floor":53},{"not_picked":["Steam"],"picked":"SKIP","floor":53},{"not_picked":["Leap"],"picked":"SKIP","floor":53},{"not_picked":["expansioncontent:DarkVoid"],"picked":"SKIP","floor":53},{"not_picked":["Reprogram","ReplaySolidLightProjector","Auto Shields+1"],"picked":"SKIP","floor":54}],"player_experience":521460,"relics_obtained":[{"floor":7,"key":"Bag of Marbles"},{"floor":9,"key":"infinitespire:WardingShard"},{"floor":30,"key":"ReplayTheSpireMod:Lightbulb"},{"floor":38,"key":"Counterbalance"},{"floor":43,"key":"Centennial Puzzle"},{"floor":45,"key":"Replay:Mystery Machine"},{"floor":47,"key":"Replay:Baseball"},{"floor":53,"key":"Sundial"},{"floor":53,"key":"Pet Ghost"},{"floor":53,"key":"Toolbox"},{"floor":54,"key":"aspiration:FetidBarrel"}],"event_choices":[{"damage_healed":0,"gold_gain":0,"player_choice":"1 cards matched","damage_taken":0,"max_hp_gain":0,"max_hp_loss":0,"event_name":"Match and Keep!","floor":13,"gold_loss":0,"cards_obtained":["Zap"]},{"damage_healed":0,"gold_gain":0,"player_choice":"Fight","damage_taken":0,"max_hp_gain":0,"max_hp_loss":0,"event_name":"MindBloom","floor":38,"gold_loss":0},{"damage_healed":0,"gold_gain":0,"player_choice":"Copied","damage_taken":0,"max_hp_gain":0,"max_hp_loss":0,"event_name":"Duplicator","floor":42,"gold_loss":0,"cards_obtained":["hubris:PowerSurge"]}],"is_beta":false,"boss_relics":[{"not_picked":["aspiration:FutureDiary","Snecko Eye"],"picked":"Abe\u0027s Treasure"},{"not_picked":["Sozu","Philosopher\u0027s Stone"],"picked":"Replay:Bronze Core"}],"items_purged_floors":[0,21,53],"is_endless":false,"potions_floor_spawned":[2,4,7,18,20,28,33,35,36],"ascension_level":11}}