{"host":"9vk21r6l9dtkpvh9","time":1610208743,"event":{"mods":["100% Spire Juice","2.2 Compatiblity","AchievementEnabler","Act Like it!","Astrologer","Bartender","BaseMod","Better Altar","Better Match","Better Note","Better Sensory Stone","Better Skull","Better Third Choice","BetterRewards","CapriCore","CatGirl Mod","Colored Map","Colored Powertips","Conspire","DeckTracker","Downfall","Energized Spire","Gensokyo","GifTheSpireLib","Hermit","Hubris","Infinite Spire","Jorbs\u0027s Wanderer Trilogy","Koishi","LagranYue(???·?)","Luminous","Mad Scientist","Marisa????????","Mimic Mod","Minty Spire (QoL Compilation)","Potionbrewer","Rare Cards Sparkle","Relic Stats","Replay The Spire","SOS???????","Shade Mod","Spicy Shops","StSLib","SuperFastMode","Td1madao Mod","The Animator","The Forsaken","The Gatherer","The Hierophant","The Immortal","The Jungle","The Marked","The Mystic","The Necromancer","The Runesmith","The Senshi","The Servant 0.9.4","The Valiant","The Wild Card","TheBandit","TheSwordswoman","TheWitcher","WarShipGirlsR/????R mod","vexMod","???Mod??????Boss"],"gold_per_floor":[117,117,151,167,181,209,209,209,209,209,69,69,84,97,97,200,200,90,90,100,113,123,123,123,142,142,160,191,191,203,203,203,301,61,73,73,73,91,110,110,139,139,190,204,220,220,200,215,215,215,215,215,90,123,123],"floor_reached":56,"playtime":5248,"items_purged":["Moonworks:Strike"],"score":1226,"play_id":"2258e74e-fa4f-4c27-9a4c-e2bbcdc544e1","local_time":"20210109111223","is_ascension_mode":false,"campfire_choices":[{"floor":7,"key":"REST"},{"data":"Moonworks:Ambush","floor":10,"key":"SMITH"},{"data":"Moonworks:EvilSpyWorkPreparation","floor":12,"key":"SMITH"},{"floor":23,"key":"RECALL"},{"data":"infinitespire:Collect","floor":29,"key":"SMITH"},{"data":"Moonworks:NicePresent","floor":32,"key":"SMITH"},{"data":"Moonworks:Accelerator","floor":40,"key":"SMITH"},{"data":"Moonworks:AnotherUltimateWeapon","floor":42,"key":"SMITH"},{"floor":49,"key":"DIG"},{"data":"Moonworks:DevilHand","floor":52,"key":"SMITH"}],"circlet_count":0,"master_deck":["Moonworks:Strike","Moonworks:Strike","Moonworks:Strike","Moonworks:Defend","Moonworks:Defend","Moonworks:Defend","Moonworks:Defend","Moonworks:Ambush+1","Moonworks:LongDistanceShot","Moonworks:EvilSpyWorkPreparation+1","Moonworks:DevilHand+1","Moonworks:Dinner","Moonworks:LulusLuckyEgg+1","Moonworks:WeAreWaruda","Moonworks:DeployBits+1","Moonworks:Ambush+1","Moonworks:BackdoorTrade+1","Moonworks:WindyEnchantment+1","expansioncontent:LastStand","Moonworks:NicePresent+1","infinitespire:Collect+1","Moonworks:DevilHand+1","Moonworks:Accelerator+1","Moonworks:AwakeningOfTalent+1","Moonworks:AnotherUltimateWeapon+1","Replay:Sluggish","Moonworks:Poppoformation","hubris:Rewind","Moonworks:RagingMadness","Moonworks:UnluckyCharm+1"],"relics":["Moonworks:BrokenBomb","Moonworks:Homemark","LagranYue:RandomDrawCardRelic","hubris:Towel","Smiling Mask","ReplayTheSpireMod:TigerMarble","theSenshi:SailorFukuRelic","Meat on the Bone","vexMod:CursedCompass","Pear","Protect_Vest","infinitespire:Lychee Nut","Cursed Key","hubris:SphereOfDissonance","infinitespire:Satchel","Ancient Tea Set","Archangels Feather","Pet Ghost"],"acts_visited":["Exordium","TheCity","TheBeyond","TheEnding"],"potions_floor_usage":[33,33,39,55],"damage_taken":[{"damage":1,"enemies":"Cultist","floor":1,"turns":3},{"damage":8,"enemies":"Jaw Worm","floor":3,"turns":9},{"damage":0,"enemies":"Jaw Worm","floor":4,"turns":2},{"damage":13,"enemies":"infinitespire:Voidling","floor":5,"turns":3},{"damage":47,"enemies":"Lagavulin","floor":6,"turns":8},{"damage":0,"enemies":"3 Louse","floor":13,"turns":3},{"damage":11,"enemies":"Lots of Slimes","floor":14,"turns":2},{"damage":24,"enemies":"The Guardian","floor":16,"turns":12},{"damage":12,"enemies":"Spheric Guardian","floor":18,"turns":4},{"damage":0,"enemies":"Shell Parasite","floor":20,"turns":4},{"damage":4,"enemies":"Snecko","floor":21,"turns":4},{"damage":0,"enemies":"Snake Plant","floor":22,"turns":5},{"damage":0,"enemies":"Chosen and Byrds","floor":25,"turns":4},{"damage":17,"enemies":"3 Cultists","floor":27,"turns":6},{"damage":8,"enemies":"Nightmare","floor":28,"turns":8},{"damage":0,"enemies":"Snecko","floor":30,"turns":3},{"damage":46,"enemies":"hubris:MusketHawk","floor":33,"turns":9},{"damage":9,"enemies":"3 Shapes","floor":35,"turns":4},{"damage":0,"enemies":"Orb Walker","floor":38,"turns":2},{"damage":14,"enemies":"4 Shapes","floor":39,"turns":3},{"damage":0,"enemies":"Nightmare","floor":41,"turns":9},{"damage":0,"enemies":"Transient","floor":44,"turns":5},{"damage":5,"enemies":"Spire Growth","floor":45,"turns":4},{"damage":0,"enemies":"Jaw Worm Horde","floor":48,"turns":3},{"damage":0,"enemies":"Awakened One","floor":50,"turns":8},{"damage":4,"enemies":"Shield and Spear","floor":54,"turns":4},{"damage":19,"enemies":"The Heart","floor":55,"turns":7}],"seed_played":"2073016550663645647","potions_obtained":[{"floor":1,"key":"Elixir"},{"floor":6,"key":"potionbrewer:AcidPotion"},{"floor":14,"key":"SpeedPotion"},{"floor":22,"key":"Adrenaline Potion"},{"floor":27,"key":"DuplicationPotion"},{"floor":28,"key":"Swift Potion"},{"floor":38,"key":"Explosive Potion"},{"floor":39,"key":"FairyPotion"},{"floor":47,"key":"potionbrewer:BarricadePotion"},{"floor":48,"key":"FairyPotion"}],"is_trial":false,"path_per_floor":["M","?","MIM","M","M","E","R","?","T","R","?","R","M","M","R_BF","B",null,"M","?","M","M","M","R","?","M","T","M","NM","R","M","AVR","R","B",null,"M","$","T","M","M","R","NM","R","T","M","M","AVR","?","M","R_BF","B",null,"R","$","E","B",null],"character_chosen":"THE_STARBREAKER","items_purchased":["Moonworks:RagingMadness"],"campfire_rested":1,"item_purchase_floors":[53],"current_hp_per_floor":[65,65,57,57,48,1,20,20,20,20,20,20,32,33,52,34,66,54,54,59,58,64,64,64,66,76,59,57,57,57,57,57,38,57,57,57,57,57,45,45,57,57,57,57,57,57,57,57,57,57,57,57,57,56,51],"gold":123,"neow_bonus":"TEN_PERCENT_HP_BONUS","is_daily":false,"chose_seed":false,"campfire_upgraded":7,"win_rate":0.0,"timestamp":1610208743,"path_taken":["M","?","?","M","M","E","R","?","T","R","?","R","?","M","R_BF","BOSS","M","?","M","?","M","R","?","M","T","M","NM","R","M","AVR","R","BOSS","M","?","?","M","M","R","NM","R","T","M","M","AVR","?","M","R_BF","BOSS","R","$","E","BOSS"],"items_purchased_type":["Card"],"build_version":"2020-12-22","purchased_purges":1,"victory":true,"max_hp_per_floor":[66,66,66,66,66,66,66,66,66,66,66,66,66,66,66,66,66,66,66,66,66,66,66,66,66,76,76,76,76,76,57,57,57,57,57,57,57,57,57,57,57,57,57,57,57,57,57,57,57,57,57,57,57,57,57],"relic_stats":{"counters":[27,137],"Smiling Mask":25,"Cursed Key":1,"obtain_stats":[{"Pear":26,"LagranYue:RandomDrawCardRelic":0,"hubris:SphereOfDissonance":41,"Protect_Vest":28,"hubris:Towel":2,"Smiling Mask":3,"Cursed Key":34,"Ancient Tea Set":46,"Pet Ghost":54,"Archangels Feather":49,"infinitespire:Lychee Nut":31,"Moonworks:Homemark":0,"infinitespire:Satchel":43,"ReplayTheSpireMod:TigerMarble":3,"vexMod:CursedCompass":17,"theSenshi:SailorFukuRelic":6,"Moonworks:BrokenBomb":0,"Meat on the Bone":9},{"Pear":13,"LagranYue:RandomDrawCardRelic":0,"hubris:SphereOfDissonance":21,"Protect_Vest":15,"hubris:Towel":1,"Smiling Mask":2,"Cursed Key":17,"Ancient Tea Set":23,"Pet Ghost":26,"Archangels Feather":24,"infinitespire:Lychee Nut":16,"Moonworks:Homemark":0,"infinitespire:Satchel":21,"ReplayTheSpireMod:TigerMarble":2,"vexMod:CursedCompass":8,"theSenshi:SailorFukuRelic":5,"Moonworks:BrokenBomb":0,"Meat on the Bone":5},{"Pear":63,"LagranYue:RandomDrawCardRelic":0,"hubris:SphereOfDissonance":107,"Protect_Vest":77,"hubris:Towel":3,"Smiling Mask":12,"Cursed Key":89,"Ancient Tea Set":115,"Pet Ghost":130,"Archangels Feather":118,"infinitespire:Lychee Nut":80,"Moonworks:Homemark":0,"infinitespire:Satchel":107,"ReplayTheSpireMod:TigerMarble":12,"vexMod:CursedCompass":42,"theSenshi:SailorFukuRelic":25,"Moonworks:BrokenBomb":0,"Meat on the Bone":25}],"Meat on the Bone":36},"card_choices":[{"not_picked":["Moonworks:BigMagnum","Moonworks:DeployBits","Moonworks:BeyondHell"],"picked":"SKIP","floor":1},{"not_picked":["Moonworks:ImOnFire","Moonworks:IndiscriminateFireSupport"],"picked":"Moonworks:EvilSpyWorkPreparation","floor":3},{"not_picked":["Moonworks:Assault","Moonworks:SelfDestruct","Moonworks:Heat300Percent"],"picked":"SKIP","floor":4},{"not_picked":["Moonworks:EvilSpyWorkPreparation","Moonworks:CloudOfSeagulls","Moonworks:ImmovableObject"],"picked":"SKIP","floor":5},{"not_picked":["Moonworks:JonathanRush","Moonworks:EvilMastermind"],"picked":"Moonworks:DevilHand","floor":6},{"not_picked":["Moonworks:BigMagnum","Moonworks:CookingTime"],"picked":"Moonworks:Dinner","floor":13},{"not_picked":["Moonworks:BindingChains","Moonworks:JonathanRush"],"picked":"Moonworks:LulusLuckyEgg","floor":14},{"not_picked":["Moonworks:Wanted","Moonworks:Blazing"],"picked":"Moonworks:WeAreWaruda","floor":16},{"not_picked":["Moonworks:BigMagnum","Moonworks:WindyEnchantment"],"picked":"Moonworks:DeployBits+1","floor":18},{"not_picked":["Moonworks:IndiscriminateFireSupport","Moonworks:LulusLuckyEgg","Moonworks:JonathanRush"],"picked":"SKIP","floor":20},{"not_picked":["Moonworks:LulusLuckyEgg","Moonworks:ImOnFire+1"],"picked":"Moonworks:BackdoorTrade+1","floor":21},{"not_picked":["Moonworks:Assault","Moonworks:CloudOfSeagulls"],"picked":"Moonworks:WindyEnchantment+1","floor":22},{"not_picked":["Moonworks:LuckyCharm","Moonworks:ImOnFire+1","Moonworks:Assault"],"picked":"SKIP","floor":25},{"not_picked":["Moonworks:RedAndBlue","Moonworks:CookingTime"],"picked":"Moonworks:NicePresent","floor":27},{"not_picked":["infinitespire:FinalStrike","ReplayTheSpireMod:Haul"],"picked":"infinitespire:Collect","floor":28},{"not_picked":["Moonworks:CookingTime","Moonworks:BindingChains"],"picked":"Moonworks:DevilHand+1","floor":28},{"not_picked":["Moonworks:LulusLuckyEgg","Moonworks:DeployBits+1","Moonworks:SealedMemories"],"picked":"SKIP","floor":30},{"not_picked":["Moonworks:EvilMastermind","Moonworks:FinalBattle"],"picked":"Moonworks:Accelerator","floor":33},{"not_picked":["Moonworks:DeployBits+1","Moonworks:IndiscriminateFireSupport","Moonworks:MiracleWalker+1"],"picked":"SKIP","floor":35},{"not_picked":["Moonworks:BeyondHell+1","Moonworks:WindyEnchantment+1"],"picked":"Moonworks:AwakeningOfTalent+1","floor":38},{"not_picked":["Moonworks:ImOnFire","Moonworks:JonathanRush","Moonworks:NicePresent+1"],"picked":"SKIP","floor":39},{"not_picked":["Moonworks:SealedMemories+1","Moonworks:ImOnFire+1"],"picked":"Moonworks:AnotherUltimateWeapon","floor":41},{"not_picked":["Moonworks:LulusLuckyEgg+1","Moonworks:CookingTime","Moonworks:ReproductionOfRecords"],"picked":"SKIP","floor":44},{"not_picked":["Moonworks:DeployBits+1","Moonworks:CloudOfSeagulls"],"picked":"Moonworks:Poppoformation","floor":45},{"not_picked":["Moonworks:FinalSurgery","Moonworks:BigBangBell+1","Moonworks:WindyEnchantment+1"],"picked":"SKIP","floor":48},{"not_picked":["Moonworks:NicePresent","Moonworks:DeployBits"],"picked":"Moonworks:UnluckyCharm+1","floor":54}],"player_experience":634729,"relics_obtained":[{"floor":3,"key":"Smiling Mask"},{"floor":3,"key":"ReplayTheSpireMod:TigerMarble"},{"floor":6,"key":"theSenshi:SailorFukuRelic"},{"floor":9,"key":"Meat on the Bone"},{"floor":26,"key":"Pear"},{"floor":28,"key":"Protect_Vest"},{"floor":41,"key":"hubris:SphereOfDissonance"},{"floor":43,"key":"infinitespire:Satchel"},{"floor":49,"key":"Archangels Feather"},{"floor":54,"key":"Pet Ghost"}],"event_choices":[{"damage_healed":20,"gold_gain":0,"player_choice":"Leave","damage_taken":0,"max_hp_gain":0,"max_hp_loss":66,"event_name":"betterThird:BetterShining","floor":8,"gold_loss":0},{"damage_healed":0,"gold_gain":100,"player_choice":"Pray","damage_taken":0,"max_hp_gain":0,"max_hp_loss":0,"event_name":"Golden Shrine","floor":11,"gold_loss":0},{"damage_healed":0,"gold_gain":0,"player_choice":"Copied","damage_taken":0,"max_hp_gain":0,"max_hp_loss":0,"event_name":"Duplicator","floor":19,"gold_loss":0,"cards_obtained":["Moonworks:Ambush"]},{"cards_removed":["Moonworks:WeAreWaruda"],"damage_healed":0,"gold_gain":0,"player_choice":"Take \u0026 Give","damage_taken":0,"max_hp_gain":0,"max_hp_loss":0,"event_name":"betterNote:BetterNote","floor":24,"gold_loss":0,"cards_obtained":["expansioncontent:LastStand"]},{"damage_healed":0,"gold_gain":0,"player_choice":"Bought 1 Potion","damage_taken":0,"max_hp_gain":0,"max_hp_loss":0,"event_name":"The Woman in Blue","floor":47,"gold_loss":0}],"is_beta":false,"boss_relics":[{"not_picked":["ReplayTheSpireMod:DimensionalGlitch","Kintsugi"],"picked":"vexMod:CursedCompass"},{"not_picked":["energizedSpire:SpiderWeb","Replay:Wanted Poster"],"picked":"Cursed Key"}],"items_purged_floors":[53],"is_endless":false,"potions_floor_spawned":[1,6,14,22,25,27,28,38,39,48],"ascension_level":0}}