{"host":"ct28ocsd8g8yr2ah","time":1610214427,"event":{"mods":["BaseMod","Better Third Choice","Hermit","Marisa????????","Minty Spire (QoL Compilation)","Remilia??????","StSLib","The Animator","The Gatherer","The Servant 0.9.4","Waifu the Spire"],"gold_per_floor":[121,131,141,158,169,169,169,193,219,239,339,369,13,38,38,38,38],"floor_reached":16,"playtime":730,"items_purged":["animator:Strike"],"score":96,"play_id":"8b18c722-0d16-4ce8-8253-6cc01f841c2f","local_time":"20210109224707","is_ascension_mode":false,"campfire_choices":[{"data":"animator:Lancer","floor":6,"key":"SMITH"},{"floor":15,"key":"REST"}],"circlet_count":0,"master_deck":["animator:Strike_Fate","animator:Defend_Fate","animator:Strike","animator:Defend","animator:Defend","animator:Defend","animator:Alexander","animator:Rider","animator:RinTohsaka","animator:Lancer+1","animator:Shalltear","animator:Lancer","animator:Assassin","animator:Mitsurugi","animator:NagisaMomoe","animator:IzunaHatsuse","animator:MisaKurobane"],"relics":["animator:LivingPicture","animator:ColorlessFragment","Oddly Smooth Stone","ScarletDevilRocket"],"acts_visited":["Exordium"],"potions_floor_usage":[5,5,16],"damage_taken":[{"damage":1,"enemies":"Small Slimes","floor":1,"turns":5},{"damage":7,"enemies":"Cultist","floor":2,"turns":6},{"damage":0,"enemies":"2 Louse","floor":3,"turns":2},{"damage":19,"enemies":"Exordium Thugs","floor":4,"turns":7},{"damage":6,"enemies":"Gremlin Gang","floor":5,"turns":2},{"damage":7,"enemies":"Blue Slaver","floor":8,"turns":5},{"damage":22,"enemies":"Exordium Thugs","floor":10,"turns":7},{"damage":7,"enemies":"3 Louse","floor":12,"turns":5},{"damage":41,"enemies":"Slime Boss","floor":16,"turns":7}],"seed_played":"6655073635045582758","potions_obtained":[{"floor":2,"key":"Energy Potion"},{"floor":3,"key":"SneckoOil"},{"floor":10,"key":"animator:FalseLifePotion"}],"is_trial":false,"path_per_floor":["M","M","M","M","M","R","?","M","T","M","?","M","$","T","R","B"],"character_chosen":"THE_ANIMATOR","items_purchased":["animator:ColorlessFragment","animator:IzunaHatsuse","animator:MisaKurobane"],"campfire_rested":1,"item_purchase_floors":[13,13,13],"current_hp_per_floor":[71,65,65,46,40,40,40,33,33,11,11,4,4,4,25,0,0],"gold":38,"neow_bonus":"TEN_PERCENT_HP_BONUS","is_daily":false,"chose_seed":false,"campfire_upgraded":1,"win_rate":0.0,"timestamp":1610214427,"path_taken":["M","M","M","M","M","R","?","?","T","?","?","M","$","?","R","BOSS"],"items_purchased_type":["Relic","Card","Card"],"build_version":"2020-12-22","purchased_purges":1,"victory":false,"max_hp_per_floor":[72,73,73,73,73,73,73,73,73,73,73,73,73,73,73,73,73],"card_choices":[{"not_picked":["animator:Assassin","animator:OrikoMikuni"],"picked":"animator:RinTohsaka","floor":1},{"not_picked":["animator:Megumin","animator:Assassin"],"picked":"animator:Lancer","floor":2},{"not_picked":["animator:YuiTsuruno","animator:HighElfArcher"],"picked":"animator:Shalltear","floor":3},{"not_picked":["animator:Archer","animator:ShinjiMatou"],"picked":"animator:Lancer","floor":4},{"not_picked":["animator:Rider","animator:Kaijin","animator:LizardPriest"],"picked":"SKIP","floor":5},{"not_picked":["animator:GazelDwargon","animator:Jibril"],"picked":"animator:Assassin","floor":8},{"not_picked":["animator:YunYun","animator:DwarfShaman"],"picked":"animator:Mitsurugi","floor":10},{"not_picked":["animator:OrikoMikuni","animator:KyokoSakura"],"picked":"animator:NagisaMomoe","floor":12}],"player_experience":520129,"relics_obtained":[{"floor":9,"key":"Oddly Smooth Stone"},{"floor":14,"key":"ScarletDevilRocket"}],"event_choices":[{"cards_removed":["animator:Strike"],"damage_healed":0,"gold_gain":0,"player_choice":"Offered Basic","damage_taken":0,"max_hp_gain":0,"max_hp_loss":0,"event_name":"Bonfire Elementals","floor":7,"gold_loss":0},{"damage_healed":0,"gold_gain":100,"player_choice":"Pray","damage_taken":0,"max_hp_gain":0,"max_hp_loss":0,"event_name":"Golden Shrine","floor":11,"gold_loss":0}],"is_beta":false,"boss_relics":[],"items_purged_floors":[13],"is_endless":false,"potions_floor_spawned":[2,3,10],"killed_by":"Slime Boss","ascension_level":0}}