{"host":"4328iixd8pca51w5","time":1610201006,"event":{"mods":["2.2 Compatiblity","BaseMod","CapriCore","KOR Keyword Fix","Minty Spire (QoL Compilation)","StSLib","The Immortal"],"gold_per_floor":[110,120,120,136,148,178,195,195,195,195],"floor_reached":8,"playtime":3818,"items_purged":[],"score":69,"play_id":"1deb2fe0-487c-406e-abec-1b40ebe7d926","local_time":"20210109230326","is_ascension_mode":true,"campfire_choices":[],"circlet_count":0,"master_deck":["MokouMod:Strike","MokouMod:Strike","MokouMod:Strike","MokouMod:Strike","MokouMod:Strike","MokouMod:Defend","MokouMod:Defend","MokouMod:Defend","MokouMod:Defend","MokouMod:HeatSpark","MokouMod:Ventilation","MokouMod:FujiyamaVolcano","MokouMod:IndiscriminateIgnition","MokouMod:IgnitionBlast","MokouMod:Sear","MokouMod:FlareStarter"],"relics":["MokouMod:PhoenixFeather","Torii","Bag of Preparation"],"acts_visited":["Exordium"],"potions_floor_usage":[6,6],"damage_taken":[{"damage":1,"enemies":"Cultist","floor":1,"turns":4},{"damage":9,"enemies":"2 Louse","floor":2,"turns":2},{"damage":12,"enemies":"Small Slimes","floor":4,"turns":2},{"damage":10,"enemies":"2 Fungi Beasts","floor":5,"turns":4},{"damage":31,"enemies":"3 Sentries","floor":6,"turns":7},{"damage":21,"enemies":"3 Louse","floor":7,"turns":3},{"damage":90,"enemies":"Lagavulin","floor":8,"turns":9}],"seed_played":"-4472713429946350906","potions_obtained":[{"floor":1,"key":"Regen Potion"},{"floor":5,"key":"SkillPotion"},{"floor":7,"key":"Energy Potion"}],"is_trial":false,"path_per_floor":["M","M","?","M","M","E","M","E"],"character_chosen":"MKU","items_purchased":[],"campfire_rested":0,"item_purchase_floors":[],"current_hp_per_floor":[74,65,62,50,40,24,3,0,0,0],"gold":195,"neow_bonus":"ONE_RANDOM_RARE_CARD","is_daily":false,"chose_seed":false,"campfire_upgraded":0,"win_rate":0.0,"timestamp":1610201006,"path_taken":["M","?","?","M","M","E","M","E"],"items_purchased_type":[],"build_version":"2020-12-22","purchased_purges":0,"victory":false,"max_hp_per_floor":[75,75,75,75,75,75,75,75,75,75],"card_choices":[{"not_picked":["MokouMod:Wildfire","MokouMod:UncontrollableSolarReaction"],"picked":"MokouMod:FujiyamaVolcano","floor":1},{"not_picked":["MokouMod:FlareStarter","MokouMod:InfernalWave","MokouMod:SubterraneanCore"],"picked":"SKIP","floor":2},{"not_picked":["MokouMod:UncontrollableSolarReaction","MokouMod:ResoluteFlare"],"picked":"MokouMod:IndiscriminateIgnition","floor":4},{"not_picked":["MokouMod:HeatTransfer","MokouMod:Overheat"],"picked":"MokouMod:IgnitionBlast","floor":5},{"not_picked":["MokouMod:IndiscriminateIgnition","MokouMod:Firecracker"],"picked":"MokouMod:Sear","floor":6},{"not_picked":["MokouMod:Burn","MokouMod:ShiftIgnition"],"picked":"MokouMod:FlareStarter","floor":7}],"player_experience":178582,"relics_obtained":[{"floor":6,"key":"Bag of Preparation"}],"event_choices":[{"damage_healed":0,"gold_gain":0,"player_choice":"Success","damage_taken":3,"relics_obtained":["Torii"],"max_hp_gain":0,"max_hp_loss":0,"event_name":"Scrap Ooze","floor":3,"gold_loss":0}],"is_beta":false,"boss_relics":[],"items_purged_floors":[],"is_endless":false,"potions_floor_spawned":[1,5,7],"killed_by":"Lagavulin","ascension_level":3}}