{"host":"2lo6hma6kymb0g9i","time":1610169722,"event":{"mods":["BaseMod","Colored Map","DeckTracker","Minty Spire (QoL Compilation)"],"gold_per_floor":[115,115,115,65,81,81,114,173,173,173,98,118,118,136,136,240,240,253,253,218,317,332,332,367,367,390,390,401,326,350,55,55,158,158,169,186,186,186,200,200,200,228,228,50,50,64,76,4,4,4],"floor_reached":51,"playtime":3286,"items_purged":["Strike_B"],"score":1036,"play_id":"0c813456-487c-4177-b703-9dc4e6433276","local_time":"20210109142202","is_ascension_mode":true,"campfire_choices":[{"data":"Defragment","floor":6.0,"key":"SMITH"},{"data":"Defragment","floor":15.0,"key":"SMITH"},{"data":"Defragment","floor":23,"key":"SMITH"},{"data":"Defragment","floor":25,"key":"SMITH"},{"floor":27,"key":"REST"},{"data":"Conserve Battery","floor":32,"key":"SMITH"},{"data":"Fission","floor":41,"key":"SMITH"},{"data":"Zap","floor":49,"key":"SMITH"}],"circlet_count":0,"master_deck":["Defend_B","Zap+1","Dualcast","BootSequence","Defragment+1","Genetic Algorithm","Leap","Defragment+1","Electrodynamics","Defragment+1","Defragment+1","Conserve Battery+1","Go for the Eyes+1","Auto Shields","Glacier","Fission+1","Force Field+1","Glacier","Recycle","Genetic Algorithm","Reinforced Body"],"relics":["Cracked Core","NeowsBlessing","Incense Burner","Bronze Scales","Cables","Nuclear Battery","Nilry\u0027s Codex","Vajra","Art of War","Lantern","Letter Opener","Inserter","Ancient Tea Set","Shovel","Gremlin Horn","DataDisk"],"acts_visited":["Exordium","TheCity","TheBeyond"],"potions_floor_usage":[24,24],"damage_taken":[{"damage":0.0,"enemies":"Jaw Worm","floor":1.0,"turns":1.0},{"damage":0.0,"enemies":"Small Slimes","floor":5.0,"turns":1.0},{"damage":0.0,"enemies":"Lagavulin","floor":7.0,"turns":1.0},{"damage":38.0,"enemies":"Lagavulin Event","floor":8.0,"turns":6.0},{"damage":0.0,"enemies":"2 Louse","floor":12.0,"turns":2.0},{"damage":11.0,"enemies":"Gremlin Gang","floor":14.0,"turns":3.0},{"damage":3.0,"enemies":"Hexaghost","floor":16.0,"turns":8.0},{"damage":10,"enemies":"2 Thieves","floor":18,"turns":3},{"damage":2,"enemies":"Chosen","floor":22,"turns":3},{"damage":23,"enemies":"Slavers","floor":24,"turns":3},{"damage":0,"enemies":"Snake Plant","floor":28,"turns":3},{"damage":22,"enemies":"Automaton","floor":33,"turns":10},{"damage":0,"enemies":"3 Darklings","floor":35,"turns":3},{"damage":0,"enemies":"3 Shapes","floor":36,"turns":3},{"damage":4,"enemies":"Transient","floor":39,"turns":5},{"damage":0,"enemies":"Nemesis","floor":42,"turns":7},{"damage":6,"enemies":"Writhing Mass","floor":46,"turns":5},{"damage":0,"enemies":"Maw","floor":47,"turns":5},{"damage":0,"enemies":"Awakened One","floor":50,"turns":16}],"seed_played":"-659549544349084209","potions_obtained":[{"floor":1.0,"key":"SteroidPotion"},{"floor":8.0,"key":"ColorlessPotion"},{"floor":16.0,"key":"DistilledChaos"},{"floor":22,"key":"Regen Potion"},{"floor":28,"key":"Weak Potion"},{"floor":35,"key":"GamblersBrew"},{"floor":42,"key":"PowerPotion"},{"floor":47,"key":"AttackPotion"}],"is_trial":false,"path_per_floor":["M","?","$","?","M","R","E","?","T","?","$","M","?","M","R","B",null,"M","?","$","?","M","R","E","R","T","R","M","?","T","$","R","B",null,"M","M","?","$","M","?","R","E","T","$","?","M","M","$","R","B",null],"character_chosen":"DEFECT","items_purchased":["Defragment","Glacier","Letter Opener","DataDisk","Recycle","Reinforced Body"],"campfire_rested":1,"item_purchase_floors":[20,31,31,44,44,48],"current_hp_per_floor":[68,61,61,61,61,61,61,23,23,23,23,23,23,12,12,9,59,49,33,33,33,31,31,20,20,20,42,42,42,42,42,42,20,61,61,61,61,61,57,57,57,57,57,57,57,51,51,51,51,51],"gold":4,"neow_bonus":"THREE_ENEMY_KILL","is_daily":false,"chose_seed":false,"campfire_upgraded":7,"win_rate":0.0,"timestamp":1610169722,"path_taken":["M","?","$","?","M","R","E","?","T","?","$","?","?","?","R","BOSS","M","?","$","?","M","R","E","R","T","R","M","?","?","$","R","BOSS","M","M","?","$","?","?","R","E","T","$","?","M","?","?","R","BOSS"],"items_purchased_type":["Card","Card","Relic","Relic","Card","Card"],"build_version":"2020-12-22","purchased_purges":1,"victory":true,"max_hp_per_floor":[75,75,75,75,75,75,75,75,75,75,75,75,75,75,75,75,75,75,75,75,75,75,75,75,75,75,75,75,75,75,75,75,75,75,75,75,75,75,75,75,75,75,75,75,75,75,75,75,75,75],"card_choices":[{"not_picked":["Loop","Ball Lightning"],"picked":"BootSequence","floor":1.0},{"not_picked":["Steam Power","Auto Shields"],"picked":"Defragment","floor":5.0},{"not_picked":["Beam Cell","Stack"],"picked":"Genetic Algorithm","floor":7.0},{"not_picked":["Steam","Compile Driver"],"picked":"Leap","floor":8.0},{"not_picked":["Turbo","Ball Lightning"],"picked":"Defragment","floor":12.0},{"not_picked":["Sunder","Ball Lightning","Barrage"],"picked":"SKIP","floor":14.0},{"not_picked":["Echo Form","Hyperbeam"],"picked":"Electrodynamics","floor":16.0},{"not_picked":["Sweeping Beam+1","Fusion"],"picked":"Defragment","floor":18},{"not_picked":["Streamline","Sweeping Beam"],"picked":"Conserve Battery","floor":22},{"not_picked":["Defragment","Turbo"],"picked":"Go for the Eyes+1","floor":24},{"not_picked":["Compile Driver+1","Storm"],"picked":"Auto Shields","floor":28},{"not_picked":["Multi-Cast","Thunder Strike"],"picked":"Fission","floor":33},{"not_picked":["Defragment","Darkness+1"],"picked":"Force Field+1","floor":35},{"not_picked":["Ball Lightning","Redo+1","Cold Snap"],"picked":"SKIP","floor":36},{"not_picked":["Redo","Steam","Rainbow"],"picked":"SKIP","floor":39},{"not_picked":["Conserve Battery+1","Reboot"],"picked":"Glacier","floor":42},{"not_picked":["Redo","Double Energy+1","Coolheaded+1"],"picked":"SKIP","floor":46},{"not_picked":["Rebound+1","Hologram","Storm+1"],"picked":"SKIP","floor":47}],"player_experience":981470,"relics_obtained":[{"floor":7.0,"key":"Incense Burner"},{"floor":9.0,"key":"Cables"},{"floor":19,"key":"Nilry\u0027s Codex"},{"floor":24,"key":"Vajra"},{"floor":26,"key":"Art of War"},{"floor":30,"key":"Lantern"},{"floor":42,"key":"Shovel"},{"floor":43,"key":"Gremlin Horn"}],"event_choices":[{"cards_removed":["Strike_B"],"damage_healed":0.0,"max_hp_gain":0.0,"max_hp_loss":0.0,"gold_gain":0.0,"event_name":"Golden Wing","player_choice":"Card Removal","floor":2.0,"gold_loss":0.0,"damage_taken":7.0},{"cards_removed":["Strike_B"],"damage_healed":0.0,"max_hp_gain":0.0,"max_hp_loss":0.0,"gold_gain":0.0,"event_name":"The Cleric","player_choice":"Card Removal","floor":4.0,"gold_loss":50.0,"damage_taken":0.0},{"damage_healed":0.0,"max_hp_gain":0.0,"max_hp_loss":0.0,"gold_gain":0.0,"event_name":"Dead Adventurer","player_choice":"Searched \u00273\u0027 times","floor":8.0,"gold_loss":0.0,"damage_taken":0.0,"relics_obtained":["Bronze Scales"]},{"cards_removed":["Strike_B"],"damage_healed":0.0,"max_hp_gain":0.0,"max_hp_loss":0.0,"gold_gain":0.0,"event_name":"Bonfire Elementals","player_choice":"Offered Basic","floor":10.0,"gold_loss":0.0,"damage_taken":0.0},{"cards_removed":["Defend_B"],"damage_healed":0.0,"max_hp_gain":0.0,"max_hp_loss":0.0,"gold_gain":0.0,"event_name":"Purifier","player_choice":"Purged","floor":13.0,"gold_loss":0.0,"damage_taken":0.0},{"damage_healed":0,"gold_gain":0,"player_choice":"Obtained Book","damage_taken":16,"max_hp_gain":0,"max_hp_loss":0,"event_name":"Cursed Tome","floor":19,"gold_loss":0},{"damage_healed":0,"gold_gain":99,"player_choice":"Stole From Cult","damage_taken":0,"max_hp_gain":0,"max_hp_loss":0,"event_name":"Nest","floor":21,"gold_loss":0},{"cards_removed":["Defend_B"],"damage_healed":0,"gold_gain":0,"player_choice":"Gave Gold","damage_taken":0,"max_hp_gain":0,"max_hp_loss":0,"event_name":"Beggar","floor":29,"gold_loss":75},{"damage_healed":0,"gold_gain":0,"player_choice":"Gave Potion","damage_taken":0,"relics_obtained":["Ancient Tea Set"],"max_hp_gain":0,"max_hp_loss":0,"event_name":"WeMeetAgain","floor":37,"gold_loss":0},{"damage_healed":0,"gold_gain":0,"player_choice":"Ignored","damage_taken":0,"max_hp_gain":0,"max_hp_loss":0,"event_name":"Tomb of Lord Red Mask","floor":40,"gold_loss":0},{"damage_healed":0,"gold_gain":0,"cards_transformed":["Defend_B"],"player_choice":"Transformed","damage_taken":0,"max_hp_gain":0,"max_hp_loss":0,"event_name":"Transmorgrifier","floor":45,"gold_loss":0,"cards_obtained":["Genetic Algorithm"]}],"is_beta":false,"boss_relics":[{"not_picked":["Black Star","Runic Dome"],"picked":"Nuclear Battery"},{"not_picked":["Philosopher\u0027s Stone","Calling Bell"],"picked":"Inserter"}],"items_purged_floors":[11],"is_endless":false,"potions_floor_spawned":[1,8,16,22,28,35,42,46,47],"ascension_level":6}}