{"host":"a4s27ghlnr83kbqz","time":1610189075,"event":{"mods":["AchievementEnabler","BaseMod","Colored Map","Minty Spire (QoL Compilation)","Permanent Neow","SuperFastMode"],"gold_per_floor":[114,129,129,140,151,151,177,177,177,177,193,211,211,229,229,303,303,316,316,316,331,89,122,122,122,148,148,158,174,174,174,174],"floor_reached":31,"playtime":596,"items_purged":["Strike_R"],"score":539,"play_id":"00455978-1e9b-487f-a4b5-036fc88644fe","local_time":"20210109184435","is_ascension_mode":true,"campfire_choices":[{"data":"Searing Blow","floor":6,"key":"SMITH"},{"data":"Searing Blow+1","floor":8,"key":"SMITH"},{"data":"Searing Blow+2","floor":10,"key":"SMITH"},{"data":"Searing Blow+3","floor":13,"key":"SMITH"},{"data":"Searing Blow+4","floor":15,"key":"SMITH"},{"data":"Searing Blow+5","floor":24,"key":"SMITH"},{"data":"Searing Blow+6","floor":27,"key":"SMITH"},{"data":"Searing Blow+7","floor":30,"key":"SMITH"}],"circlet_count":0,"master_deck":["AscendersBane","Strike_R","Strike_R","Strike_R","Defend_R","Defend_R","Defend_R","Bash","Armaments","Clothesline","Power Through","Searing Blow+8","Evolve","Offering","Feed","Shrug It Off+1"],"relics":["Burning Blood","FaceOfCleric","Bag of Preparation","Pear","Sozu","Lee\u0027s Waffle","Ginger"],"acts_visited":["Exordium","TheCity"],"potions_floor_usage":[5,16],"damage_taken":[{"damage":14,"enemies":"Jaw Worm","floor":1,"turns":3},{"damage":6,"enemies":"Cultist","floor":2,"turns":3},{"damage":0,"enemies":"2 Louse","floor":4,"turns":3},{"damage":18,"enemies":"Exordium Thugs","floor":5,"turns":5},{"damage":45,"enemies":"3 Sentries","floor":7,"turns":10},{"damage":19,"enemies":"3 Louse","floor":11,"turns":4},{"damage":7,"enemies":"2 Fungi Beasts","floor":12,"turns":3},{"damage":0,"enemies":"Large Slime","floor":14,"turns":4},{"damage":8,"enemies":"Hexaghost","floor":16,"turns":7},{"damage":8,"enemies":"3 Byrds","floor":18,"turns":6},{"damage":19,"enemies":"Shell Parasite","floor":21,"turns":4},{"damage":32,"enemies":"Book of Stabbing","floor":23,"turns":4},{"damage":22,"enemies":"Snecko","floor":28,"turns":4},{"damage":36,"enemies":"Sentry and Sphere","floor":29,"turns":4},{"damage":33,"enemies":"3 Cultists","floor":31,"turns":5}],"seed_played":"-4460202696647743715","potions_obtained":[{"floor":2,"key":"ElixirPotion"},{"floor":4,"key":"BlessingOfTheForge"},{"floor":11,"key":"Ancient Potion"},{"floor":14,"key":"BlessingOfTheForge"}],"is_trial":false,"path_per_floor":["M","M","?","M","M","R","E","R","T","R","M","M","R","M","R","B",null,"M","?","?","M","$","E","R","?","T","R","M","M","R","M"],"character_chosen":"IRONCLAD","items_purchased":["Lee\u0027s Waffle"],"campfire_rested":0,"item_purchase_floors":[22],"current_hp_per_floor":[60,60,60,67,56,56,18,18,28,28,16,16,16,23,23,22,69,68,68,62,50,94,69,69,69,69,69,54,28,28,0,0],"gold":174,"neow_bonus":"REMOVE_TWO","is_daily":false,"chose_seed":false,"campfire_upgraded":8,"win_rate":0.0,"timestamp":1610189075,"path_taken":["M","M","?","M","M","R","E","R","T","R","M","?","R","M","R","BOSS","M","?","?","?","$","E","R","?","T","R","M","M","R","M"],"items_purchased_type":["Relic"],"build_version":"2020-12-22","purchased_purges":1,"victory":false,"max_hp_per_floor":[68,68,68,69,70,70,71,71,81,81,82,83,83,84,84,85,85,86,86,86,87,94,95,95,95,95,95,96,100,100,100,100],"card_choices":[{"not_picked":["Clash","Dark Embrace"],"picked":"Armaments","floor":1},{"not_picked":["Disarm","Burning Pact"],"picked":"Clothesline","floor":2},{"not_picked":["Entrench","True Grit"],"picked":"Power Through","floor":4},{"not_picked":["Intimidate","Armaments"],"picked":"Searing Blow","floor":5},{"not_picked":["Flex","Intimidate"],"picked":"Evolve","floor":7},{"not_picked":["Anger","Whirlwind","Twin Strike"],"picked":"SKIP","floor":11},{"not_picked":["Body Slam","Sever Soul","Sword Boomerang"],"picked":"SKIP","floor":12},{"not_picked":["Headbutt","Clash","Armaments"],"picked":"SKIP","floor":14},{"not_picked":["Bludgeon","Barricade"],"picked":"Offering","floor":16},{"not_picked":["Sword Boomerang","Body Slam","Iron Wave"],"picked":"SKIP","floor":18},{"not_picked":["Thunderclap","Rage"],"picked":"Feed","floor":21},{"not_picked":["Pummel","Intimidate","Iron Wave"],"picked":"SKIP","floor":23},{"not_picked":["Twin Strike","Disarm","Cleave"],"picked":"SKIP","floor":28},{"not_picked":["True Grit","Combust"],"picked":"Shrug It Off+1","floor":29}],"player_experience":1098070,"relics_obtained":[{"floor":7,"key":"Bag of Preparation"},{"floor":9,"key":"Pear"},{"floor":23,"key":"Ginger"}],"event_choices":[{"damage_healed":0,"gold_gain":0,"player_choice":"Trade","damage_taken":0,"relics_obtained":["FaceOfCleric"],"max_hp_gain":0,"max_hp_loss":0,"event_name":"FaceTrader","floor":3,"gold_loss":0},{"damage_healed":0,"gold_gain":0,"player_choice":"Ignored","damage_taken":0,"max_hp_gain":0,"max_hp_loss":0,"event_name":"Vampires","floor":19,"gold_loss":0},{"damage_healed":0,"gold_gain":0,"player_choice":"","damage_taken":6,"max_hp_gain":0,"max_hp_loss":0,"event_name":"Knowing Skull","floor":20,"potions_obtained":[],"gold_loss":0,"cards_obtained":[]},{"damage_healed":0,"gold_gain":0,"player_choice":"Ignored","damage_taken":0,"max_hp_gain":0,"max_hp_loss":0,"event_name":"Ghosts","floor":25,"gold_loss":0}],"is_beta":false,"boss_relics":[{"not_picked":["Fusion Hammer","Empty Cage"],"picked":"Sozu"}],"items_purged_floors":[22],"is_endless":false,"potions_floor_spawned":[2,4,11,14,18,21,29],"killed_by":"3 Cultists","ascension_level":20}}