{"host":"8xi53560pl5zaoq2","time":1610235489,"event":{"mods":["BaseMod","Colored Map","Highlight Path","Minty Spire (QoL Compilation)","StSLib","Synergy Search"],"gold_per_floor":[110,127,127,0,100,133,133,159,159,159,174,35,35,55,55,172,172,189,114,124,137,12,12,12,30,30,30,30,30],"floor_reached":28,"playtime":1563,"items_purged":["Regret","Defend_P","Strike_P"],"score":339,"play_id":"eea8f691-1c72-4665-99ab-0b5aa78105cd","local_time":"20210109163809","is_ascension_mode":true,"campfire_choices":[{"floor":7.0,"key":"REST"},{"floor":10.0,"key":"REST"},{"data":"Swivel","floor":13.0,"key":"SMITH"},{"data":"Swivel","floor":15.0,"key":"SMITH"},{"floor":23,"key":"REST"},{"data":"Vigilance","floor":27,"key":"SMITH"}],"circlet_count":0,"master_deck":["AscendersBane","Strike_P","Strike_P","Defend_P","Defend_P","Defend_P","Eruption","Vigilance+1","FollowUp","SandsOfTime","Protect","DeusExMachina","Evaluate","Swivel+1","Swivel+1","MasterReality","Alpha","CurseOfTheBell","Prostrate","CutThroughFate","Adaptation"],"relics":["PureWater","StoneCalendar","Bag of Marbles","Anchor","Sundial","Calling Bell","PreservedInsect","Shuriken","Incense Burner","Vajra"],"acts_visited":["Exordium","TheCity"],"potions_floor_usage":[19,21],"damage_taken":[{"damage":3.0,"enemies":"2 Louse","floor":1.0,"turns":3.0},{"damage":7.0,"enemies":"Small Slimes","floor":2.0,"turns":3.0},{"damage":30.0,"enemies":"3 Sentries","floor":6.0,"turns":7.0},{"damage":32.0,"enemies":"Gremlin Nob","floor":8.0,"turns":3.0},{"damage":0.0,"enemies":"Cultist","floor":11.0,"turns":2.0},{"damage":0.0,"enemies":"3 Louse","floor":14.0,"turns":3.0},{"damage":9.0,"enemies":"Hexaghost","floor":16.0,"turns":9.0},{"damage":14,"enemies":"3 Byrds","floor":18,"turns":7},{"damage":0,"enemies":"2 Thieves","floor":19,"turns":5},{"damage":9,"enemies":"Chosen and Byrds","floor":20,"turns":6},{"damage":10,"enemies":"Centurion and Healer","floor":21,"turns":6},{"damage":14,"enemies":"Snecko","floor":25,"turns":6},{"damage":31,"enemies":"3 Cultists","floor":28,"turns":5}],"seed_played":"-7805894062222726749","potions_obtained":[{"floor":8.0,"key":"ColorlessPotion"},{"floor":11.0,"key":"Swift Potion"},{"floor":14.0,"key":"DistilledChaos"},{"floor":16.0,"key":"Dexterity Potion"},{"floor":18,"key":"Dexterity Potion"},{"floor":20,"key":"Weak Potion"}],"is_trial":false,"path_per_floor":["M","M","?","$","?","E","R","E","T","R","M","$","R","M","R","B",null,"M","M","M","M","$","R","?","M","T","R","M"],"character_chosen":"WATCHER","items_purchased":["Protect","Swivel"],"campfire_rested":3,"item_purchase_floors":[4,12],"current_hp_per_floor":[62,55,55,55,55,25,46,14,14,35,35,35,35,35,35,26,61,47,47,38,28,28,49,49,35,35,35,4,4],"gold":30,"neow_bonus":"ONE_RARE_RELIC","is_daily":false,"chose_seed":false,"campfire_upgraded":3,"win_rate":0.0,"timestamp":1610235489,"path_taken":["M","M","?","$","?","E","R","E","T","R","M","$","R","M","R","BOSS","M","?","M","M","$","R","?","?","T","R","M"],"items_purchased_type":["Card","Card"],"build_version":"2020-12-22","purchased_purges":3,"victory":false,"max_hp_per_floor":[72,72,72,72,72,72,72,72,72,72,72,72,72,72,72,72,72,72,72,72,72,72,72,72,72,72,72,72,72],"card_choices":[{"not_picked":["DeceiveReality","Crescendo"],"picked":"FollowUp","floor":1.0},{"not_picked":["Crescendo","Collect"],"picked":"SandsOfTime","floor":2.0},{"not_picked":["DeceiveReality","Worship"],"picked":"DeusExMachina","floor":6.0},{"not_picked":["Crescendo","BowlingBash"],"picked":"Evaluate","floor":8.0},{"not_picked":["Meditate","Crescendo"],"picked":"Swivel","floor":11.0},{"not_picked":["JustLucky","Evaluate"],"picked":"MasterReality","floor":14.0},{"not_picked":["SpiritShield","LessonLearned"],"picked":"Alpha","floor":16.0},{"not_picked":["FlyingSleeves+1","Protect"],"picked":"Prostrate","floor":18},{"not_picked":["CutThroughFate","EmptyBody","CrushJoints"],"picked":"SKIP","floor":19},{"not_picked":["Pray","FlurryOfBlows"],"picked":"CutThroughFate","floor":20},{"not_picked":["MentalFortress+1","Indignation+1"],"picked":"Adaptation","floor":21},{"not_picked":["EmptyFist+1","CrushJoints","Evaluate"],"picked":"SKIP","floor":25}],"player_experience":1281897,"relics_obtained":[{"floor":6.0,"key":"Bag of Marbles"},{"floor":8.0,"key":"Anchor"},{"floor":9.0,"key":"Sundial"},{"floor":17,"key":"PreservedInsect"},{"floor":17,"key":"Shuriken"},{"floor":17,"key":"Incense Burner"},{"floor":26,"key":"Vajra"}],"event_choices":[{"damage_healed":0.0,"max_hp_gain":0.0,"max_hp_loss":0.0,"gold_gain":0.0,"event_name":"Liars Game","player_choice":"Ignored","floor":3.0,"gold_loss":0.0,"damage_taken":0.0},{"damage_healed":0.0,"max_hp_gain":0.0,"max_hp_loss":0.0,"gold_gain":100.0,"event_name":"Golden Shrine","player_choice":"Pray","floor":5.0,"gold_loss":0.0,"damage_taken":0.0},{"cards_removed":["Strike_P"],"damage_healed":0,"gold_gain":0,"player_choice":"Purged","damage_taken":0,"max_hp_gain":0,"max_hp_loss":0,"event_name":"Purifier","floor":24,"gold_loss":0}],"is_beta":false,"boss_relics":[{"not_picked":["Astrolabe","Snecko Eye"],"picked":"Calling Bell"}],"items_purged_floors":[4,12,22],"is_endless":false,"potions_floor_spawned":[8,11,14,16,18,20],"killed_by":"3 Cultists","ascension_level":10}}