{"host":"Jinnai","time":1610171434,"event":{"mods":["BaseMod","Bestiary","Block Reminder","Colored Map","Colored Powertips","Highlight Path","Minty Spire (QoL Compilation)","Quick Restart","Relic Stats","StSLib"],"gold_per_floor":[113,131,149,149,50,50,81,81,81,94,119,139,155,107,107,178,178,198,41,41,41,51,51,51,51,125,137,137,137],"floor_reached":28,"playtime":1529,"items_purged":[],"score":447,"play_id":"5cb77bd7-bc96-44ff-81a0-9fc15b961712","local_time":"20210109005034","is_ascension_mode":true,"campfire_choices":[{"data":"Slice","floor":6.0,"key":"SMITH"},{"data":"Well Laid Plans","floor":8.0,"key":"SMITH"},{"floor":15.0,"key":"REST"},{"data":"Burst","floor":23,"key":"SMITH"}],"circlet_count":0,"master_deck":["AscendersBane","Defend_G","Defend_G","Defend_G","Survivor","Neutralize+1","PiercingWail","Dagger Throw","Slice+1","Well Laid Plans+1","Poisoned Stab","PiercingWail","Phantasmal Killer","Leg Sweep","Cloak And Dagger","Burst+1","Footwork","Footwork","Cloak And Dagger","Bite","Bite","Bite","Bite","Bite","Burst+1","Dash"],"relics":["Ring of the Snake","Art of War","Matryoshka","MealTicket","Empty Cage","Lee\u0027s Waffle","Regal Pillow","Pantograph"],"acts_visited":["Exordium","TheCity"],"potions_floor_usage":[],"damage_taken":[{"damage":0.0,"enemies":"Small Slimes","floor":1.0,"turns":4.0},{"damage":0.0,"enemies":"Cultist","floor":2.0,"turns":5.0},{"damage":2.0,"enemies":"2 Louse","floor":3.0,"turns":3.0},{"damage":14.0,"enemies":"3 Sentries","floor":7.0,"turns":9.0},{"damage":11.0,"enemies":"Blue Slaver","floor":10.0,"turns":3.0},{"damage":27.0,"enemies":"Lagavulin","floor":11.0,"turns":8.0},{"damage":3.0,"enemies":"Large Slime","floor":12.0,"turns":7.0},{"damage":3.0,"enemies":"Exordium Thugs","floor":13.0,"turns":6.0},{"damage":9.0,"enemies":"The Guardian","floor":16.0,"turns":11.0},{"damage":50,"enemies":"3 Byrds","floor":18,"turns":10},{"damage":28,"enemies":"Spheric Guardian","floor":22,"turns":9},{"damage":48,"enemies":"Centurion and Healer","floor":27,"turns":19},{"damage":57,"enemies":"Gremlin Leader","floor":28,"turns":5}],"seed_played":"-8339616650427846810","potions_obtained":[{"floor":2.0,"key":"Energy Potion"},{"floor":7.0,"key":"SkillPotion"}],"is_trial":false,"path_per_floor":["M","M","M","?","$","R","E","R","T","M","E","M","M","?","R","B",null,"M","$","?","?","M","R","?","?","T","M","E"],"character_chosen":"THE_SILENT","items_purchased":["Well Laid Plans","SteroidPotion","Lee\u0027s Waffle"],"campfire_rested":1,"item_purchase_floors":[5,5,19],"current_hp_per_floor":[65,65,63,63,63,63,49,49,49,38,11,8,5,5,26,17,58,8,79,79,79,51,51,51,51,51,41,0,0],"gold":137,"neow_bonus":"TEN_PERCENT_HP_BONUS","is_daily":false,"chose_seed":false,"campfire_upgraded":3,"win_rate":0.0,"timestamp":1610171434,"path_taken":["M","M","M","?","$","R","E","R","T","M","E","M","?","?","R","BOSS","M","$","?","?","?","R","?","?","T","?","E"],"items_purchased_type":["Card","Potion","Relic"],"build_version":"2020-12-18","purchased_purges":0,"victory":false,"max_hp_per_floor":[72,72,72,72,72,72,72,72,72,72,72,72,72,72,72,72,72,72,79,79,79,79,79,55,55,55,55,55,55],"relic_stats":{"Lee\u0027s Waffle":56,"Regal Pillow":0,"counters":[13,99],"Pantograph":0,"MealTicket":15,"Art of War":[8],"obtain_stats":[{"Lee\u0027s Waffle":19,"Regal Pillow":26,"Matryoshka":9,"Pantograph":26,"MealTicket":11,"Art of War":7,"Empty Cage":17,"Ring of the Snake":0},{"Lee\u0027s Waffle":10,"Regal Pillow":11,"Matryoshka":4,"Pantograph":11,"MealTicket":6,"Art of War":4,"Empty Cage":9,"Ring of the Snake":0},{"Lee\u0027s Waffle":66,"Regal Pillow":75,"Matryoshka":21,"Pantograph":75,"MealTicket":32,"Art of War":21,"Empty Cage":56,"Ring of the Snake":0}],"Ring of the Snake":[26]},"card_choices":[{"not_picked":["Accuracy","Prepared"],"picked":"PiercingWail","floor":1.0},{"not_picked":["Bane","Deflect"],"picked":"Dagger Throw","floor":2.0},{"not_picked":["Deadly Poison","Concentrate"],"picked":"Slice","floor":3.0},{"not_picked":["Quick Slash","Outmaneuver"],"picked":"Poisoned Stab","floor":7.0},{"not_picked":["Deadly Poison","Concentrate"],"picked":"PiercingWail","floor":10.0},{"not_picked":["Poisoned Stab","Unload"],"picked":"Phantasmal Killer","floor":11.0},{"not_picked":["Sucker Punch","Cloak And Dagger"],"picked":"Leg Sweep","floor":12.0},{"not_picked":["Prepared","Outmaneuver"],"picked":"Cloak And Dagger","floor":13.0},{"not_picked":["Doppelganger","Unload"],"picked":"Burst","floor":16.0},{"not_picked":["Slice","Deflect"],"picked":"Footwork","floor":18},{"not_picked":["Slice","Masterful Stab"],"picked":"Cloak And Dagger","floor":22},{"not_picked":["Concentrate","Infinite Blades"],"picked":"Dash","floor":27}],"player_experience":1501673,"relics_obtained":[{"floor":7.0,"key":"Art of War"},{"floor":9.0,"key":"Matryoshka"},{"floor":11.0,"key":"MealTicket"},{"floor":26,"key":"Regal Pillow"},{"floor":26,"key":"Pantograph"}],"event_choices":[{"damage_healed":0.0,"max_hp_gain":0.0,"max_hp_loss":0.0,"gold_gain":0.0,"event_name":"Upgrade Shrine","player_choice":"Upgraded","floor":4.0,"gold_loss":0.0,"damage_taken":0.0,"cards_upgraded":["Neutralize"]},{"damage_healed":0.0,"max_hp_gain":0.0,"max_hp_loss":0.0,"gold_gain":0.0,"event_name":"World of Goop","player_choice":"Left Gold","floor":14.0,"gold_loss":48.0,"damage_taken":0.0},{"damage_healed":0,"gold_gain":0,"player_choice":"Read","damage_taken":0,"max_hp_gain":0,"max_hp_loss":0,"event_name":"The Library","floor":20,"gold_loss":0,"cards_obtained":["Footwork"]},{"cards_removed":["Defend_G"],"damage_healed":0,"gold_gain":0,"player_choice":"Purged","damage_taken":0,"max_hp_gain":0,"max_hp_loss":0,"event_name":"Purifier","floor":21,"gold_loss":0},{"damage_healed":0,"gold_gain":0,"player_choice":"Became a vampire","damage_taken":0,"max_hp_gain":0,"max_hp_loss":24,"event_name":"Vampires","floor":24,"gold_loss":0,"cards_obtained":["Bite","Bite","Bite","Bite","Bite"]},{"damage_healed":0,"gold_gain":0,"player_choice":"Copied","damage_taken":0,"max_hp_gain":0,"max_hp_loss":0,"event_name":"Duplicator","floor":25,"gold_loss":0,"cards_obtained":["Burst"]}],"is_beta":true,"boss_relics":[{"not_picked":["SacredBark","Philosopher\u0027s Stone"],"picked":"Empty Cage"}],"items_purged_floors":[],"is_endless":false,"potions_floor_spawned":[2,7,10,12],"killed_by":"Gremlin Leader","ascension_level":17}}