{"host":"v711dtdb46xe9u7l","time":1610213816,"event":{"mods":["BaseMod","Minty Spire (QoL Compilation)","StSLib"],"gold_per_floor":[114,114,129,144,159,159,174,189,239,269,337,398,248,278,278,403,403,418,418,433,433,459,459,474,474,499,529,544,69,99,114,114,214,214,229,244,244,284,299,329,329,359,359,389,389,412,427,427,427,427],"floor_reached":51,"playtime":4021,"items_purged":["Grand Finale"],"score":887,"play_id":"58714fac-88bd-46b7-8115-d27d61986746","local_time":"20210109173656","daily_mods":["Shiny","Green Cards","Terminal"],"is_ascension_mode":false,"campfire_choices":[{"data":"DevaForm","floor":6,"key":"SMITH"},{"data":"Bullet Time","floor":15,"key":"SMITH"},{"data":"Omniscience","floor":23,"key":"SMITH"},{"data":"Venomology","floor":25,"key":"SMITH"},{"data":"Wraith Form v2","floor":32,"key":"SMITH"},{"floor":41,"key":"REST"},{"data":"Scrawl","floor":45,"key":"SMITH"},{"data":"WreathOfFlame","floor":49,"key":"SMITH"}],"circlet_count":0,"master_deck":["Venomology+1","Corpse Explosion","Malaise","Phantasmal Killer","Die Die Die+1","Adrenaline","Envenom","Doppelganger","Burst","Wraith Form v2+1","Tools of the Trade","Night Terror","Unload","After Image","Bullet Time+1","Storm of Steel","Glass Knife","A Thousand Cuts","Judgement","ConjureBlade","MasterReality","Brilliance","Devotion","Blasphemy","Ragnarok+1","LessonLearned","Scrawl+1","Vault+1","Alpha","Wish","Omniscience+1","Establishment+1","SpiritShield+1","DevaForm+1","DeusExMachina","Quick Slash","SandsOfTime","Quick Slash","CutThroughFate","Backflip+1","Backflip","WreathOfFlame+1","WheelKick","CutThroughFate","Concentrate","ThirdEye+1","Malaise","EmptyBody+1","ThirdEye+1","EmptyMind","Dash","WaveOfTheHand+1","Malaise+1","Madness+1","Madness+1","DeceiveReality+1"],"relics":["PureWater","Bird Faced Urn","Juzu Bracelet","Letter Opener","Bronze Scales","Orrery","Unceasing Top","Black Star","Nilry\u0027s Codex","White Beast Statue","Red Mask","MealTicket","Gambling Chip","Mango","ClockworkSouvenir","Frozen Egg 2","Toxic Egg 2","Lantern","Busted Crown","StrikeDummy","War Paint","Blood Vial","Singing Bowl","FossilizedHelix","Pear","Omamori","Girya"],"acts_visited":["Exordium","TheCity","TheBeyond"],"potions_floor_usage":[11,11,20,22,22,22,27,30,39,39,40,40,40,42,42,44,46,46,47,50,50,50],"damage_taken":[{"damage":0,"enemies":"Small Slimes","floor":1,"turns":2},{"damage":0,"enemies":"2 Louse","floor":3,"turns":2},{"damage":0,"enemies":"Jaw Worm","floor":4,"turns":2},{"damage":0,"enemies":"Looter","floor":5,"turns":3},{"damage":0,"enemies":"Gremlin Gang","floor":7,"turns":4},{"damage":0,"enemies":"2 Fungi Beasts","floor":8,"turns":2},{"damage":4,"enemies":"3 Sentries","floor":10,"turns":4},{"damage":0,"enemies":"3 Sentries","floor":11,"turns":1},{"damage":5,"enemies":"Gremlin Nob","floor":14,"turns":3},{"damage":32,"enemies":"The Guardian","floor":16,"turns":10},{"damage":0,"enemies":"Spheric Guardian","floor":18,"turns":1},{"damage":0,"enemies":"Shell Parasite","floor":20,"turns":5},{"damage":17,"enemies":"Masked Bandits","floor":22,"turns":4},{"damage":3,"enemies":"Shelled Parasite and Fungi","floor":24,"turns":6},{"damage":16,"enemies":"Book of Stabbing","floor":27,"turns":6},{"damage":0,"enemies":"3 Cultists","floor":28,"turns":2},{"damage":4,"enemies":"Gremlin Leader","floor":30,"turns":6},{"damage":4,"enemies":"Centurion and Healer","floor":31,"turns":3},{"damage":31,"enemies":"Automaton","floor":33,"turns":9},{"damage":0,"enemies":"Orb Walker","floor":35,"turns":2},{"damage":0,"enemies":"3 Darklings","floor":36,"turns":2},{"damage":53,"enemies":"Writhing Mass","floor":38,"turns":7},{"damage":0,"enemies":"4 Shapes","floor":39,"turns":4},{"damage":25,"enemies":"Reptomancer","floor":40,"turns":5},{"damage":0,"enemies":"Nemesis","floor":42,"turns":11},{"damage":0,"enemies":"Reptomancer","floor":44,"turns":7},{"damage":0,"enemies":"2 Orb Walkers","floor":46,"turns":3},{"damage":0,"enemies":"Transient","floor":47,"turns":6},{"damage":2,"enemies":"Donu and Deca","floor":50,"turns":9}],"seed_played":"579003938715623652","potions_obtained":[{"floor":3,"key":"ColorlessPotion"},{"floor":7,"key":"DuplicationPotion"},{"floor":14,"key":"LiquidMemories"},{"floor":16,"key":"Swift Potion"},{"floor":22,"key":"Ancient Potion"},{"floor":24,"key":"FairyPotion"},{"floor":27,"key":"Energy Potion"},{"floor":38,"key":"Dexterity Potion"},{"floor":39,"key":"BlessingOfTheForge"},{"floor":40,"key":"Swift Potion"},{"floor":42,"key":"DistilledChaos"},{"floor":44,"key":"Weak Potion"},{"floor":46,"key":"SkillPotion"},{"floor":47,"key":"EntropicBrew"}],"is_trial":false,"path_per_floor":["M","?","M","M","M","R","M","M","T","E","?","?","$","E","R","B",null,"M","?","M","?","?","R","M","R","T","E","M","$","E","M","R","B",null,"M","M","?","M","M","E","R","E","T","E","R","?","M","?","R","B",null],"character_chosen":"WATCHER","items_purchased":["Orrery","ClockworkSouvenir","Frozen Egg 2"],"campfire_rested":1,"item_purchase_floors":[13,29,29],"current_hp_per_floor":[70,45,53,55,59,59,61,61,61,57,59,59,58,53,53,31,54,53,37,39,39,30,30,35,35,35,41,41,56,55,51,51,24,51,50,49,43,14,20,1,14,39,39,55,54,55,56,57,56,55],"gold":427,"neow_bonus":"","is_daily":true,"chose_seed":false,"campfire_upgraded":7,"win_rate":0.0,"timestamp":1610213816,"path_taken":["M","?","M","M","M","R","M","M","T","E","?","?","$","E","R","BOSS","M","?","M","?","?","R","M","R","T","E","M","$","E","M","R","BOSS","M","M","?","M","M","E","R","E","T","E","R","?","M","?","R","BOSS"],"items_purchased_type":["Relic","Relic","Relic"],"build_version":"2020-12-22","purchased_purges":1,"victory":true,"max_hp_per_floor":[70,69,68,67,66,65,64,63,62,61,60,59,58,57,56,55,54,53,52,51,50,49,48,47,46,45,58,57,56,55,54,53,52,51,50,49,48,47,46,45,44,45,44,55,54,55,56,57,56,55],"card_choices":[{"not_picked":["Fasting2","Prepared"],"picked":"Quick Slash","floor":1},{"not_picked":["Blade Dance","Outmaneuver"],"picked":"SandsOfTime","floor":3},{"not_picked":["Prepared","Sucker Punch"],"picked":"Quick Slash","floor":4},{"not_picked":["Wireheading","Adaptation"],"picked":"CutThroughFate","floor":5},{"not_picked":["Unload","Distraction","ClearTheMind"],"picked":"SKIP","floor":7},{"not_picked":["PathToVictory","CrushJoints","Prepared"],"picked":"SKIP","floor":8},{"not_picked":["Study","Prostrate","Backstab"],"picked":"SKIP","floor":10},{"not_picked":["Catalyst","Evaluate"],"picked":"Backflip","floor":11},{"not_picked":["Prepared","FlyingSleeves"],"picked":"Backflip","floor":13},{"not_picked":["PathToVictory","EmptyFist"],"picked":"WreathOfFlame","floor":13},{"not_picked":["Crescendo","JustLucky"],"picked":"WheelKick","floor":13},{"not_picked":["Outmaneuver","Crescendo"],"picked":"CutThroughFate","floor":13},{"not_picked":["Crescendo","Masterful Stab"],"picked":"Concentrate","floor":13},{"not_picked":["Devotion","Consecrate"],"picked":"ThirdEye","floor":14},{"not_picked":["Glass Knife","Storm of Steel"],"picked":"Malaise","floor":16},{"not_picked":["WheelKick","Predator"],"picked":"EmptyBody+1","floor":18},{"not_picked":["Conclude","Halt"],"picked":"ThirdEye+1","floor":20},{"not_picked":["Sucker Punch","Bane+1"],"picked":"EmptyMind","floor":22},{"not_picked":["Conclude","Deflect"],"picked":"Dash","floor":24},{"not_picked":["Bouncing Flask","SandsOfTime","SignatureMove"],"picked":"SKIP","floor":27},{"not_picked":["Burst","CutThroughFate+1","Concentrate"],"picked":"SKIP","floor":28},{"not_picked":["TalkToTheHand","PathToVictory+1"],"picked":"WaveOfTheHand+1","floor":30},{"not_picked":["Dash","WheelKick","SignatureMove+1"],"picked":"SKIP","floor":31},{"not_picked":["Scrawl+1","DeusExMachina+1"],"picked":"Malaise+1","floor":33},{"not_picked":["Pray+1"],"picked":"SKIP","floor":35},{"not_picked":["Prepared+1"],"picked":"SKIP","floor":36},{"not_picked":[],"picked":"DeceiveReality+1","floor":38},{"not_picked":["Concentrate+1"],"picked":"SKIP","floor":39},{"not_picked":["PathToVictory+1"],"picked":"SKIP","floor":40},{"not_picked":["Eviscerate"],"picked":"Singing Bowl","floor":42},{"not_picked":["Outmaneuver+1"],"picked":"Singing Bowl","floor":44},{"not_picked":["Prostrate+1"],"picked":"Singing Bowl","floor":46},{"not_picked":["Underhanded Strike"],"picked":"Singing Bowl","floor":47},{"not_picked":["Jack Of All Trades+1"],"picked":"Singing Bowl","floor":48}],"player_experience":310087,"relics_obtained":[{"floor":9,"key":"Juzu Bracelet"},{"floor":10,"key":"Letter Opener"},{"floor":11,"key":"Bronze Scales"},{"floor":14,"key":"Unceasing Top"},{"floor":19,"key":"Nilry\u0027s Codex"},{"floor":22,"key":"Red Mask"},{"floor":26,"key":"MealTicket"},{"floor":27,"key":"Gambling Chip"},{"floor":27,"key":"Mango"},{"floor":30,"key":"Toxic Egg 2"},{"floor":30,"key":"Lantern"},{"floor":40,"key":"StrikeDummy"},{"floor":40,"key":"War Paint"},{"floor":42,"key":"Blood Vial"},{"floor":42,"key":"Singing Bowl"},{"floor":43,"key":"FossilizedHelix"},{"floor":44,"key":"Pear"},{"floor":44,"key":"Omamori"},{"floor":46,"key":"Girya"}],"event_choices":[{"damage_healed":0,"gold_gain":0,"player_choice":"Success","damage_taken":25,"relics_obtained":["Bird Faced Urn"],"max_hp_gain":0,"max_hp_loss":0,"event_name":"Scrap Ooze","floor":2,"gold_loss":0},{"damage_healed":0,"gold_gain":0,"player_choice":"Searched \u00271\u0027 times","damage_taken":0,"max_hp_gain":0,"max_hp_loss":0,"event_name":"Dead Adventurer","floor":11,"gold_loss":0},{"damage_healed":0,"gold_gain":61,"player_choice":"Gained Gold","damage_taken":0,"max_hp_gain":0,"max_hp_loss":0,"event_name":"Golden Wing","floor":12,"gold_loss":0},{"damage_healed":0,"gold_gain":0,"player_choice":"Obtained Book","damage_taken":16,"max_hp_gain":0,"max_hp_loss":0,"event_name":"Cursed Tome","floor":19,"gold_loss":0},{"damage_healed":0,"gold_gain":0,"player_choice":"Gave Potion","damage_taken":0,"relics_obtained":["White Beast Statue"],"max_hp_gain":0,"max_hp_loss":0,"event_name":"WeMeetAgain","floor":21,"gold_loss":0},{"damage_healed":0,"gold_gain":0,"player_choice":"Fought Bandits","damage_taken":0,"max_hp_gain":0,"max_hp_loss":0,"event_name":"Masked Bandits","floor":22,"gold_loss":0},{"damage_healed":0,"gold_gain":0,"player_choice":"Embrace Madness","damage_taken":6,"max_hp_gain":0,"max_hp_loss":0,"event_name":"Winding Halls","floor":37,"gold_loss":0,"cards_obtained":["Madness","Madness"]},{"damage_healed":0,"gold_gain":0,"player_choice":"Fight","damage_taken":0,"max_hp_gain":0,"max_hp_loss":0,"event_name":"Mysterious Sphere","floor":46,"gold_loss":0},{"damage_healed":0,"gold_gain":0,"player_choice":"Memory 1","damage_taken":0,"max_hp_gain":0,"max_hp_loss":0,"event_name":"SensoryStone","floor":48,"gold_loss":0}],"is_beta":false,"boss_relics":[{"not_picked":["VioletLotus","Snecko Eye"],"picked":"Black Star"},{"not_picked":["HolyWater","Runic Pyramid"],"picked":"Busted Crown"}],"items_purged_floors":[29],"is_endless":false,"potions_floor_spawned":[3,7,14,16,20,22,24,27,28,30,31,33,35,36,38,39,40,42,44,46,47],"ascension_level":0}}