{"host":"7qf1todfnxspvw7w","time":1610152020,"event":{"mods":["AchievementEnabler","BaseMod","Block Reminder","Colored Powertips","Disable Question Mark Monsters","Displayed Cursed Tome","Googly Eyes","Minty Spire (QoL Compilation)","Poor People Problems","Rare Cards Sparkle","Relic Stats","Reorder Act Four","SacredBarkPlus","StSLib","Uncapped"],"gold_per_floor":[111,36,56,56,72,72,89,122,176,209,109,129,129,129,129,233,233,243,243,168,181,56,56,56,56,82,99,99,118,118,132,132,233,233,245,245,95,35,46,76,76,87,87,122,122,172,172,218,218,218,218],"floor_reached":50,"playtime":1410,"items_purged":["Strike_R","Defend_R","Strike_R","Strike_R"],"score":531,"play_id":"7276ded8-517c-445c-8b3a-a537d5e8b4b6","local_time":"20210109032700","is_ascension_mode":false,"campfire_choices":[{"data":"Bash","floor":6,"key":"SMITH"},{"floor":13,"key":"REST"},{"data":"Shrug It Off","floor":15,"key":"SMITH"},{"data":"Clash","floor":23,"key":"SMITH"},{"data":"Dropkick","floor":25,"key":"SMITH"},{"data":"Defend_R","floor":28,"key":"SMITH"},{"data":"Defend_R","floor":32,"key":"SMITH"},{"floor":41,"key":"REST"},{"data":"Defend_R+1","floor":47,"key":"PURGE"},{"data":"Strike_R","floor":49,"key":"PURGE"}],"circlet_count":0,"master_deck":["Bash+1","Clash+1","Dropkick+1","Shrug It Off+1"],"relics":["Burning Blood","NeowsBlessing","InkBottle","Art of War","Regal Pillow","Sozu","MutagenicStrength","Omamori","SlaversCollar","Mummified Hand","HornCleat","Charon\u0027s Ashes","PreservedInsect","Peace Pipe","Smiling Mask"],"acts_visited":["Exordium","TheCity","TheBeyond"],"potions_floor_usage":[16,16,16],"damage_taken":[{"damage":0,"enemies":"Cultist","floor":1,"turns":1},{"damage":0,"enemies":"Small Slimes","floor":3,"turns":1},{"damage":0,"enemies":"2 Louse","floor":5,"turns":1},{"damage":9,"enemies":"Blue Slaver","floor":7,"turns":3},{"damage":28,"enemies":"Gremlin Nob","floor":8,"turns":4},{"damage":39,"enemies":"3 Sentries","floor":10,"turns":9},{"damage":11,"enemies":"3 Louse","floor":12,"turns":4},{"damage":40,"enemies":"The Guardian","floor":16,"turns":9},{"damage":0,"enemies":"3 Byrds","floor":18,"turns":7},{"damage":7,"enemies":"Shell Parasite","floor":21,"turns":3},{"damage":16,"enemies":"Snake Plant","floor":27,"turns":3},{"damage":0,"enemies":"Snecko","floor":29,"turns":3},{"damage":2,"enemies":"Shelled Parasite and Fungi","floor":31,"turns":4},{"damage":169,"enemies":"Collector","floor":33,"turns":12},{"damage":2,"enemies":"3 Shapes","floor":35,"turns":4},{"damage":2,"enemies":"3 Darklings","floor":39,"turns":7},{"damage":53,"enemies":"Reptomancer","floor":40,"turns":8},{"damage":0,"enemies":"Writhing Mass","floor":42,"turns":5},{"damage":0,"enemies":"Giant Head","floor":44,"turns":6},{"damage":0,"enemies":"Mind Bloom Boss Battle","floor":46,"turns":5},{"damage":92,"enemies":"Time Eater","floor":50,"turns":8}],"seed_played":"6972386663053419592","potions_obtained":[{"floor":3,"key":"EssenceOfSteel"},{"floor":5,"key":"LiquidBronze"},{"floor":10,"key":"ColorlessPotion"}],"is_trial":false,"path_per_floor":["M","$","M","$","M","R","M","E","T","E","$","M","R","?","R","B",null,"M","?","?","M","$","R","?","R","T","M","R","M","?","M","R","B",null,"M","?","$","?","M","E","R","M","T","E","?","?","R","T","R","B"],"character_chosen":"IRONCLAD","items_purchased":[],"campfire_rested":2,"item_purchase_floors":[],"current_hp_per_floor":[80,80,80,80,80,80,77,55,55,22,22,17,56,56,56,22,80,80,80,80,79,79,79,79,79,79,69,69,75,80,80,80,25,80,80,80,80,80,80,33,72,78,78,80,76,76,76,76,76,0,0],"gold":218,"neow_bonus":"THREE_ENEMY_KILL","is_daily":false,"chose_seed":false,"campfire_upgraded":6,"win_rate":0.0,"timestamp":1610152020,"path_taken":["M","$","M","$","M","R","M","E","T","E","$","?","R","?","R","BOSS","M","?","?","M","$","R","?","R","T","?","R","M","?","M","R","BOSS","M","?","$","?","M","E","R","?","T","E","?","?","R","?","R","BOSS"],"items_purchased_type":[],"build_version":"2020-12-22","purchased_purges":4,"victory":false,"max_hp_per_floor":[80,80,80,80,80,80,80,80,80,80,80,80,80,80,80,80,80,80,80,80,80,80,80,80,80,80,80,80,80,80,80,80,80,80,80,80,80,80,80,80,80,80,80,80,76,76,76,76,76,76,76],"relic_stats":{"Sozu":6,"Peace Pipe":2,"Regal Pillow":30,"counters":[21,107],"Mummified Hand":[0],"Charon\u0027s Ashes":[0],"PreservedInsect":0,"Art of War":[1],"Smiling Mask":0,"obtain_stats":[{"Regal Pillow":10,"NeowsBlessing":0,"Charon\u0027s Ashes":43,"PreservedInsect":44,"Omamori":26,"Smiling Mask":48,"Burning Blood":0,"Sozu":17,"Peace Pipe":46,"SlaversCollar":34,"HornCleat":40,"Mummified Hand":38,"MutagenicStrength":19,"Art of War":9,"InkBottle":8},{"Regal Pillow":6,"NeowsBlessing":0,"Charon\u0027s Ashes":18,"PreservedInsect":19,"Omamori":10,"Smiling Mask":20,"Burning Blood":0,"Sozu":8,"Peace Pipe":20,"SlaversCollar":14,"HornCleat":17,"Mummified Hand":15,"MutagenicStrength":9,"Art of War":5,"InkBottle":5},{"Regal Pillow":19,"NeowsBlessing":0,"Charon\u0027s Ashes":88,"PreservedInsect":94,"Omamori":42,"Smiling Mask":99,"Burning Blood":0,"Sozu":32,"Peace Pipe":99,"SlaversCollar":64,"HornCleat":83,"Mummified Hand":68,"MutagenicStrength":39,"Art of War":10,"InkBottle":10}],"Burning Blood":74,"InkBottle":[38]},"card_choices":[{"not_picked":["Armaments","Anger"],"picked":"Clash","floor":1},{"not_picked":["Clothesline","Headbutt"],"picked":"Dropkick","floor":3},{"not_picked":["Perfected Strike","Sword Boomerang","Armaments"],"picked":"SKIP","floor":5},{"not_picked":["Dark Embrace","Clash","Sword Boomerang"],"picked":"SKIP","floor":7},{"not_picked":["Disarm","Anger","Double Tap"],"picked":"SKIP","floor":8},{"not_picked":["Wild Strike","Power Through","Bloodletting"],"picked":"SKIP","floor":10},{"not_picked":["Havoc","Entrench"],"picked":"Shrug It Off","floor":12},{"not_picked":["Clothesline","Body Slam+1","Warcry"],"picked":"SKIP","floor":18},{"not_picked":["Spot Weakness","Thunderclap+1","Wild Strike"],"picked":"SKIP","floor":21},{"not_picked":["Bloodletting","Dark Embrace","Flex"],"picked":"SKIP","floor":27},{"not_picked":["Twin Strike","Cleave+1","Immolate"],"picked":"SKIP","floor":29},{"not_picked":["Cleave","Uppercut","Shrug It Off"],"picked":"SKIP","floor":31},{"not_picked":["Spot Weakness","Shrug It Off+1","Headbutt+1"],"picked":"SKIP","floor":35},{"not_picked":["Flame Barrier+1","Sentinel","Combust+1"],"picked":"SKIP","floor":39},{"not_picked":["Seeing Red+1","Power Through","Inflame+1"],"picked":"SKIP","floor":40},{"not_picked":["Headbutt+1","Armaments","Cleave"],"picked":"SKIP","floor":42},{"not_picked":["Pommel Strike+1","Clash+1","Spot Weakness+1"],"picked":"SKIP","floor":44}],"player_experience":497735,"relics_obtained":[{"floor":8,"key":"InkBottle"},{"floor":9,"key":"Art of War"},{"floor":10,"key":"Regal Pillow"},{"floor":26,"key":"Omamori"},{"floor":40,"key":"HornCleat"},{"floor":43,"key":"Charon\u0027s Ashes"},{"floor":44,"key":"PreservedInsect"},{"floor":46,"key":"Peace Pipe"},{"floor":48,"key":"Smiling Mask"}],"event_choices":[{"cards_removed":["Strike_R"],"damage_healed":0,"gold_gain":0,"player_choice":"Forget","damage_taken":0,"max_hp_gain":0,"max_hp_loss":0,"event_name":"Living Wall","floor":14,"gold_loss":0},{"damage_healed":0,"gold_gain":0,"player_choice":"Inject Mutagens","damage_taken":0,"relics_obtained":["MutagenicStrength"],"max_hp_gain":0,"max_hp_loss":0,"event_name":"Drug Dealer","floor":19,"gold_loss":0},{"cards_removed":["Defend_R"],"damage_healed":0,"gold_gain":0,"player_choice":"Gave Gold","damage_taken":0,"max_hp_gain":0,"max_hp_loss":0,"event_name":"Beggar","floor":20,"gold_loss":75},{"damage_healed":0,"gold_gain":0,"player_choice":"0 cards matched","damage_taken":0,"max_hp_gain":0,"max_hp_loss":0,"event_name":"Match and Keep!","floor":24,"gold_loss":0,"cards_obtained":[]},{"damage_healed":26,"gold_gain":0,"player_choice":"Heal","damage_taken":0,"max_hp_gain":0,"max_hp_loss":0,"event_name":"The Library","floor":30,"gold_loss":0},{"cards_removed":["Defend_R"],"damage_healed":0,"gold_gain":0,"player_choice":"Removed Skill","damage_taken":0,"max_hp_gain":0,"max_hp_loss":0,"event_name":"Falling","floor":36,"gold_loss":0},{"damage_healed":0,"gold_gain":0,"player_choice":"Paid Gold","damage_taken":0,"relics_obtained":["Mummified Hand"],"max_hp_gain":0,"max_hp_loss":0,"event_name":"WeMeetAgain","floor":38,"gold_loss":60},{"damage_healed":0,"gold_gain":0,"player_choice":"Max HP","damage_taken":0,"max_hp_gain":0,"max_hp_loss":4,"event_name":"Winding Halls","floor":45,"gold_loss":0},{"damage_healed":0,"gold_gain":0,"player_choice":"Fight","damage_taken":0,"max_hp_gain":0,"max_hp_loss":0,"event_name":"MindBloom","floor":46,"gold_loss":0}],"is_beta":false,"boss_relics":[{"not_picked":["Snecko Eye","Velvet Choker"],"picked":"Sozu"},{"not_picked":["Runic Pyramid","Coffee Dripper"],"picked":"SlaversCollar"}],"items_purged_floors":[2,11,22,37],"is_endless":false,"potions_floor_spawned":[3,5,10,27,29,33,39,42,44],"killed_by":"Time Eater","ascension_level":0}}