{"host":"j4g6ia6asvpyu2b0","time":1610203674,"event":{"mods":["BaseMod","Colored Map","Minty Spire (QoL Compilation)","Permanent Neow","Quick Restart","Relic Stats","StSLib","Unceasing Turn Reminder"],"gold_per_floor":[116,129,304,122,138,138,172,172,172,172,172,202,172,201,201,201,201],"floor_reached":16,"playtime":266,"items_purged":["Doubt"],"score":154,"play_id":"43268b0f-1021-4529-966f-72444b75acf5","local_time":"20210109074754","is_ascension_mode":true,"campfire_choices":[{"data":"Defragment","floor":6.0,"key":"SMITH"},{"data":"Genetic Algorithm","floor":8,"key":"SMITH"},{"data":"Loop","floor":11,"key":"SMITH"},{"data":"Loop","floor":15,"key":"SMITH"}],"circlet_count":0,"master_deck":["Strike_B","Strike_B","Strike_B","Strike_B","Defend_B","Defend_B","Defend_B","Defend_B+1","Zap+1","Dualcast","The Bomb+1","Loop+1","Genetic Algorithm+1","Defragment+1","Sunder","Streamline","Static Discharge","Loop+1"],"relics":["Cracked Core","DataDisk","Toxic Egg 2","War Paint"],"acts_visited":["Exordium"],"potions_floor_usage":[16],"damage_taken":[{"damage":0.0,"enemies":"2 Louse","floor":1.0,"turns":3.0},{"damage":1.0,"enemies":"Small Slimes","floor":2.0,"turns":3.0},{"damage":6.0,"enemies":"Cultist","floor":5.0,"turns":3.0},{"damage":30.0,"enemies":"Lagavulin","floor":7.0,"turns":6.0},{"damage":30,"enemies":"Gremlin Nob","floor":14,"turns":4},{"damage":1,"enemies":"Hexaghost","floor":16,"turns":3}],"seed_played":"8894622921806988463","potions_obtained":[{"floor":5.0,"key":"CultistPotion"},{"floor":13,"key":"SkillPotion"},{"floor":13,"key":"Swift Potion"}],"is_trial":false,"path_per_floor":["M","M","?","$","M","R","E","R","T","?","R","?","?","E","R","B"],"character_chosen":"DEFECT","items_purchased":["Defragment","Sunder"],"campfire_rested":0,"item_purchase_floors":[4,4],"current_hp_per_floor":[68,67,67,67,61,61,31,31,31,31,31,31,31,1,1,0,0],"gold":201,"neow_bonus":"RANDOM_COLORLESS_2","is_daily":false,"chose_seed":false,"campfire_upgraded":4,"win_rate":0.0,"timestamp":1610203674,"path_taken":["M","M","?","$","M","R","E","R","T","?","R","?","?","E","R","BOSS"],"items_purchased_type":["Card","Card"],"build_version":"2020-12-22","purchased_purges":1,"victory":false,"max_hp_per_floor":[68,68,68,68,68,68,68,68,68,68,68,68,68,68,68,68,68],"relic_stats":{"counters":[6,22],"War Paint":["Zap","Defend_B"],"obtain_stats":[{"DataDisk":7,"Toxic Egg 2":12,"War Paint":14,"Cracked Core":0},{"DataDisk":4,"Toxic Egg 2":4,"War Paint":5,"Cracked Core":0},{"DataDisk":15,"Toxic Egg 2":15,"War Paint":19,"Cracked Core":0}]},"card_choices":[{"not_picked":["Panache","Metamorphosis"],"picked":"The Bomb","floor":0.0},{"not_picked":["Stack","Rebound"],"picked":"Loop","floor":1.0},{"not_picked":["Scrape","Blizzard"],"picked":"Genetic Algorithm","floor":2.0},{"not_picked":["Hello World","Stack"],"picked":"Streamline","floor":5.0},{"not_picked":["Cold Snap","Rebound"],"picked":"Static Discharge","floor":7},{"not_picked":["Heatsinks","Steam Power+1"],"picked":"Loop","floor":14}],"player_experience":774327,"relics_obtained":[{"floor":7,"key":"DataDisk"},{"floor":14,"key":"War Paint"}],"event_choices":[{"damage_healed":0.0,"max_hp_gain":0.0,"max_hp_loss":0.0,"gold_gain":175.0,"event_name":"Liars Game","player_choice":"AGREE","floor":3.0,"gold_loss":0.0,"damage_taken":0.0,"cards_obtained":["Doubt"]},{"damage_healed":0,"gold_gain":0,"player_choice":"Grow","damage_taken":0,"max_hp_gain":0,"max_hp_loss":0,"event_name":"Living Wall","floor":10,"gold_loss":0,"cards_upgraded":["The Bomb"]},{"damage_healed":0,"gold_gain":30,"player_choice":"Searched \u00272\u0027 times","damage_taken":0,"relics_obtained":["Toxic Egg 2"],"max_hp_gain":0,"max_hp_loss":0,"event_name":"Dead Adventurer","floor":12,"gold_loss":0},{"damage_healed":0,"gold_gain":0,"player_choice":"Bought 2 Potions","damage_taken":0,"max_hp_gain":0,"max_hp_loss":0,"event_name":"The Woman in Blue","floor":13,"gold_loss":0}],"is_beta":false,"boss_relics":[],"items_purged_floors":[4],"is_endless":false,"potions_floor_spawned":[5,14],"killed_by":"Hexaghost","ascension_level":9}}