{"host":"3kdwm9n4ehf6yd4s","time":1610174815,"event":{"mods":["BaseMod","GifTheSpireLib","Minty Spire (QoL Compilation)","Quick Restart","Replay The Spire","StSLib"],"gold_per_floor":[364,379,379,11,11,11,37,37,37,65,85,103,115,141,141,243,243,259,259,259,281,28,28,24,24,24],"floor_reached":25,"playtime":793,"items_purged":["Replay:Hysterical Blindness"],"score":230,"play_id":"7bdf2793-47c6-44a2-828f-287a6f1f531e","local_time":"20210108234655","is_ascension_mode":true,"campfire_choices":[{"data":"FIFO Queue","floor":6,"key":"SMITH"},{"floor":8,"key":"REST"},{"floor":15,"key":"REST"},{"floor":23,"key":"REST"}],"circlet_count":0,"master_deck":["Strike_B+1","Strike_B","Strike_B","Strike_B","Defend_B","Defend_B","Defend_B","Defend_B","Zap","Dualcast","Sweeping Beam","FIFO Queue+1","Stack","Go for the Eyes","Ball Lightning","Darkness","Auto Shields","Echo Form","Amplify","Compile Driver","Conserve Battery","Defragment","Coolheaded","Coolheaded","Auto Shields"],"relics":["Cracked Core","Runic Capacitor","Boot","Emotion Chip","Onion Ring","Replay:Multitool","Blue Doll","Enchiridion","Regal Pillow","Counterbalance","ClockworkSouvenir"],"acts_visited":["Exordium","TheCity"],"potions_floor_usage":[10,12,12,12,16,24,25,25],"damage_taken":[{"damage":4,"enemies":"Small Slimes","floor":1,"turns":3},{"damage":1,"enemies":"Jaw Worm","floor":2,"turns":3},{"damage":28,"enemies":"Gremlin Nob","floor":7,"turns":4},{"damage":14,"enemies":"Lagavulin","floor":10,"turns":7},{"damage":1,"enemies":"Cultist","floor":11,"turns":3},{"damage":14,"enemies":"Gremlin Gang","floor":12,"turns":3},{"damage":5,"enemies":"Looter","floor":13,"turns":2},{"damage":17,"enemies":"3 Sentries","floor":14,"turns":5},{"damage":16,"enemies":"Fading Forest","floor":16,"turns":11},{"damage":15,"enemies":"Chosen","floor":18,"turns":4},{"damage":20,"enemies":"2 Thieves","floor":24,"turns":5},{"damage":33,"enemies":"Book of Stabbing","floor":25,"turns":5}],"seed_played":"3655808436649547987","potions_obtained":[{"floor":1,"key":"LifebloodPotion"},{"floor":5,"key":"ColorlessPotion"},{"floor":5,"key":"Adrenaline Potion"},{"floor":7,"key":"Languid Potion"},{"floor":10,"key":"FocusPotion"},{"floor":11,"key":"Strength Potion"},{"floor":14,"key":"BlessingOfTheForge"},{"floor":16,"key":"SteroidPotion"},{"floor":18,"key":"Milkshake"},{"floor":24,"key":"Explosive Potion"}],"is_trial":false,"path_per_floor":["M","M","?","$","?","R","E","R","T","E","M","M","M","E","R","B",null,"M","?","?","?","$","R","M","E"],"character_chosen":"DEFECT","items_purchased":["Runic Capacitor","Boot","ClockworkSouvenir","Defragment","Coolheaded"],"campfire_rested":3,"item_purchase_floors":[4,4,22,22,22],"current_hp_per_floor":[71,70,70,70,70,70,42,64,64,50,49,35,30,13,35,29,75,60,44,44,14,14,51,31,0,0],"gold":24,"neow_bonus":"TWO_FIFTY_GOLD","is_daily":false,"chose_seed":false,"campfire_upgraded":1,"win_rate":0.0,"timestamp":1610174815,"path_taken":["M","M","?","$","?","R","E","R","T","E","?","M","?","E","R","BOSS","M","?","?","?","$","R","M","E"],"items_purchased_type":["Relic","Relic","Relic","Card","Card"],"build_version":"2020-12-22","purchased_purges":1,"victory":false,"max_hp_per_floor":[75,75,75,75,75,75,75,75,75,75,75,75,75,75,75,75,75,75,75,75,75,75,75,75,75,75],"card_choices":[{"not_picked":["Panic Button","Compile Driver"],"picked":"Sweeping Beam","floor":1},{"not_picked":["Chill","Hologram"],"picked":"FIFO Queue","floor":2},{"not_picked":["Meteor Strike","Consume"],"picked":"Stack","floor":7},{"not_picked":["Scrape","Chill"],"picked":"Go for the Eyes","floor":10},{"not_picked":["Cold Snap","Stack"],"picked":"Ball Lightning","floor":11},{"not_picked":["ReplayTheSpireMod:GoodbyeWorld","Redo"],"picked":"Darkness","floor":12},{"not_picked":["BasicCrystalCard","Heatsinks"],"picked":"Auto Shields","floor":13},{"not_picked":["Chaos","Steam Power"],"picked":"Echo Form","floor":14},{"not_picked":["Seek","Reboot"],"picked":"Amplify","floor":16},{"not_picked":["Hologram","Rebound"],"picked":"Compile Driver","floor":18},{"not_picked":["Rebound+1","Leap"],"picked":"Conserve Battery","floor":21},{"not_picked":["Leap","Beam Cell"],"picked":"Auto Shields","floor":24}],"player_experience":140561,"relics_obtained":[{"floor":7,"key":"Emotion Chip"},{"floor":9,"key":"Onion Ring"},{"floor":10,"key":"Replay:Multitool"},{"floor":14,"key":"Blue Doll"},{"floor":19,"key":"Enchiridion"},{"floor":21,"key":"Counterbalance"}],"event_choices":[{"damage_healed":0,"gold_gain":0,"player_choice":"Got Potions","damage_taken":0,"max_hp_gain":0,"max_hp_loss":0,"event_name":"Lab","floor":5,"gold_loss":0},{"damage_healed":0,"gold_gain":0,"player_choice":"Obtained Book","damage_taken":16,"max_hp_gain":0,"max_hp_loss":0,"event_name":"Cursed Tome","floor":19,"gold_loss":0},{"damage_healed":0,"gold_gain":0,"player_choice":"Opened","damage_taken":0,"relics_obtained":["Regal Pillow"],"max_hp_gain":0,"max_hp_loss":0,"event_name":"The Mausoleum","floor":20,"gold_loss":0}],"is_beta":false,"boss_relics":[{"not_picked":["Replay:Grab Bag","ReplayTheSpireMod:DimensionalGlitch","Fusion Hammer"]}],"items_purged_floors":[4],"is_endless":false,"potions_floor_spawned":[1,7,10,11,14,16,18,24],"killed_by":"Book of Stabbing","ascension_level":1}}