{"host":"k5ezbu40hxyit46v","time":1610223205,"event":{"mods":["Act Like it!","Aspiration","Astrologer","BaseMod","BetterRewards","Conspire","DeckTracker","Energized Spire","Gensokyo","Googly Eyes","Halation","HexUI Lib","Highlight Path","Hubris","Infinite Spire","Ironclad Rager","Jedi Mod","Mad Scientist","Marisa????????","Minty Spire (QoL Compilation)","Quarter Circle Forward PUNCH!","Quick Restart","Replay The Spire","Reworked Bosses","Shop Mod","Spikes Relics","StSLib","The Administrix","The Awakened One except there are too many feathers","The Bladedancer","The Cursed","The IronCluck","The Servant 0.9.4","The Wild Card","everything is the same but u backflip on backflip","slay the spire mod where everything is the same but ironclad has a cowboy hat","vexMod"],"gold_per_floor":[114,114,114,134,134,164,164,199,249,274,294,294,408,443,443,514,514,529,544,228,238,256,256,256,289,370,380,394,420,431,169,169,244,244,260,260,260],"floor_reached":36,"playtime":1090,"items_purged":["jedi:LeechingStrike","Strike_R","Strike_R","Strike_R"],"score":1338,"play_id":"8202ada9-7389-4988-9e76-a053f0792db2","local_time":"20210109151325","is_ascension_mode":true,"campfire_choices":[{"data":"Whirlwind","floor":7.0,"key":"SMITH"},{"data":"Pot Of Greed","floor":15.0,"key":"SMITH"},{"data":"Bludgeon","floor":23.0,"key":"SMITH"},{"data":"Defend_R","floor":32.0,"key":"SMITH"}],"circlet_count":0,"master_deck":["AscendersBane","jedi:LeechingStrike","Strike_R","Strike_R+1","Defend_R+1","Defend_R+1","Defend_R","Defend_R+1","Bash","Whirlwind+1","Pot Of Greed+1","Bludgeon+1","Gensokyo:BlemishedSteel","Gensokyo:TarnishedGold","Gensokyo:ImpossibleRequest","hubris:Greed"],"relics":["Burning Blood","HornCleat","infinitespire:WardingShard","jedi:shrinkray","HandDrill","Omamori","Orichalcum","Chemical X","vexMod:Cooldron","SpikesRelics:ToyHorsey","infinitespire:Beetle Shell","MealTicket","Bag of Preparation","GiantMaggot","Happy Flower","Grinning Jar","hubris:FunFungus","hubris:Icosahedron","hubris:IronBody","aspiration:MarisaSkillbook","Replay:Mystery Machine","Centennial Puzzle","Quantum Egg","conspire:TopHat","Brimstone","Replay:Ancient Bell","Oddly Smooth Stone","Pear","infinitespire:Golems Mask"],"acts_visited":["Gensokyo:Gensokyo","Gensokyo:Gensokyoer","Gensokyo:Gensokyoest"],"potions_floor_usage":[],"damage_taken":[{"damage":2.0,"enemies":"Gensokyo:Gryphon","floor":1.0,"turns":2.0},{"damage":3.0,"enemies":"Gensokyo:2_Kodama","floor":4.0,"turns":3.0},{"damage":14.0,"enemies":"Gensokyo:Mamizou","floor":6.0,"turns":8.0},{"damage":25.0,"enemies":"Gensokyo:Cirno","floor":8.0,"turns":6.0},{"damage":2.0,"enemies":"Gensokyo:Mamizou","floor":10.0,"turns":6.0},{"damage":0.0,"enemies":"Gensokyo:3_Fairies","floor":11.0,"turns":2.0},{"damage":0.0,"enemies":"Gensokyo:LivingMonolith","floor":13.0,"turns":2.0},{"damage":0.0,"enemies":"Gensokyo:Cirno","floor":14.0,"turns":4.0},{"damage":1.0,"enemies":"Gensokyo:Kokoro","floor":16.0,"turns":4.0},{"damage":0.0,"enemies":"Gensokyo:3_Dogs","floor":18.0,"turns":1.0},{"damage":0.0,"enemies":"Gensokyo:2_Gloops","floor":19.0,"turns":2.0},{"damage":0.0,"enemies":"Gensokyo:Mirror_and_Dog","floor":21.0,"turns":2.0},{"damage":0.0,"enemies":"Gensokyo:3_Gloops","floor":22.0,"turns":2.0},{"damage":0.0,"enemies":"Gensokyo:Koishi","floor":25.0,"turns":3.0},{"damage":4.0,"enemies":"Gensokyo:Monolith_and_Dog","floor":27.0,"turns":3.0},{"damage":0.0,"enemies":"Gensokyo:Swordslinger","floor":28.0,"turns":2.0},{"damage":0.0,"enemies":"Gensokyo:Reisen","floor":29.0,"turns":2.0},{"damage":0.0,"enemies":"Gensokyo:3_Gloops","floor":30.0,"turns":2.0},{"damage":9.0,"enemies":"Gensokyo:Kaguya","floor":33.0,"turns":5.0},{"damage":0,"enemies":"Gensokyo:3_Boulders","floor":35,"turns":1}],"seed_played":"7492756338683123785","potions_obtained":[{"floor":6.0,"key":"EntropicBrew"},{"floor":8.0,"key":"EntropicBrew"},{"floor":14.0,"key":"EntropicBrew"},{"floor":16.0,"key":"EntropicBrew"}],"is_trial":false,"path_per_floor":["M","?","?","M","$","E","R","E","T","E","M","?","M","E","R","B",null,"M","M","$","M","M","R","?","E","T","M","M","E","M","COS","R","B",null,"M","?"],"character_chosen":"IRONCLAD","items_purchased":["HornCleat","Whirlwind","infinitespire:WardingShard","jedi:shrinkray","HandDrill","Omamori","Orichalcum","Chemical X","vexMod:Cooldron","SpikesRelics:ToyHorsey","infinitespire:Beetle Shell","MealTicket","Bag of Preparation","Replay:Mystery Machine"],"campfire_rested":0,"item_purchase_floors":[0,0,0,0,0,0,0,0,0,0,0,0,0,20],"current_hp_per_floor":[36,40,59,71,75,67,67,54,54,58,64,64,75,75,75,75,75,75,75,75,75,75,75,75,75,75,75,75,75,75,75,75,75,85,85,0,0],"gold":260,"neow_bonus":"","is_daily":false,"chose_seed":false,"campfire_upgraded":4,"win_rate":0.0,"timestamp":1610223205,"path_taken":["M","?","?","M","$","E","R","E","T","E","M","?","?","E","R","BOSS","M","M","$","?","M","R","?","E","T","M","M","E","M","COS","R","BOSS","M","?"],"items_purchased_type":["Relic","Card","Relic","Relic","Relic","Relic","Relic","Relic","Relic","Relic","Relic","Relic","Relic","Relic"],"build_version":"2020-12-22","purchased_purges":4,"victory":false,"max_hp_per_floor":[75,75,75,75,75,75,75,75,75,75,75,75,75,75,75,75,75,75,75,75,75,75,75,75,75,75,75,75,75,75,75,75,75,85,85,85,85],"card_choices":[{"not_picked":["Anger","Iron Wave","conspire:Charge"],"picked":"SKIP","floor":1.0},{"not_picked":["Pommel Strike","Cleave","ReplayTheSpireMod:Strike From Hell"],"picked":"SKIP","floor":4.0},{"not_picked":["Shrug It Off","Dropkick","Dual Wield"],"picked":"SKIP","floor":6.0},{"not_picked":["Thunderclap","Defy Death","Double Tap"],"picked":"SKIP","floor":8.0},{"not_picked":["ReplayTheSpireMod:LeadingStrike","Iron Wave","ReplayReversal"],"picked":"SKIP","floor":10.0},{"not_picked":["Carnage","infinitespire:OneForAll","Wild Strike"],"picked":"SKIP","floor":11.0},{"not_picked":["Dark Embrace","Body Slam","Carnage"],"picked":"SKIP","floor":13.0},{"not_picked":["hubris:SharpeningStone","Entrench","Power Through"],"picked":"SKIP","floor":14.0},{"not_picked":["conspire:HitWhereItHurts","Eclipse"],"picked":"Bludgeon","floor":16.0},{"not_picked":["RefractionSpark","Battle Trance","jedi:controlledanger","Clash"],"picked":"SKIP","floor":18.0},{"not_picked":["Metallicize","Pommel Strike","UnstableBomb","Robbery+1"],"picked":"SKIP","floor":19.0},{"not_picked":["PulseMagic+1","UnstableBomb","Pommel Strike+1","hubris:ReadiedAction"],"picked":"SKIP","floor":21.0},{"not_picked":["conspire:Charge","Spot Weakness","RefractionSpark","PulseMagic+1"],"picked":"SKIP","floor":22.0},{"not_picked":["conspire:Charge","Disarm","TreasureHunter","MilkyWay"],"picked":"SKIP","floor":25.0},{"not_picked":["Acceleration+1","Pommel Strike","StarBarrage","Clash"],"picked":"SKIP","floor":27.0},{"not_picked":["IllusionStar","Anger","Replay:Undeath\u0027s Touch","GrandCross+1"],"picked":"SKIP","floor":28.0},{"not_picked":["GravityBeat","Havoc","BigCrunch","Eclipse"],"picked":"SKIP","floor":29.0},{"not_picked":["Defy Death","Thunderclap","AsteroidBelt","conspire:Charge"],"picked":"SKIP","floor":30.0},{"not_picked":["hubris:Sloth","conspire:NecroticWound","ReplayTheSpireMod:Faulty Equipment"],"picked":"vexMod:UltimateCard","floor":34},{"not_picked":["Hallucinations","hubris:Envy","conspire:Blindness"],"picked":"Gensokyo:ImpossibleRequest","floor":34},{"not_picked":["Notoriety","ReplayTheSpireMod:Doomed","CurseOfTheBell"],"picked":"hubris:Greed","floor":34},{"not_picked":["hubris:ReadiedAction+1","ManaConvection+1","LuminesStrike","Replay:Undeath\u0027s Touch+1"],"picked":"SKIP","floor":35},{"not_picked":["hubris:ReadiedAction+1","ManaConvection+1","LuminesStrike","Replay:Undeath\u0027s Touch+1"],"picked":"SKIP","floor":35}],"player_experience":1240813,"relics_obtained":[{"floor":6.0,"key":"GiantMaggot"},{"floor":8.0,"key":"Happy Flower"},{"floor":9.0,"key":"Grinning Jar"},{"floor":10.0,"key":"hubris:FunFungus"},{"floor":14.0,"key":"hubris:IronBody"},{"floor":25.0,"key":"Centennial Puzzle"},{"floor":26.0,"key":"Quantum Egg"},{"floor":29.0,"key":"conspire:TopHat"}],"event_choices":[],"is_beta":false,"boss_relics":[{"not_picked":["halation:CatFaceCupcake","jedi:hotpepper"],"picked":"aspiration:MarisaSkillbook"},{"not_picked":["vexMod:BigBerry","aspiration:RitualDagger"],"picked":"Replay:Ancient Bell"},{"not_picked":["hubris:TenFootPole","Regal Pillow"],"picked":"Oddly Smooth Stone"},{"not_picked":["qcfpunch:Wild_Herbs_Ointment","Toxic Egg 2"],"picked":"Pear"},{"not_picked":["Peace Pipe","hubris:64BitClover"],"picked":"infinitespire:Golems Mask"}],"items_purged_floors":[0,0,0,20],"is_endless":false,"potions_floor_spawned":[6,8,10,14,16,18,21,25,27],"ascension_level":20}}