{"host":"pft5kheyb7v7gger","time":1610173099,"event":{"mods":["Act Like it!","BaseMod","LagranYue(¿≠∏Ò¿ °§‘¬)","Lobotomy","LobotomyExtend","Minty Spire (QoL Compilation)","Reimu£®≤©¿ˆ¡È√Œ£©","Replay The Spire","StSLib","The Gatherer","TheHeartMod","Yakumo Yukari mod","Yuyuko","°æ“≈ŒÔø®≈∆°øREMEMod"],"gold_per_floor":[115,65,65,81,81,81,96,96,120,135,135,147,165,187,187,284,284,364,364],"floor_reached":18,"playtime":1034,"items_purged":[],"score":152,"play_id":"68a3fe4d-8067-4aae-9570-09b96b59c217","local_time":"20210109141819","is_ascension_mode":false,"campfire_choices":[],"circlet_count":0,"master_deck":["SpecialBullet","SpecialBullet","SpecialBullet","SpecialBullet","SpecialBullet","SpecialBullet","SpecialBullet","SecurityCode","ControlCode","InformationCode","Jack Of All Trades+1","MHz","Ecstasy+1","Noise","Decay","TrainingCode","QueenBee","Noise","NakedNest","Justitia","HappyTeddy","Lamp+1","WallGazer","Heaven","CrimsonScar","DisciplinaryCode","LaLuna","Pinks"],"relics":["CogitoBucket","RabbitCall","REME_ComplimentaryCards","LagranYue:RandomDrawCardRelic","LetterFromLob","Dream Catcher","BackwardClock","Odd Mushroom","Replay:Bronze Core"],"acts_visited":["Exordium","TheCity"],"potions_floor_usage":[],"damage_taken":[{"damage":0.0,"enemies":"Small Slimes","floor":1.0,"turns":2.0},{"damage":6.0,"enemies":"Cultist","floor":4.0,"turns":3.0},{"damage":5,"enemies":"2 Louse","floor":7,"turns":2},{"damage":11,"enemies":"Exordium Wildlife","floor":10,"turns":3},{"damage":0,"enemies":"2 Fungi Beasts","floor":12,"turns":1},{"damage":25,"enemies":"Gremlin Gang","floor":13,"turns":3},{"damage":0,"enemies":"The Mushroom Lair","floor":14,"turns":2},{"damage":73,"enemies":"Hexaghost","floor":16,"turns":7},{"damage":79,"enemies":"Chosen","floor":18,"turns":8}],"seed_played":"5349461949101338425","potions_obtained":[{"floor":4.0,"key":"REME_GoldPotion"},{"floor":7,"key":"Reflective Coating"},{"floor":14,"key":"Weak Potion"},{"floor":16,"key":"Ancient Potion"}],"is_trial":false,"path_per_floor":["M","?","?","M","?","R","M","R","T","M","R","M","M","?","R","B",null,"M"],"character_chosen":"Angela","items_purchased":[],"campfire_rested":0,"item_purchase_floors":[],"current_hp_per_floor":[75,75,60,62,62,62,65,65,65,62,62,73,62,75,75,16,75,0,0],"gold":364,"neow_bonus":"RANDOM_EVENT","is_daily":false,"chose_seed":false,"campfire_upgraded":0,"win_rate":0.0,"timestamp":1610173099,"path_taken":["M","?","?","M","?","R","M","R","T","?","R","M","M","?","R","BOSS","M"],"items_purchased_type":[],"build_version":"2020-12-22","purchased_purges":0,"victory":false,"max_hp_per_floor":[75,75,75,75,75,75,75,75,75,75,75,75,75,75,75,75,75,75,75],"card_choices":[{"not_picked":["SpiderBud","GalaxyChild"],"picked":"MHz","floor":1.0},{"not_picked":["CherryBlossom"],"picked":"Ecstasy","floor":1.0},{"not_picked":["GreenStem"],"picked":"Noise","floor":4.0},{"not_picked":["Wellcheers","LittleHelper"],"picked":"QueenBee","floor":7},{"not_picked":["CherryBlossom"],"picked":"Noise","floor":7},{"not_picked":["Alriune","FieryBird"],"picked":"NakedNest","floor":10},{"not_picked":["CUTE"],"picked":"Justitia","floor":10},{"not_picked":["Rudolta","MeatLantern"],"picked":"HappyTeddy","floor":12},{"not_picked":["GreenStem"],"picked":"Lamp","floor":12},{"not_picked":["OldLady","PunishingBird"],"picked":"WallGazer","floor":13},{"not_picked":["Lantern"],"picked":"Heaven","floor":13},{"not_picked":["BlueScar"],"picked":"CrimsonScar","floor":14},{"not_picked":["Laetitia","LittleHelper"],"picked":"LaLuna","floor":16},{"not_picked":["TheSmile"],"picked":"Pinks","floor":16}],"player_experience":272892,"relics_obtained":[{"floor":1.0,"key":"LetterFromLob"},{"floor":9,"key":"Dream Catcher"},{"floor":14,"key":"Odd Mushroom"}],"event_choices":[{"damage_healed":0.0,"max_hp_gain":5.0,"max_hp_loss":0.0,"gold_gain":0.0,"event_name":"Big Fish","player_choice":"Donut","floor":0.0,"gold_loss":0.0,"damage_taken":0.0},{"cards_removed":["SpecialBullet"],"damage_healed":0.0,"max_hp_gain":0.0,"max_hp_loss":0.0,"gold_gain":0.0,"event_name":"The Cleric","player_choice":"Card Removal","floor":2.0,"gold_loss":50.0,"damage_taken":0.0},{"damage_healed":0.0,"max_hp_gain":0.0,"max_hp_loss":0.0,"gold_gain":0.0,"event_name":"Shining Light","player_choice":"Entered Light","floor":3.0,"gold_loss":0.0,"damage_taken":15.0,"cards_upgraded":["Ecstasy","Jack Of All Trades"]},{"damage_healed":0,"gold_gain":0,"player_choice":"Cursed","damage_taken":0,"max_hp_gain":0,"max_hp_loss":0,"event_name":"Wheel of Change","floor":5,"gold_loss":0,"cards_obtained":["Decay"]},{"damage_healed":0,"gold_gain":0,"player_choice":"Fought Mushrooms","damage_taken":0,"max_hp_gain":0,"max_hp_loss":0,"event_name":"Mushrooms","floor":14,"gold_loss":0}],"is_beta":false,"boss_relics":[{"not_picked":["Empty Cage","Snecko Eye"],"picked":"Replay:Bronze Core"}],"items_purged_floors":[],"is_endless":false,"potions_floor_spawned":[4,7,14,16],"killed_by":"Chosen","ascension_level":0}}