{"host":"f5n4tidiz2n5sooh","time":1610151112,"event":{"mods":["BaseMod","Colored Map","Minty Spire (QoL Compilation)","Relic Stats","StSLib"],"gold_per_floor":[114,129,149,72,84,118,118,153,178,178,215,175,193,218,218,218,218],"floor_reached":16,"playtime":521,"items_purged":[],"score":244,"play_id":"ad9512ff-8f30-4f64-95cb-1772c0e73e21","local_time":"20210108181152","is_ascension_mode":true,"campfire_choices":[{"floor":7,"key":"REST"},{"floor":10,"key":"REST"},{"floor":15,"key":"REST"}],"circlet_count":0,"master_deck":["AscendersBane","Strike_G","Strike_G","Strike_G","Strike_G","Strike_G","Defend_G","Defend_G","Defend_G","Defend_G","Defend_G","Survivor","Neutralize","Dagger Spray","Adrenaline","Eviscerate","Predator","Infinite Blades","Storm of Steel","Caltrops","Well Laid Plans"],"relics":["Ring of the Snake","Potion Belt","Strawberry","CeramicFish","Art of War"],"acts_visited":["Exordium"],"potions_floor_usage":[5,6,16,16],"damage_taken":[{"damage":3,"enemies":"Cultist","floor":1,"turns":4},{"damage":5,"enemies":"Small Slimes","floor":2,"turns":5},{"damage":1,"enemies":"2 Louse","floor":3,"turns":3},{"damage":12,"enemies":"Exordium Thugs","floor":5,"turns":4},{"damage":36,"enemies":"Gremlin Nob","floor":6,"turns":4},{"damage":27,"enemies":"Lagavulin","floor":8,"turns":7},{"damage":22,"enemies":"Gremlin Nob","floor":11,"turns":4},{"damage":6,"enemies":"3 Louse","floor":13,"turns":3},{"damage":0,"enemies":"Looter","floor":14,"turns":2},{"damage":27,"enemies":"Hexaghost","floor":16,"turns":9}],"seed_played":"3440382601271422912","potions_obtained":[{"floor":1,"key":"SkillPotion"},{"floor":3,"key":"Explosive Potion"},{"floor":12,"key":"AttackPotion"},{"floor":12,"key":"Energy Potion"},{"floor":12,"key":"GhostInAJar"},{"floor":14,"key":"SmokeBomb"}],"is_trial":false,"path_per_floor":["M","M","M","$","M","E","R","E","T","R","E","?","M","M","R","B"],"character_chosen":"THE_SILENT","items_purchased":["Predator"],"campfire_rested":3,"item_purchase_floors":[4],"current_hp_per_floor":[62,57,56,56,44,8,29,9,9,32,10,10,4,4,27,0,0],"gold":218,"neow_bonus":"TEN_PERCENT_HP_BONUS","is_daily":false,"chose_seed":false,"campfire_upgraded":0,"win_rate":0.0,"timestamp":1610151112,"path_taken":["M","M","M","$","M","E","R","E","T","R","E","?","?","M","R","BOSS"],"items_purchased_type":["Card"],"build_version":"2020-12-22","purchased_purges":0,"victory":false,"max_hp_per_floor":[72,72,72,72,72,72,72,79,79,79,79,79,79,79,79,79,79],"relic_stats":{"counters":[10,45],"CeramicFish":18,"Art of War":[0],"obtain_stats":[{"Potion Belt":6,"Strawberry":8,"CeramicFish":9,"Art of War":11,"Ring of the Snake":0},{"Potion Belt":5,"Strawberry":6,"CeramicFish":6,"Art of War":7,"Ring of the Snake":0},{"Potion Belt":20,"Strawberry":27,"CeramicFish":27,"Art of War":31,"Ring of the Snake":0}],"Ring of the Snake":[20]},"card_choices":[{"not_picked":["Masterful Stab","Dodge and Roll"],"picked":"Dagger Spray","floor":1},{"not_picked":["Outmaneuver","Cloak And Dagger"],"picked":"Adrenaline","floor":2},{"not_picked":["Dagger Spray","PiercingWail"],"picked":"Eviscerate","floor":3},{"not_picked":["Dagger Spray","Well Laid Plans"],"picked":"Infinite Blades","floor":5},{"not_picked":["Acrobatics","Skewer","Outmaneuver"],"picked":"SKIP","floor":6},{"not_picked":["Backstab","Riddle With Holes"],"picked":"Storm of Steel","floor":8},{"not_picked":["Eviscerate","Slice"],"picked":"Caltrops","floor":11},{"not_picked":["Deflect","Cloak And Dagger","Sucker Punch"],"picked":"SKIP","floor":13},{"not_picked":["Escape Plan","Reflex"],"picked":"Well Laid Plans","floor":14}],"player_experience":1983258,"relics_obtained":[{"floor":6,"key":"Potion Belt"},{"floor":8,"key":"Strawberry"},{"floor":9,"key":"CeramicFish"},{"floor":11,"key":"Art of War"}],"event_choices":[{"damage_healed":0,"gold_gain":0,"player_choice":"Bought 3 Potions","damage_taken":0,"max_hp_gain":0,"max_hp_loss":0,"event_name":"The Woman in Blue","floor":12,"gold_loss":0}],"is_beta":false,"boss_relics":[],"items_purged_floors":[],"is_endless":false,"potions_floor_spawned":[1,3,14],"killed_by":"Hexaghost","ascension_level":20}}