{"host":"7krnriczr1b2ou5r","time":1610186905,"event":{"mods":["BaseMod","Keyboard Shortcuts","Marisa£¨Ùöéë¡¡Øª×âÞÞ£©","Minty Spire (QoL Compilation)","Relic Stats","StSLib"],"gold_per_floor":[113,128,155,183,36,80,80,80,380,380,380,380,416,437,437,578,578,592,445,459,514,532,583,627,627,654,698,176,176,219,264,264,394,394,409,409,166,199,232,286,286,339,339,65,124,168,188,203,203,203],"floor_reached":51,"playtime":3836,"items_purged":["Strike_MRS","Strike_MRS"],"score":1262,"play_id":"369447ac-2637-493c-9b4b-2a8bf5b1a0d7","local_time":"20210109190825","is_ascension_mode":true,"campfire_choices":[{"data":"BigCrunch","floor":7.0,"key":"SMITH"},{"data":"IllusionStar","floor":10.0,"key":"SMITH"},{"data":"JA","floor":12.0,"key":"SMITH"},{"data":"DragonMeteor","floor":15.0,"key":"SMITH"},{"data":"EscapeVelocity","floor":25.0,"key":"SMITH"},{"data":"SatelliteIllusion","floor":32.0,"key":"SMITH"},{"floor":49,"key":"REST"}],"circlet_count":0,"master_deck":["Strike_MRS","Defend_MRS","Defend_MRS","Defend_MRS","Defend_MRS","MasterSpark","UpSweep+1","BigCrunch+1","EnergyRecoil","WitchOfGreed","IllusionStar+1","FairyDestructionRay","JA+1","DarkMatter","AsteroidBelt","DragonMeteor+1","MilkyWay","EscapeVelocity+1","EarthLightRay+1","OpenUniverse+1","Acceleration+1","LuminesStrike","Acceleration+1","UltimateShortwave","ChargeUpSpray","DarkMatter","MagicAbsorber","IllusionStar","GravityBeat+1","SatelliteIllusion+1","Acceleration","DarkMatter","SuperNova","MysteriousBeam","PulseMagic","Thinking Ahead","GravityBeat","MaximisePower","Orbital+1"],"relics":["MiniHakkero","Gremlin Horn","Golden Idol","Old Coin","MagicBroom","ExperimentalFamiliar","Orrery","Red Mask","Boot","Whetstone","Mummified Hand","Necronomicon","Pantograph","Fusion Hammer","Blood Vial","Question Card","The Courier","HandmadeGrimoire","Letter Opener","Bottled Tornado"],"acts_visited":["Exordium","TheCity","TheBeyond"],"potions_floor_usage":[46,50,50],"damage_taken":[{"damage":5.0,"enemies":"Cultist","floor":1.0,"turns":4.0},{"damage":2.0,"enemies":"Jaw Worm","floor":2.0,"turns":4.0},{"damage":4.0,"enemies":"Small Slimes","floor":3.0,"turns":4.0},{"damage":12.0,"enemies":"Looter","floor":4.0,"turns":3.0},{"damage":12.0,"enemies":"Lagavulin","floor":6.0,"turns":3.0},{"damage":13.0,"enemies":"Gremlin Nob","floor":13.0,"turns":3.0},{"damage":0.0,"enemies":"3 Louse","floor":14.0,"turns":1.0},{"damage":16.0,"enemies":"Slime Boss","floor":16.0,"turns":6.0},{"damage":23.0,"enemies":"Shell Parasite","floor":18.0,"turns":5.0},{"damage":17.0,"enemies":"2 Thieves","floor":20.0,"turns":2.0},{"damage":0.0,"enemies":"Masked Bandits","floor":21.0,"turns":4.0},{"damage":0.0,"enemies":"Chosen and Byrds","floor":22.0,"turns":4.0},{"damage":0.0,"enemies":"Gremlin Leader","floor":23.0,"turns":2.0},{"damage":0.0,"enemies":"Centurion and Healer","floor":24.0,"turns":2.0},{"damage":13.0,"enemies":"Book of Stabbing","floor":27.0,"turns":3.0},{"damage":0.0,"enemies":"Gremlin Leader","floor":30.0,"turns":2.0},{"damage":0.0,"enemies":"Snake Plant","floor":31.0,"turns":2.0},{"damage":0.0,"enemies":"Automaton","floor":33.0,"turns":3.0},{"damage":0.0,"enemies":"3 Darklings","floor":35.0,"turns":1.0},{"damage":1.0,"enemies":"Orb Walker","floor":38.0,"turns":3.0},{"damage":0.0,"enemies":"Jaw Worm Horde","floor":39.0,"turns":4.0},{"damage":37.0,"enemies":"Nemesis","floor":40.0,"turns":4.0},{"damage":9.0,"enemies":"Giant Head","floor":42.0,"turns":3.0},{"damage":0.0,"enemies":"Reptomancer","floor":45.0,"turns":3.0},{"damage":0,"enemies":"Transient","floor":46,"turns":5},{"damage":0,"enemies":"Maw","floor":47,"turns":2},{"damage":0,"enemies":"Jaw Worm Horde","floor":48,"turns":1},{"damage":3,"enemies":"Awakened One","floor":50,"turns":7}],"seed_played":"-305573539051301917","potions_obtained":[{"floor":2.0,"key":"LiquidMemories"},{"floor":3.0,"key":"Dexterity Potion"},{"floor":3.0,"key":"SteroidPotion"},{"floor":4.0,"key":"Explosive Potion"},{"floor":6.0,"key":"Ancient Potion"},{"floor":14.0,"key":"Dexterity Potion"},{"floor":16.0,"key":"EssenceOfSteel"},{"floor":16.0,"key":"LiquidMemories"},{"floor":21.0,"key":"Dexterity Potion"},{"floor":21.0,"key":"PowerPotion"},{"floor":23.0,"key":"DuplicationPotion"},{"floor":30.0,"key":"LiquidBronze"},{"floor":31.0,"key":"EssenceOfSteel"},{"floor":33.0,"key":"Swift Potion"},{"floor":39.0,"key":"Explosive Potion"},{"floor":46,"key":"GamblersBrew"}],"is_trial":false,"path_per_floor":["M","M","M","M","$","E","R","?","T","R","?","R","E","M","R","B",null,"M","$","M","?","M","E","M","R","T","E","$","?","E","M","R","B",null,"M","?","$","M","M","E","?","E","T","$","E","M","M","M","R","B",null],"character_chosen":"MARISA","items_purchased":["JA","Orrery","Mummified Hand","SatelliteIllusion","Acceleration","PulseMagic","Thinking Ahead","HandmadeGrimoire"],"campfire_rested":1,"item_purchase_floors":[5,19,28,28,28,37,37,44],"current_hp_per_floor":[63,61,57,45,45,33,33,33,33,33,33,33,20,20,20,34,60,37,37,20,20,26,32,32,32,32,25,25,9,9,9,9,40,62,62,62,62,67,69,32,32,25,25,25,33,41,49,51,69,66],"gold":203,"neow_bonus":"ONE_RANDOM_RARE_CARD","is_daily":false,"chose_seed":false,"campfire_upgraded":6,"win_rate":0.0,"timestamp":1610186905,"path_taken":["M","?","M","M","$","E","R","?","T","R","?","R","E","M","R","BOSS","M","$","M","?","M","E","M","R","T","E","$","?","E","M","R","BOSS","M","?","$","M","M","E","?","E","T","$","E","?","?","M","R","BOSS"],"items_purchased_type":["Card","Relic","Relic","Card","Card","Card","Card","Relic"],"build_version":"2020-12-22","purchased_purges":2,"victory":true,"max_hp_per_floor":[75,75,75,75,75,75,75,69,69,69,69,69,69,69,69,69,69,69,69,69,69,69,69,69,69,69,69,69,69,69,69,69,69,69,69,69,69,69,69,69,69,69,69,69,69,69,69,69,69,69],"relic_stats":{"Blood Vial":10,"Gremlin Horn":[23,24],"counters":[28,90],"Golden Idol":281,"Mummified Hand":[61],"Pantograph":25,"Necronomicon":[24],"Whetstone":["GravityBeat","UpSweep"],"Letter Opener":[159],"Boot":[214],"Question Card":4,"obtain_stats":[{"MagicBroom":13,"Gremlin Horn":6,"Golden Idol":8,"The Courier":43,"Omamori":26,"Whetstone":27,"Letter Opener":45,"Bottled Tornado":45,"Boot":23,"Question Card":42,"Old Coin":9,"Mercury Hourglass":50,"Blood Vial":40,"ExperimentalFamiliar":17,"Mummified Hand":28,"Pantograph":30,"Orrery":19,"Fusion Hammer":34,"Red Mask":21,"Necronomicon":29,"HandmadeGrimoire":44,"MiniHakkero":0,"Kunai":22},{"MagicBroom":6,"Gremlin Horn":5,"Golden Idol":5,"The Courier":23,"Omamori":14,"Whetstone":15,"Letter Opener":24,"Bottled Tornado":24,"Boot":13,"Question Card":23,"Old Coin":5,"Mercury Hourglass":28,"Blood Vial":22,"ExperimentalFamiliar":8,"Mummified Hand":15,"Pantograph":16,"Orrery":9,"Fusion Hammer":18,"Red Mask":11,"Necronomicon":15,"HandmadeGrimoire":23,"MiniHakkero":0,"Kunai":12},{"MagicBroom":21,"Gremlin Horn":18,"Golden Idol":18,"The Courier":72,"Omamori":47,"Whetstone":50,"Letter Opener":75,"Bottled Tornado":75,"Boot":45,"Question Card":72,"Old Coin":18,"Mercury Hourglass":85,"Blood Vial":69,"ExperimentalFamiliar":28,"Mummified Hand":50,"Pantograph":52,"Orrery":33,"Fusion Hammer":57,"Red Mask":39,"Necronomicon":50,"HandmadeGrimoire":72,"MiniHakkero":0,"Kunai":40}]},"card_choices":[{"not_picked":["6A","ShootingEcho"],"picked":"EnergyRecoil","floor":1.0},{"not_picked":["6A","EventHorizon"],"picked":"WitchOfGreed","floor":2.0},{"not_picked":["MilkyWay","EnergyFlow"],"picked":"IllusionStar","floor":3.0},{"not_picked":["OneTimeOff","DC"],"picked":"FairyDestructionRay","floor":4.0},{"not_picked":["CasketOfStar","GrandCross"],"picked":"DarkMatter","floor":6.0},{"not_picked":["EnergyFlow","PowerUp"],"picked":"DragonMeteor","floor":13.0},{"not_picked":["ShootingEcho","PowerUp"],"picked":"MilkyWay","floor":14.0},{"not_picked":["SuperNova","UltimateShortwave"],"picked":"EscapeVelocity","floor":16.0},{"not_picked":["MysteriousBeam","PropBag"],"picked":"EarthLightRay+1","floor":18.0},{"not_picked":["GalacticHalo","MilkyWay+1"],"picked":"OpenUniverse+1","floor":19.0},{"not_picked":["AsteroidBelt","GravityBeat"],"picked":"Acceleration+1","floor":19.0},{"not_picked":["WitchOfGreed","MilkyWay"],"picked":"LuminesStrike","floor":19.0},{"not_picked":["RefractionSpark","WitchLeyline"],"picked":"Acceleration+1","floor":19.0},{"not_picked":["GravityBeat","IllusionStar"],"picked":"UltimateShortwave","floor":19.0},{"not_picked":["StarBarrage+1","LuminesStrike"],"picked":"ChargeUpSpray","floor":20.0},{"not_picked":["Acceleration","MilkyWay"],"picked":"DarkMatter","floor":21.0},{"not_picked":["PowerUp","Singularity"],"picked":"MagicAbsorber","floor":22.0},{"not_picked":["EnergyFlow","6A"],"picked":"IllusionStar","floor":23.0},{"not_picked":["SporeBomb","6A"],"picked":"GravityBeat","floor":24.0},{"not_picked":["OortCloud","Singularity","GalacticHalo"],"picked":"SKIP","floor":27.0},{"not_picked":["ChargeUpSpray","MilkyWay"],"picked":"DarkMatter","floor":30.0},{"not_picked":["IllusionStar","PowerUp","ShootingEcho"],"picked":"SKIP","floor":31.0},{"not_picked":["EscapeVelocity","AbsoluteMagnitude"],"picked":"SuperNova","floor":33.0},{"not_picked":["GalacticHalo","LuminesStrike+1"],"picked":"MysteriousBeam","floor":35.0},{"not_picked":["DragonMeteor","DoubleSpark"],"picked":"GravityBeat","floor":38.0},{"not_picked":["EnergyRecoil+1","SporeBomb+1","DarkSpark+1"],"picked":"SKIP","floor":39.0},{"not_picked":["PowerUp+1","MysteriousBeam","MeteoricShower"],"picked":"SKIP","floor":40.0},{"not_picked":["PowerUp+1","MysteriousBeam","MeteoricShower"],"picked":"SKIP","floor":40.0},{"not_picked":["DarkMatter","NonDirectionalLaser+1","MaximisePower"],"picked":"SKIP","floor":42.0},{"not_picked":["DarkMatter","NonDirectionalLaser+1"],"picked":"MaximisePower","floor":42.0},{"not_picked":["AsteroidBelt","Singularity+1","SporeBomb","IllusionStar+1"],"picked":"SKIP","floor":45.0},{"not_picked":["AsteroidBelt","Singularity+1","SporeBomb","IllusionStar+1"],"picked":"SKIP","floor":45.0},{"not_picked":["NonDirectionalLaser+1","Acceleration+1","DC+1"],"picked":"Orbital+1","floor":46},{"not_picked":["ShootingEcho+1","SuperNova","DragonMeteor","MysteriousBeam+1"],"picked":"SKIP","floor":47},{"not_picked":["Robbery+1","6A+1","MysteriousBeam+1","WitchOfGreed"],"picked":"SKIP","floor":48}],"player_experience":1095244,"relics_obtained":[{"floor":6.0,"key":"Gremlin Horn"},{"floor":9.0,"key":"Old Coin"},{"floor":13.0,"key":"MagicBroom"},{"floor":21.0,"key":"Red Mask"},{"floor":23.0,"key":"Boot"},{"floor":26.0,"key":"Omamori"},{"floor":27.0,"key":"Whetstone"},{"floor":29.0,"key":"Necronomicon"},{"floor":30.0,"key":"Pantograph"},{"floor":40.0,"key":"Blood Vial"},{"floor":42.0,"key":"Question Card"},{"floor":43.0,"key":"The Courier"},{"floor":45.0,"key":"Letter Opener"}],"event_choices":[{"damage_healed":0.0,"max_hp_gain":0.0,"max_hp_loss":6.0,"gold_gain":0.0,"event_name":"Golden Idol","player_choice":"Lose Max HP","floor":8.0,"gold_loss":0.0,"damage_taken":0.0,"relics_obtained":["Golden Idol"]},{"damage_healed":0.0,"max_hp_gain":0.0,"max_hp_loss":0.0,"gold_gain":0.0,"cards_transformed":["Strike_MRS"],"event_name":"Living Wall","player_choice":"Change","floor":11.0,"gold_loss":0.0,"damage_taken":0.0,"cards_obtained":["AsteroidBelt"]},{"damage_healed":0.0,"max_hp_gain":0.0,"max_hp_loss":0.0,"gold_gain":0.0,"event_name":"Masked Bandits","player_choice":"Fought Bandits","floor":21.0,"gold_loss":0.0,"damage_taken":0.0},{"damage_healed":0.0,"max_hp_gain":0.0,"max_hp_loss":0.0,"gold_gain":0.0,"event_name":"Cursed Tome","player_choice":"Obtained Book","floor":29.0,"gold_loss":0.0,"damage_taken":16.0},{"damage_healed":0.0,"max_hp_gain":0.0,"max_hp_loss":0.0,"gold_gain":0.0,"event_name":"OrinTheCat","player_choice":"Ignored","floor":36.0,"gold_loss":0.0,"damage_taken":0.0},{"damage_healed":0.0,"max_hp_gain":0.0,"max_hp_loss":0.0,"gold_gain":0.0,"event_name":"SecretPortal","player_choice":"Ignored","floor":41.0,"gold_loss":0.0,"damage_taken":0.0}],"is_beta":false,"boss_relics":[{"not_picked":["Runic Pyramid","Empty Cage"],"picked":"ExperimentalFamiliar"},{"not_picked":["Tiny House","Black Star"],"picked":"Fusion Hammer"}],"items_purged_floors":[28,44],"is_endless":false,"potions_floor_spawned":[2,3,4,14,16,21,24,30,31,33,39,42,47,48],"ascension_level":6}}