{"host":"2lvuisjyit3p3u01","time":1610224630,"event":{"mods":["Act Like it!","BaseMod","Bestiary","Better Synergies","CapriCore","Colored Map","Colored Powertips","Duelist Mod","GifTheSpireLib","Minty Spire (QoL Compilation)","Quick Restart","Replay The Spire","StSLib"],"gold_per_floor":[139,139,139,139,154,189,189,207,207,287,318,318,318,331,331,433,483,495,505,505,116,131,131,31,63,87,87,99,99,99,127,127,254,254,294,312,354,373,105,138,138,138],"floor_reached":41,"playtime":1904,"items_purged":["theDuelist:ThreateningRoar","Replay:Parry","theDuelist:GiantSoldier"],"score":892,"play_id":"daf8f9d9-2403-4cff-baef-b9691ed5f876","local_time":"20210109223710","is_ascension_mode":true,"campfire_choices":[{"data":"theDuelist:GravityLash","floor":7.0,"key":"SMITH"},{"floor":12.0,"key":"REST"},{"floor":23.0,"key":"REST"},{"floor":27.0,"key":"REST"},{"floor":30.0,"key":"REST"},{"data":"theDuelist:DragonMastery","floor":32.0,"key":"SMITH"}],"circlet_count":0,"master_deck":["theDuelist:BabyDragon+1","theDuelist:CaveDragon+1","theDuelist:CaveDragon+1","theDuelist:LesserDragon+1","theDuelist:LesserDragon+1","theDuelist:YamataDragon+1","theDuelist:GravityLash+1","theDuelist:TwinHeadedFire+1","theDuelist:Mountain+1","theDuelist:ForbiddenLance","theDuelist:CyberDragonNachster+1","theDuelist:CyberDragonSieger+1","theDuelist:YamataDragon+1","theDuelist:CoralDragon+1","theDuelist:PotGreed","theDuelist:DragonMastery+1","theDuelist:BeserkDragon+1"],"relics":["theDuelist:MillenniumPuzzle","theDuelist:CardPoolRelic","theDuelist:CardPoolBasicRelic","theDuelist:BoosterPackPoolRelic","theDuelist:CardPoolAddRelic","theDuelist:CardPoolMinusRelic","theDuelist:CardPoolSaveRelic","theDuelist:CardPoolOptionsRelic","NeowsBlessing","Singing Bowl","theDuelist:KaibaToken","WingedGreaves","Vampiric Spirits","Pandora\u0027s Box","theDuelist:MillenniumRod","theDuelist:MerchantPendant","theDuelist:YugiMirror","Peace Pipe","Pet Ghost","CaptainsWheel","Busted Crown","Blue Doll","Replay:Baseball"],"acts_visited":["Exordium","TheCity","TheBeyond"],"potions_floor_usage":[41],"damage_taken":[{"damage":0.0,"enemies":"2 Louse","floor":1.0,"turns":1.0},{"damage":0.0,"enemies":"Small Slimes","floor":5.0,"turns":1.0},{"damage":0.0,"enemies":"Gremlin Nob","floor":6.0,"turns":1.0},{"damage":0.0,"enemies":"Cultist","floor":8.0,"turns":2.0},{"damage":26.0,"enemies":"Lagavulin","floor":11.0,"turns":4.0},{"damage":4.0,"enemies":"Large Slime","floor":14.0,"turns":4.0},{"damage":44.0,"enemies":"Hexaghost","floor":16.0,"turns":7.0},{"damage":19.0,"enemies":"Shell Parasite","floor":18.0,"turns":3.0},{"damage":6.0,"enemies":"Chosen","floor":19.0,"turns":3.0},{"damage":16.0,"enemies":"Shelled Parasite and Fungi","floor":22.0,"turns":6.0},{"damage":66.0,"enemies":"Slavers","floor":25.0,"turns":5.0},{"damage":18.0,"enemies":"Sentry and Sphere","floor":28.0,"turns":5.0},{"damage":30.0,"enemies":"Gremlin Leader","floor":31.0,"turns":5.0},{"damage":26.0,"enemies":"Pondfish","floor":33.0,"turns":13.0},{"damage":21.0,"enemies":"Orb Walker","floor":35.0,"turns":3.0},{"damage":20.0,"enemies":"3 Shapes","floor":36.0,"turns":3.0},{"damage":44.0,"enemies":"Jaw Worm Horde","floor":38.0,"turns":8.0},{"damage":25.0,"enemies":"R_Hoarder","floor":40.0,"turns":4.0},{"damage":35,"enemies":"Spire Growth","floor":41,"turns":2}],"seed_played":"751539331002956046","potions_obtained":[{"floor":1.0,"key":"theDuelist:BabyPotion"},{"floor":8.0,"key":"PowerPotion"},{"floor":11.0,"key":"BlessingOfTheForge"},{"floor":19.0,"key":"theDuelist:WhiteBottle"},{"floor":31.0,"key":"Explosive Potion"},{"floor":35.0,"key":"theDuelist:BigTributeBottle"},{"floor":36.0,"key":"theDuelist:ReducerPotion"}],"is_trial":false,"path_per_floor":["M","?","?","?","M","E","R","M","T","?","E","R","T","M","R_BF","B",null,"M","M","?","$","M","R","$","E","T","R","M","$","R","E","R","B",null,"M","M","?","M","$","E","M"],"character_chosen":"THE_DUELIST","items_purchased":["theDuelist:MillenniumRod","theDuelist:MerchantPendant","theDuelist:YugiMirror","theDuelist:CoralDragon","Blue Doll"],"campfire_rested":4,"item_purchase_floors":[21,21,21,21,39],"current_hp_per_floor":[72,72,56,56,56,56,56,58,58,58,32,56,56,63,82,40,73,62,58,42,42,36,63,63,6,6,33,18,18,45,27,27,6,72,63,56,56,21,21,12,0,0],"gold":138,"neow_bonus":"THREE_ENEMY_KILL","is_daily":false,"chose_seed":false,"campfire_upgraded":2,"win_rate":0.0,"timestamp":1610224630,"path_taken":["M","?","?","?","?","E","R","M","T","?","E","R","?","M","R_BF","BOSS","M","?","?","$","M","R","$","E","T","R","M","$","R","E","R","BOSS","M","M","?","M","$","E","M"],"items_purchased_type":["Relic","Relic","Relic","Card","Relic"],"build_version":"2020-12-22","purchased_purges":3,"victory":false,"max_hp_per_floor":[80,80,80,80,80,80,80,82,82,82,82,82,82,82,82,84,84,86,88,88,88,90,90,90,90,90,90,90,90,90,92,92,94,94,94,96,96,98,98,100,100,100],"card_choices":[{"not_picked":["theDuelist:TwinHeadedBehemoth","theDuelist:ThunderDragon"],"picked":"theDuelist:GravityLash","floor":1.0},{"not_picked":["theDuelist:BigFire","theDuelist:Hinotama","theDuelist:LightningDarts","theDuelist:RainbowOverdragon","theDuelist:SmashingGround"],"picked":"SKIP","floor":5.0},{"not_picked":["theDuelist:CyberDinosaur","theDuelist:CloudianGhost","theDuelist:MegafleetDragon","theDuelist:DefenseZone"],"picked":"theDuelist:TwinHeadedFire","floor":6.0},{"not_picked":["theDuelist:BattleguardKing","theDuelist:Hinotama","theDuelist:LightningDarts","theDuelist:RainbowOverdragon","theDuelist:SmashingGround"],"picked":"Singing Bowl","floor":8.0},{"not_picked":["theDuelist:TotemDragon","theDuelist:JurassicImpact","theDuelist:DragonTreasure"],"picked":"theDuelist:Mountain","floor":11.0},{"not_picked":["theDuelist:BattleguardKing","theDuelist:Hinotama","theDuelist:LightningDarts","theDuelist:RainbowOverdragon"],"picked":"theDuelist:ForbiddenLance","floor":14.0},{"not_picked":["theDuelist:WingedDragonRa","theDuelist:TailSwipe","theDuelist:QueenDragunDjinn","theDuelist:BSkullDragon","theDuelist:GravityLash"],"picked":"Singing Bowl","floor":16.0},{"not_picked":["theDuelist:ViceDragon","theDuelist:Earthquake","theDuelist:CurseDragon","theDuelist:Beatraptor","theDuelist:BlackTyranno"],"picked":"Singing Bowl","floor":18.0},{"not_picked":["theDuelist:BattleguardKing+1","theDuelist:DestructPotion","theDuelist:BlueBloodedOni","theDuelist:Wiseman","theDuelist:FeatherPho"],"picked":"Singing Bowl","floor":19.0},{"not_picked":["theDuelist:BattleguardKing","theDuelist:Hinotama+1","theDuelist:LightningDarts","theDuelist:BigFire","theDuelist:Raigeki"],"picked":"Singing Bowl","floor":22.0},{"not_picked":["theDuelist:RainbowOverdragon+1","theDuelist:Wiseman","theDuelist:HaneHane+1","theDuelist:ForbiddenChalice+1"],"picked":"theDuelist:PotGreed","floor":25.0},{"not_picked":["theDuelist:OceanDragonLord","theDuelist:Lancephorhynchus+1","theDuelist:CyberDragonInfinity","theDuelist:BerserkScales"],"picked":"theDuelist:DragonMastery","floor":28.0},{"not_picked":["theDuelist:GiantRex","theDuelist:ThunderDragon+1","theDuelist:BlackTyranno","theDuelist:BarrelDragon","theDuelist:CyberDragonInfinity"],"picked":"Singing Bowl","floor":31.0},{"not_picked":["theDuelist:VoidOgreDragon","theDuelist:Lancephorhynchus","theDuelist:DragonMastery","theDuelist:DoomkaiserDragon","theDuelist:GravityLash"],"picked":"Singing Bowl","floor":33.0},{"not_picked":["theDuelist:AmuletDragon","theDuelist:DreadnoughtDreadnoid+1"],"picked":"theDuelist:BeserkDragon+1","floor":35.0},{"not_picked":["theDuelist:StarlightRoad+1","theDuelist:ScrapIronScarecrow+1","theDuelist:SafeZone+1"],"picked":"Singing Bowl","floor":36.0},{"not_picked":["theDuelist:BlackStego","theDuelist:TrihornedDragon","theDuelist:MadFlameKaiju"],"picked":"Singing Bowl","floor":38.0},{"not_picked":["theDuelist:FiveHeaded+1","theDuelist:ClawHermos","theDuelist:WhiteHornDragon"],"picked":"Singing Bowl","floor":40.0}],"player_experience":282252,"relics_obtained":[{"floor":6.0,"key":"Singing Bowl"},{"floor":9.0,"key":"theDuelist:KaibaToken"},{"floor":11.0,"key":"WingedGreaves"},{"floor":13.0,"key":"Vampiric Spirits"},{"floor":25.0,"key":"Peace Pipe"},{"floor":26.0,"key":"Pet Ghost"},{"floor":31.0,"key":"CaptainsWheel"},{"floor":40.0,"key":"Replay:Baseball"}],"event_choices":[{"damage_healed":0.0,"max_hp_gain":0.0,"max_hp_loss":0.0,"gold_gain":0.0,"event_name":"Battle City","player_choice":"Leave","duelist":true,"floor":2.0,"gold_loss":0.0,"damage_taken":0.0},{"damage_healed":0.0,"max_hp_gain":0.0,"max_hp_loss":0.0,"gold_gain":0.0,"event_name":"Shining Light","player_choice":"Entered Light","floor":3.0,"gold_loss":0.0,"damage_taken":16.0,"cards_upgraded":["theDuelist:LesserDragon","theDuelist:BabyDragon"]},{"damage_healed":0.0,"max_hp_gain":0.0,"max_hp_loss":0.0,"gold_gain":0.0,"event_name":"Match and Keep!","player_choice":"2 cards matched","floor":4.0,"gold_loss":0.0,"damage_taken":0.0,"cards_obtained":["Replay:Parry","theDuelist:GiantSoldier"]},{"damage_healed":0.0,"max_hp_gain":0.0,"max_hp_loss":0.0,"gold_gain":0.0,"event_name":"Cursed Tome","player_choice":"Obtained Book","floor":20.0,"gold_loss":0.0,"damage_taken":16.0},{"damage_healed":0.0,"max_hp_gain":0.0,"max_hp_loss":0.0,"gold_gain":0.0,"event_name":"Card Trader","player_choice":"Sold Dreadnought Dreadnoid for 42 Gold.","duelist":true,"floor":37.0,"gold_loss":0.0,"damage_taken":0.0}],"is_beta":false,"boss_relics":[{"not_picked":["Runic Pyramid","theDuelist:GamblerChip"],"picked":"Pandora\u0027s Box"},{"not_picked":["theDuelist:ElectricKey","Snecko Scales"],"picked":"Busted Crown"}],"items_purged_floors":[21,24,39],"is_endless":false,"potions_floor_spawned":[1,8,11,19,31,35,36],"killed_by":"Spire Growth","ascension_level":7}}