{"host":"xm0tf1maiknh0fp9","time":1610222668,"event":{"mods":["BaseMod","Colored Map","Colored Powertips","Googly Eyes","Minty Spire (QoL Compilation)","Replay The Spire","StSLib"],"gold_per_floor":[369,369,385,71,88,88,119,119,145,157,157],"floor_reached":10,"playtime":291,"items_purged":["Strike_R"],"score":69,"play_id":"35a82a62-197f-4b64-916b-5b5f75f83d7f","local_time":"20210109150428","is_ascension_mode":true,"campfire_choices":[{"data":"Battle Trance","floor":6,"key":"SMITH"},{"floor":8,"key":"REST"}],"circlet_count":0,"master_deck":["Strike_R","Strike_R","Strike_R","Defend_R","Defend_R","Defend_R","Defend_R","Bash","Battle Trance+1"],"relics":["Burning Blood","Replay:Bottled Snecko","Dream Catcher","Replay:Bandana"],"acts_visited":["Exordium"],"potions_floor_usage":[10],"damage_taken":[{"damage":16,"enemies":"Jaw Worm","floor":1,"turns":4},{"damage":15,"enemies":"Cultist","floor":3,"turns":4},{"damage":0,"enemies":"Small Slimes","floor":5,"turns":4},{"damage":56,"enemies":"Lagavulin","floor":7,"turns":8},{"damage":39,"enemies":"Gremlin Nob","floor":10,"turns":4}],"seed_played":"-9145234429628408896","potions_obtained":[{"floor":7,"key":"LiquidMemories"}],"is_trial":false,"path_per_floor":["M","?","M","$","M","R","E","R","T","E"],"character_chosen":"IRONCLAD","items_purchased":["Replay:Bottled Snecko"],"campfire_rested":1,"item_purchase_floors":[4],"current_hp_per_floor":[62,62,53,53,59,59,9,30,30,0,0],"gold":157,"neow_bonus":"TWO_FIFTY_GOLD","is_daily":false,"chose_seed":false,"campfire_upgraded":1,"win_rate":0.0,"timestamp":1610222668,"path_taken":["M","?","M","$","?","R","E","R","T","E"],"items_purchased_type":["Relic"],"build_version":"2020-12-22","purchased_purges":1,"victory":false,"max_hp_per_floor":[72,72,72,72,72,72,72,72,72,72,72],"card_choices":[{"not_picked":["Headbutt","Shrug It Off","Ghostly Armor"],"picked":"SKIP","floor":1},{"not_picked":["Flex","Clash","Brutality"],"picked":"SKIP","floor":3},{"not_picked":["Thunderclap","Spot Weakness"],"picked":"Battle Trance","floor":5},{"not_picked":["Hemokinesis","Pommel Strike","ReplayReversal"],"picked":"SKIP","floor":7}],"player_experience":108510,"relics_obtained":[{"floor":7,"key":"Dream Catcher"},{"floor":9,"key":"Replay:Bandana"}],"event_choices":[{"cards_removed":["Strike_R"],"damage_healed":0,"gold_gain":0,"player_choice":"Purged","damage_taken":0,"max_hp_gain":0,"max_hp_loss":0,"event_name":"Purifier","floor":2,"gold_loss":0}],"is_beta":false,"boss_relics":[],"items_purged_floors":[4],"is_endless":false,"potions_floor_spawned":[7],"killed_by":"Gremlin Nob","ascension_level":1}}