{"host":"uxq2rly8rxtwffuf","time":1610195939,"event":{"mods":["BaseMod","Koishi","Minty Spire (QoL Compilation)","StSLib","The Judge","The Servant 0.9.4"],"gold_per_floor":[115,115,132,6,6,6,22,49,49,64,64,76,86,96,96,96,96],"floor_reached":16,"playtime":492,"items_purged":["Strike_G"],"score":166,"play_id":"b34c10b0-77cd-4cc0-a5d7-1221ab26a3a9","local_time":"20210109153859","is_ascension_mode":true,"campfire_choices":[{"data":"Bouncing Flask","floor":6,"key":"SMITH"},{"floor":11,"key":"REST"},{"floor":15,"key":"REST"}],"circlet_count":0,"master_deck":["AscendersBane","Strike_G","Strike_G","Strike_G","Defend_G","Defend_G","Defend_G","Defend_G","Survivor","Neutralize","Bouncing Flask+1","Poisoned Stab","Masterful Stab","Die Die Die","Dodge and Roll","Deadly Poison","Bane","Deadly Poison","Deadly Poison"],"relics":["Ring of the Snake","Frozen Egg 2","Question Card"],"acts_visited":["Exordium"],"potions_floor_usage":[8,12,16],"damage_taken":[{"damage":1,"enemies":"2 Louse","floor":1,"turns":4},{"damage":0,"enemies":"Cultist","floor":3,"turns":4},{"damage":1,"enemies":"Small Slimes","floor":7,"turns":3},{"damage":22,"enemies":"Lagavulin","floor":8,"turns":4},{"damage":14,"enemies":"Exordium Thugs","floor":10,"turns":4},{"damage":0,"enemies":"Exordium Wildlife","floor":12,"turns":3},{"damage":0,"enemies":"Lots of Slimes","floor":13,"turns":1},{"damage":21,"enemies":"Exordium Thugs","floor":14,"turns":4},{"damage":55,"enemies":"Slime Boss","floor":16,"turns":9}],"seed_played":"2728971751306043902","potions_obtained":[{"floor":1,"key":"CultistPotion"},{"floor":10,"key":"Poison Potion"},{"floor":14,"key":"DistilledChaos"}],"is_trial":false,"path_per_floor":["M","?","M","$","?","R","M","E","T","M","R","M","M","M","R","B"],"character_chosen":"THE_SILENT","items_purchased":["Poisoned Stab"],"campfire_rested":2,"item_purchase_floors":[4],"current_hp_per_floor":[69,62,62,62,62,62,61,39,39,25,48,48,48,27,50,0,0],"gold":96,"neow_bonus":"TEN_PERCENT_HP_BONUS","is_daily":false,"chose_seed":false,"campfire_upgraded":1,"win_rate":0.0,"timestamp":1610195939,"path_taken":["M","?","M","$","?","R","M","E","T","M","R","?","M","M","R","BOSS"],"items_purchased_type":["Card"],"build_version":"2020-12-22","purchased_purges":1,"victory":false,"max_hp_per_floor":[77,77,77,77,77,77,77,77,77,77,77,77,77,77,77,77,77],"card_choices":[{"not_picked":["Dagger Spray","Dodge and Roll"],"picked":"Bouncing Flask","floor":1},{"not_picked":["Masterful Stab","Calculated Gamble","PiercingWail"],"picked":"SKIP","floor":3},{"not_picked":["All Out Attack","Quick Slash"],"picked":"Die Die Die","floor":7},{"not_picked":["Choke","Dagger Spray"],"picked":"Dodge and Roll","floor":8},{"not_picked":["Dagger Throw","Outmaneuver","Sucker Punch"],"picked":"Deadly Poison","floor":10},{"not_picked":["Prepared","PiercingWail","Acrobatics"],"picked":"Bane","floor":12},{"not_picked":["Outmaneuver","Prepared","Flying Knee"],"picked":"Deadly Poison","floor":13},{"not_picked":["Terror","Backflip","Dagger Throw"],"picked":"Deadly Poison","floor":14}],"player_experience":1388958,"relics_obtained":[{"floor":8,"key":"Frozen Egg 2"},{"floor":9,"key":"Question Card"}],"event_choices":[{"cards_removed":["Strike_G"],"damage_healed":0,"gold_gain":0,"player_choice":"Card Removal","damage_taken":7,"max_hp_gain":0,"max_hp_loss":0,"event_name":"Golden Wing","floor":2,"gold_loss":0},{"damage_healed":0,"gold_gain":0,"cards_transformed":["Defend_G"],"player_choice":"Transformed","damage_taken":0,"max_hp_gain":0,"max_hp_loss":0,"event_name":"Transmorgrifier","floor":5,"gold_loss":0,"cards_obtained":["Masterful Stab"]}],"is_beta":false,"boss_relics":[],"items_purged_floors":[4],"is_endless":false,"potions_floor_spawned":[1,10,14],"killed_by":"Slime Boss","ascension_level":12}}