{"host":"xvyva5f9howyleoa","time":1610176760,"event":{"mods":["BaseMod","BetterRewards","Colored Map","GifTheSpireLib","Infinite Spire","Minty Spire (QoL Compilation)","Quick Restart","Reimu（博丽灵梦）","Remilia（蕾米莉亚）","RumiaBox-露米娅的神秘盒子","Say the Spire","Shop Mod","StSLib","SuperFastMode","The Cursed","The Servant 0.9.4","WarShipGirlsR/战舰少女R mod","[IsaacMod]以撒尖塔"],"gold_per_floor":[111,125,44,44,219,249,249,180,252,282,295,306,320,337,337,436,436,454,553,603,302,321,346,346,346],"floor_reached":24,"playtime":1686,"items_purged":["rmod:strick"],"score":301,"play_id":"bc30e235-dcbd-4316-b111-5c8ca3c2dbeb","local_time":"20210109151920","is_ascension_mode":false,"campfire_choices":[{"data":"rmod:chargemoney","floor":7.0,"key":"SMITH"},{"floor":15,"key":"RECALL"}],"circlet_count":0,"master_deck":["rmod:strick","rmod:strick","rmod:defend","rmod:defend","rmod:defend","rmod:defend","rmod:basicallowance","rmod:maingunfire","DoctorFetus","rmod:intelligenceanalysis","rmod:ammunitionsupply","rmod:chargemoney+1","Doubt","rmod:mineteam","rmod:saltedfish","rmod:unsinkable","rmod:aluminumsupply","rmod:circuitoustactics","rmod:wife","rmod:supriseattacks","rmod:windflower","rmod:seals","rmod:heivgo","rmod:unsinkable+1","rmod:sl","rmod:stealaluminum","rmod:luckystar+1","rmod:lonelyqueen"],"relics":["HushsDoor","NeowsBlessing","HowToJump","DoctorsRemote","The Courier","Bag of Preparation","rmod:mogul","Molten Egg 2","Omamori","MerchantsRug","Lantern"],"acts_visited":["Exordium","TheCity"],"potions_floor_usage":[16,16,23],"damage_taken":[{"damage":0.0,"enemies":"2 Louse","floor":1.0,"turns":1.0},{"damage":0.0,"enemies":"Small Slimes","floor":2.0,"turns":1.0},{"damage":0.0,"enemies":"3 Sentries","floor":6.0,"turns":3.0},{"damage":19,"enemies":"Lagavulin","floor":10,"turns":6},{"damage":5,"enemies":"Jaw Worm","floor":11,"turns":3},{"damage":8,"enemies":"Exordium Thugs","floor":12,"turns":6},{"damage":9,"enemies":"Blue Slaver","floor":13,"turns":5},{"damage":13,"enemies":"Exordium Wildlife","floor":14,"turns":5},{"damage":0,"enemies":"Slime Boss","floor":16,"turns":6},{"damage":0,"enemies":"Shell Parasite","floor":18,"turns":3},{"damage":15,"enemies":"Hiden Room Battle","floor":20,"turns":4},{"damage":14,"enemies":"2 Thieves","floor":22,"turns":4},{"damage":14,"enemies":"Nightmare","floor":23,"turns":8},{"damage":29,"enemies":"Centurion and Healer","floor":24,"turns":4}],"seed_played":"7054773068372712992","potions_obtained":[{"floor":2.0,"key":"SneckoOil"},{"floor":6.0,"key":"ColorlessPotion"},{"floor":10,"key":"Weak Potion"},{"floor":13,"key":"DistilledChaos"},{"floor":20,"key":"Regen Potion"}],"is_trial":false,"path_per_floor":["M","M","$","?","?","E","R","$","T","E","M","M","M","M","R","B",null,"M","?","?","$","M","NM","M"],"character_chosen":"PRAEFECT","items_purchased":["rmod:chargemoney","rmod:mineteam","rmod:windflower","rmod:seals","MerchantsRug","rmod:sl","rmod:stealaluminum"],"campfire_rested":0,"item_purchase_floors":[3,8,17,17,21,21,21],"current_hp_per_floor":[75,75,75,68,68,68,68,68,68,49,44,36,27,14,14,14,68,68,68,53,53,39,25,0,0],"gold":346,"neow_bonus":"THREE_ENEMY_KILL","is_daily":false,"chose_seed":false,"campfire_upgraded":1,"win_rate":0.0,"timestamp":1610176760,"path_taken":["M","M","$","?","?","E","R","?","T","E","M","M","?","M","R","BOSS","M","?","?","$","M","NM","M"],"items_purchased_type":["Card","Card","Card","Card","Relic","Card","Card"],"build_version":"2020-12-22","purchased_purges":1,"victory":false,"max_hp_per_floor":[75,75,75,75,75,75,75,75,75,75,75,75,75,75,75,75,68,68,68,68,68,68,68,68,68],"card_choices":[{"not_picked":[],"picked":"DoctorFetus","floor":0.0},{"not_picked":["rmod:garrisonisland","rmod:launchingtorpedo"],"picked":"rmod:intelligenceanalysis","floor":1.0},{"not_picked":["rmod:supportescort","rmod:wolves"],"picked":"rmod:ammunitionsupply","floor":2.0},{"not_picked":["rmod:intelligenceanalysis","rmod:selfconfidence"],"picked":"Bomb","floor":6.0},{"not_picked":["rmod:steelsupply","rmod:intelligenceanalysis"],"picked":"rmod:saltedfish","floor":10},{"not_picked":["rmod:fletcherpendant","rmod:diamondstrike"],"picked":"rmod:unsinkable","floor":11},{"not_picked":["rmod:spoils","rmod:tearstotiara"],"picked":"rmod:aluminumsupply","floor":12},{"not_picked":["rmod:supportescort","rmod:steelsupply"],"picked":"rmod:circuitoustactics","floor":13},{"not_picked":["rmod:tearstotiara","rmod:steelsupply"],"picked":"rmod:wife","floor":14},{"not_picked":["rmod:expeditionaryescort","rmod:timeschanged"],"picked":"rmod:supriseattacks","floor":16},{"not_picked":["rmod:luckystar","rmod:intelligenceanalysis"],"picked":"rmod:heivgo","floor":18},{"not_picked":["rmod:mineteam","rmod:steelsupply"],"picked":"rmod:unsinkable+1","floor":20},{"not_picked":["rmod:windflower","rmod:maintain+1"],"picked":"rmod:luckystar+1","floor":22},{"not_picked":["rmod:punchline","rmod:unsinkable"],"picked":"rmod:lonelyqueen","floor":23}],"player_experience":10736,"relics_obtained":[{"floor":6.0,"key":"HowToJump"},{"floor":9.0,"key":"The Courier"},{"floor":10,"key":"Bag of Preparation"},{"floor":20,"key":"Molten Egg 2"},{"floor":20,"key":"Omamori"},{"floor":23,"key":"Lantern"}],"event_choices":[{"cards_removed":["rmod:strick"],"damage_healed":0.0,"max_hp_gain":0.0,"max_hp_loss":0.0,"gold_gain":0.0,"event_name":"Golden Wing","player_choice":"Card Removal","floor":4.0,"gold_loss":0.0,"damage_taken":7.0},{"damage_healed":0.0,"max_hp_gain":0.0,"max_hp_loss":0.0,"gold_gain":175.0,"event_name":"Liars Game","player_choice":"AGREE","floor":5.0,"gold_loss":0.0,"damage_taken":0.0,"cards_obtained":["Doubt"]},{"damage_healed":0,"gold_gain":99,"player_choice":"Stole From Cult","damage_taken":0,"max_hp_gain":0,"max_hp_loss":0,"event_name":"Nest","floor":19,"gold_loss":0},{"damage_healed":0,"gold_gain":0,"player_choice":"Fight","damage_taken":0,"max_hp_gain":0,"max_hp_loss":0,"event_name":"HidenRoomEvent","floor":20,"gold_loss":0}],"is_beta":false,"boss_relics":[{"not_picked":["Sozu","Busted Crown"],"picked":"rmod:mogul"},{"not_picked":[]}],"items_purged_floors":[21],"is_endless":true,"potions_floor_spawned":[2,6,10,13,14,20],"killed_by":"Centurion and Healer","ascension_level":0}}