{"host":"6749gst1gzuv21qf","time":1610233074,"event":{"mods":["Aspiration","BaseMod","Better Altar","Better Match","Better Note","Better Sensory Stone","Better Skull","Better Third Choice","BetterRewards","Colored Map","Colored Powertips","Downfall","Highlight Path","Minty Spire (QoL Compilation)","Permanent Neow","Replay The Spire","Shop Mod","Spicy Shops","StSLib","The Cursed","Wandering Minibosses"],"gold_per_floor":[99,113,128,128,128,128,128,128,128,128,145,159,177,188,201,301,301,301,320,13,0,16,16,16,16,30,30,30,11,24,41,54,54,54,54],"floor_reached":33,"playtime":2662,"items_purged":["Guardian:Defend_Guardian"],"score":266,"play_id":"34084c8e-6d05-4fbe-b1b5-4b5630cd0bc0","local_time":"20210109175754","is_ascension_mode":false,"campfire_choices":[],"circlet_count":0,"master_deck":["Guardian:Strike_Guardian","Guardian:Strike_Guardian","Guardian:Strike_Guardian","Guardian:Defend_Guardian","Guardian:Defend_Guardian","Guardian:Defend_Guardian","Guardian:CurlUp","Guardian:TwinSlam","Shame","Guardian:HyperBeam_Guardian","Apotheosis+1","Guardian:VentSteam","Guardian:DonusPower","Guardian:Gem_Fragmented","Guardian:Gem_Green","Guardian:Gem_Cyan","Injury","Guardian:Gem_Lightblue","Guardian:Gem_Synthetic","Guardian:Gem_Blue","Guardian:WalkerClaw+1","Guardian:RollAttack+1","Guardian:ConstructionForm","Guardian:Incinerate+1","Guardian:PiercingHide","Guardian:TimeSifter","Guardian:Gem_White","Guardian:Gem_Red","Guardian:ChargeCore+1","Guardian:TimeBomb","Guardian:ChargeUp","Mayhem","Guardian:AncientConstruct","Guardian:ShieldCharger","Mayhem","Guardian:TemporalShield","Guardian:PiercingHide","Guardian:Repulse","Guardian:RollAttack+1","Guardian:StasisField","Guardian:Recover"],"relics":["Guardian:ModeShifter","Guardian:PickAxe","Molten Egg 2","aspiration:StickyExplosives_weak","Mummified Hand","Fusion Hammer","aspiration:ArtOfWarUpgrade"],"acts_visited":["Exordium","TheCity"],"potions_floor_usage":[16,16,20,30,31],"damage_taken":[{"damage":0,"enemies":"Cultist","floor":2,"turns":4},{"damage":3,"enemies":"Jaw Worm","floor":3,"turns":3},{"damage":0,"enemies":"Jaw Worm","floor":5,"turns":2},{"damage":10,"enemies":"Small Slimes","floor":11,"turns":3},{"damage":5,"enemies":"Red Slaver","floor":12,"turns":3},{"damage":0,"enemies":"Lots of Slimes","floor":13,"turns":1},{"damage":12,"enemies":"Exordium Wildlife","floor":14,"turns":5},{"damage":5,"enemies":"Red Slaver","floor":15,"turns":4},{"damage":17,"enemies":"downfall:Ironclad","floor":16,"turns":8},{"damage":11,"enemies":"3 Byrds","floor":19,"turns":5},{"damage":0,"enemies":"downfall:FleeingMerchant","floor":20,"turns":4},{"damage":0,"enemies":"downfall:FleeingMerchant","floor":21,"turns":4},{"damage":4,"enemies":"Chosen","floor":22,"turns":4},{"damage":13,"enemies":"Snake Plant","floor":26,"turns":4},{"damage":15,"enemies":"downfall:FleeingMerchant","floor":29,"turns":5},{"damage":12,"enemies":"Shelled Parasite and Fungi","floor":30,"turns":4},{"damage":31,"enemies":"Centurion and Healer","floor":31,"turns":6},{"damage":2,"enemies":"Chosen and Byrds","floor":32,"turns":5},{"damage":8,"enemies":"downfall:Silent","floor":33,"turns":1}],"seed_played":"-3464621681904377735","potions_obtained":[{"floor":3,"key":"DistilledChaos"},{"floor":12,"key":"FairyPotion"},{"floor":13,"key":"Explosive Potion"},{"floor":14,"key":"EntropicBrew"},{"floor":22,"key":"SteroidPotion"},{"floor":31,"key":"SneckoOil"},{"floor":32,"key":"SkillPotion"}],"is_trial":false,"path_per_floor":["R_BF","M","M","?","?","?","T","R","T","R","M","M","M","M","M","B",null,"R","M","$","$","M","?","T","R","M","?","R","$","M","M","M","B"],"character_chosen":"GUARDIAN","items_purchased":["Guardian:ChargeUp","Mayhem","Guardian:Repulse"],"campfire_rested":0,"item_purchase_floors":[20,20,29],"current_hp_per_floor":[80,80,77,77,41,41,41,41,41,41,31,26,26,14,9,19,80,80,69,69,69,65,65,65,65,52,37,37,22,10,10,8,0,0,0],"gold":54,"neow_bonus":"THREE_RARE_CARDS","is_daily":false,"chose_seed":false,"campfire_upgraded":0,"win_rate":0.0,"timestamp":1610233074,"path_taken":["R_BF","M","M","?","?","?","T","R","?","R","M","?","M","M","M","BOSS","R","M","?","$","M","?","T","R","?","?","R","$","M","M","M","BOSS"],"items_purchased_type":["Card","Card","Card"],"build_version":"2020-12-22","purchased_purges":1,"victory":false,"max_hp_per_floor":[80,80,80,80,80,80,80,80,80,80,80,80,80,80,80,80,80,80,80,80,80,80,80,80,80,80,85,85,85,85,85,85,85,85,85],"card_choices":[{"not_picked":["Guardian:AncientConstruct","Guardian:ConstructionForm"],"picked":"Guardian:HyperBeam_Guardian","floor":0},{"not_picked":["Guardian:Planning","Guardian:Suspension"],"picked":"Guardian:VentSteam","floor":2},{"not_picked":["Guardian:BronzeArmor","Guardian:Gem_Cyan"],"picked":"Guardian:DonusPower","floor":3},{"not_picked":["Guardian:Gem_Lightblue","Guardian:SentryBeam+1"],"picked":"Guardian:WalkerClaw+1","floor":11},{"not_picked":["Guardian:DecasProtection","Guardian:Gem_Cyan"],"picked":"Guardian:RollAttack+1","floor":12},{"not_picked":["Guardian:ShieldCharger","Guardian:Gem_Red"],"picked":"Guardian:ConstructionForm","floor":13},{"not_picked":["Guardian:RollAttack+1","Guardian:PrimingBeam+1"],"picked":"Guardian:Incinerate+1","floor":14},{"not_picked":["Guardian:Gem_Lightblue","Guardian:Gem_Blue"],"picked":"Guardian:PiercingHide","floor":15},{"not_picked":["Guardian:StasisField","Guardian:Gem_Synthetic"],"picked":"Guardian:TimeSifter","floor":16},{"not_picked":["Guardian:FloatingOrbs","Guardian:Recover"],"picked":"Guardian:ChargeCore+1","floor":19},{"not_picked":["Guardian:PrimingBeam+1","Guardian:Reroute+1"],"picked":"Guardian:TimeBomb","floor":20},{"not_picked":["Guardian:Gem_Fragmented","Guardian:Incinerate+1"],"picked":"Guardian:AncientConstruct","floor":21},{"not_picked":["Guardian:Clone+1","Guardian:Planning"],"picked":"Guardian:ShieldCharger","floor":22},{"not_picked":["Guardian:CrystalBeam+1","Guardian:Suspension"],"picked":"Guardian:TemporalShield","floor":26},{"not_picked":["Guardian:Gem_Lightblue","Guardian:AncientConstruct"],"picked":"Guardian:PiercingHide","floor":29},{"not_picked":["Guardian:PiercingHide","Guardian:CrystalBeam+1"],"picked":"Guardian:RollAttack+1","floor":30},{"not_picked":["Guardian:Planning","Guardian:ShieldCharger"],"picked":"Guardian:StasisField","floor":31},{"not_picked":["Guardian:Gem_Lightblue","Guardian:Gem_Green"],"picked":"Guardian:Recover","floor":32}],"player_experience":602164,"relics_obtained":[{"floor":7,"key":"aspiration:StickyExplosives_weak"},{"floor":9,"key":"Mummified Hand"},{"floor":24,"key":"Art of War"}],"event_choices":[{"cards_removed":["Guardian:TwinSlam"],"damage_healed":0,"gold_gain":0,"player_choice":"Take \u0026 Give","damage_taken":0,"max_hp_gain":0,"max_hp_loss":0,"event_name":"betterNote:BetterNote","floor":1,"gold_loss":0,"cards_obtained":["Apotheosis"]},{"damage_healed":0,"gold_gain":0,"player_choice":"Copied","damage_taken":0,"max_hp_gain":0,"max_hp_loss":0,"event_name":"Duplicator","floor":23,"gold_loss":0,"cards_obtained":["Mayhem"]}],"is_beta":false,"boss_relics":[{"not_picked":["Coffee Dripper","Runic Dome"],"picked":"Fusion Hammer"}],"items_purged_floors":[20],"is_endless":false,"potions_floor_spawned":[3,12,13,14,16,22,26,31,32],"killed_by":"downfall:Silent","ascension_level":0}}