{"host":"dnd25fcf5l5puhl9","time":1610153437,"event":{"mods":["AchievementEnabler","Act Like it!","BaseMod","BetterRewards","Colored Map","Colored Powertips","Downfall","Gensokyo","Hermit","Hubris","Infinite Spire","Lobotomy","Minty Spire (QoL Compilation)","Replay The Spire","Shop Mod","StSLib","SuperFastMode","The Cursed","The Disciple","The Jungle"],"gold_per_floor":[118,128,128,78,90,117,128,128,177,208,236,248,187,227,239,263,263],"floor_reached":16,"playtime":1422,"items_purged":[],"score":198,"play_id":"e9fa6c79-aba4-48fe-86d1-333c0842e49f","local_time":"20210108225037","is_ascension_mode":true,"campfire_choices":[{"floor":8,"key":"REST"},{"floor":12,"key":"REST"},{"data":"Machine Learning","floor":15,"key":"SMITH"}],"circlet_count":0,"master_deck":["Strike_B","Strike_B","Strike_B","Defend_B","Defend_B","Defend_B","Defend_B","Zap","Dualcast","Reinforced Body","Sweeping Beam","BootSequence","Leap","Machine Learning+1"],"relics":["Cracked Core","Replay:Wax Seal","infinitespire:Beetle Shell","Strange Spoon","Oddly Smooth Stone","ReplayTheSpireMod:TigerMarble","hubris:BallOfYels","MawBank","Replay:Bandana"],"acts_visited":["Exordium"],"potions_floor_usage":[13,16,16],"damage_taken":[{"damage":8,"enemies":"Jaw Worm","floor":1,"turns":4},{"damage":7,"enemies":"Small Slimes","floor":2,"turns":4},{"damage":0,"enemies":"2 Louse","floor":5,"turns":2},{"damage":26,"enemies":"Gremlin Nob","floor":6,"turns":5},{"damage":0,"enemies":"2 Fungi Beasts","floor":7,"turns":2},{"damage":24,"enemies":"3 Sentries","floor":10,"turns":9},{"damage":0,"enemies":"Looter","floor":11,"turns":3},{"damage":16,"enemies":"Lagavulin","floor":13,"turns":8},{"damage":0,"enemies":"3 Louse","floor":14,"turns":2},{"damage":35,"enemies":"Slime Boss","floor":16,"turns":8}],"seed_played":"-3275492678323471134","potions_obtained":[{"floor":1,"key":"Elixir"},{"floor":5,"key":"sneckomod:MuddlingPotion"},{"floor":10,"key":"PowerPotion"},{"floor":13,"key":"SteroidPotion"}],"is_trial":false,"path_per_floor":["M","M","?","?","M","E","M","R","T","E","M","R","E","M","R","B"],"character_chosen":"DEFECT","items_purchased":["Replay:Wax Seal","infinitespire:Beetle Shell","Strange Spoon"],"campfire_rested":2,"item_purchase_floors":[0,0,0],"current_hp_per_floor":[58,51,51,51,51,25,25,47,47,23,23,45,29,29,29,0,0],"gold":263,"neow_bonus":"","is_daily":false,"chose_seed":false,"campfire_upgraded":1,"win_rate":0.0,"timestamp":1610153437,"path_taken":["M","M","?","?","M","E","M","R","T","E","M","R","E","M","R","BOSS"],"items_purchased_type":["Relic","Relic","Relic"],"build_version":"2020-12-22","purchased_purges":0,"victory":false,"max_hp_per_floor":[75,75,75,75,75,75,75,75,75,75,75,75,75,75,75,75,75],"card_choices":[{"not_picked":["Coolheaded","BasicCrystalCard","Beam Cell"],"picked":"SKIP","floor":1},{"not_picked":["Cold Snap","Scrape"],"picked":"Reinforced Body","floor":2},{"not_picked":["Stack","Static Discharge"],"picked":"Sweeping Beam","floor":5},{"not_picked":["Rip and Tear","ReplayTheSpireMod:System Scan","Stack"],"picked":"SKIP","floor":6},{"not_picked":["FIFO Queue","Reinforced Body"],"picked":"BootSequence","floor":7},{"not_picked":["Skim","Sweeping Beam","Heatsinks"],"picked":"SKIP","floor":10},{"not_picked":["Cold Snap","Genetic Algorithm"],"picked":"Leap","floor":11},{"not_picked":["Reinforced Body","Creative AI"],"picked":"Machine Learning","floor":13},{"not_picked":["Time Bomb","Leap","Sunder"],"picked":"SKIP","floor":14}],"player_experience":560915,"relics_obtained":[{"floor":3,"key":"Oddly Smooth Stone"},{"floor":6,"key":"ReplayTheSpireMod:TigerMarble"},{"floor":9,"key":"hubris:BallOfYels"},{"floor":10,"key":"MawBank"},{"floor":13,"key":"Replay:Bandana"}],"event_choices":[{"cards_removed":["Strike_B"],"damage_healed":0,"gold_gain":0,"player_choice":"Card Removal","damage_taken":0,"max_hp_gain":0,"max_hp_loss":0,"event_name":"The Cleric","floor":4,"gold_loss":50}],"is_beta":false,"boss_relics":[],"items_purged_floors":[],"is_endless":false,"potions_floor_spawned":[1,5,10,13],"killed_by":"Slime Boss","ascension_level":3}}