{"host":"wwo1kwxjf4eyz37q","time":1610175823,"event":{"mods":["AchievementEnabler","BaseMod","Colored Map","Minty Spire (QoL Compilation)","Quick Restart","SuperFastMode"],"gold_per_floor":[118,118,118,1,76,102,102,117,117,148,148,148,148,40,40,138,138,153,170,170,203,221,221,221,221],"floor_reached":24,"playtime":884,"items_purged":["Strike_B"],"score":281,"play_id":"a8078718-c5f1-4b77-b579-096ed893af27","local_time":"20210109160343","is_ascension_mode":true,"campfire_choices":[{"data":"Dualcast","floor":7,"key":"SMITH"},{"data":"Zap","floor":11,"key":"SMITH"},{"floor":13,"key":"REST"},{"data":"Streamline","floor":15,"key":"SMITH"},{"data":"Capacitor","floor":23,"key":"SMITH"}],"circlet_count":0,"master_deck":["Strike_B","Strike_B+1","Defend_B","Defend_B","Defend_B","Defend_B","Zap+1","Dualcast+1","Coolheaded+1","Genetic Algorithm","Capacitor+1","Streamline+1","Conserve Battery+1","Self Repair","Core Surge","Turbo+1","Ball Lightning","Storm+1"],"relics":["Cracked Core","NeowsBlessing","MealTicket","Toxic Egg 2","Happy Flower","Omamori","Sozu","Strawberry","Red Mask"],"acts_visited":["Exordium","TheCity"],"potions_floor_usage":[10,19],"damage_taken":[{"damage":0.0,"enemies":"2 Louse","floor":1.0,"turns":1.0},{"damage":0,"enemies":"Gremlin Nob","floor":6,"turns":1},{"damage":0,"enemies":"Jaw Worm","floor":8,"turns":1},{"damage":29,"enemies":"Lagavulin","floor":10,"turns":5},{"damage":14,"enemies":"The Guardian","floor":16,"turns":10},{"damage":3,"enemies":"Shell Parasite","floor":18,"turns":6},{"damage":7,"enemies":"3 Byrds","floor":19,"turns":5},{"damage":35,"enemies":"Masked Bandits","floor":21,"turns":5},{"damage":15,"enemies":"Shelled Parasite and Fungi","floor":22,"turns":6},{"damage":25,"enemies":"Gremlin Leader","floor":24,"turns":5}],"seed_played":"-8659475748495900583","potions_obtained":[{"floor":6,"key":"LiquidMemories"},{"floor":10,"key":"FearPotion"}],"is_trial":false,"path_per_floor":["M","?","?","$","?","E","R","M","T","E","R","?","R","$","R","B",null,"M","M","?","?","M","R","E"],"character_chosen":"DEFECT","items_purchased":["Genetic Algorithm","Capacitor","Self Repair"],"campfire_rested":1,"item_purchase_floors":[4,4,14],"current_hp_per_floor":[75,60,60,60,49,49,49,49,49,20,20,2,24,39,39,32,64,68,68,75,47,39,39,14,14],"gold":221,"neow_bonus":"THREE_ENEMY_KILL","is_daily":false,"chose_seed":false,"campfire_upgraded":4,"win_rate":0.0,"timestamp":1610175823,"path_taken":["M","?","?","$","?","E","R","M","T","E","R","?","R","$","R","BOSS","M","M","?","?","M","R","E"],"items_purchased_type":["Card","Card","Card"],"build_version":"2020-12-22","purchased_purges":1,"victory":false,"max_hp_per_floor":[75,75,75,75,75,75,75,75,75,75,75,75,75,75,75,75,75,75,75,82,82,82,82,82,82],"card_choices":[{"not_picked":["Hologram","Gash"],"picked":"Coolheaded","floor":1.0},{"not_picked":["Coolheaded","Multi-Cast"],"picked":"Streamline","floor":6},{"not_picked":["Lockon","Stack","Rebound"],"picked":"SKIP","floor":8},{"not_picked":["Blizzard","Leap+1"],"picked":"Conserve Battery+1","floor":10},{"not_picked":["Amplify+1","Creative AI"],"picked":"Core Surge","floor":16},{"not_picked":["Reinforced Body+1","Gash","Redo+1"],"picked":"SKIP","floor":18},{"not_picked":["Rebound+1","Compile Driver+1"],"picked":"Turbo+1","floor":19},{"not_picked":["Barrage","Coolheaded+1"],"picked":"Ball Lightning","floor":21},{"not_picked":["Rebound","Ball Lightning"],"picked":"Storm+1","floor":22}],"player_experience":205309,"relics_obtained":[{"floor":6,"key":"MealTicket"},{"floor":9,"key":"Toxic Egg 2"},{"floor":10,"key":"Happy Flower"},{"floor":21,"key":"Red Mask"}],"event_choices":[{"damage_healed":0.0,"max_hp_gain":0.0,"max_hp_loss":0.0,"gold_gain":0.0,"event_name":"Shining Light","player_choice":"Entered Light","floor":2.0,"gold_loss":0.0,"damage_taken":15.0,"cards_upgraded":["Coolheaded","Strike_B"]},{"cards_removed":["Strike_B"],"damage_healed":0,"gold_gain":0,"player_choice":"Forget","damage_taken":0,"max_hp_gain":0,"max_hp_loss":0,"event_name":"Living Wall","floor":3,"gold_loss":0},{"damage_healed":0,"gold_gain":75,"player_choice":"Gather Gold","damage_taken":11,"max_hp_gain":0,"max_hp_loss":0,"event_name":"World of Goop","floor":5,"gold_loss":0},{"damage_healed":0,"gold_gain":0,"player_choice":"Success","damage_taken":18,"relics_obtained":["Omamori"],"max_hp_gain":0,"max_hp_loss":0,"event_name":"Scrap Ooze","floor":12,"gold_loss":0},{"damage_healed":0,"gold_gain":0,"player_choice":"Opened","damage_taken":0,"relics_obtained":["Strawberry"],"max_hp_gain":0,"max_hp_loss":0,"event_name":"The Mausoleum","floor":20,"gold_loss":0,"cards_obtained":["Writhe"]},{"damage_healed":0,"gold_gain":0,"player_choice":"Fought Bandits","damage_taken":0,"max_hp_gain":0,"max_hp_loss":0,"event_name":"Masked Bandits","floor":21,"gold_loss":0}],"is_beta":false,"boss_relics":[{"not_picked":["Tiny House","Velvet Choker"],"picked":"Sozu"}],"items_purged_floors":[14],"is_endless":false,"potions_floor_spawned":[6,10,19],"killed_by":"Gremlin Leader","ascension_level":5}}