{"host":"Qube","time":1610218372,"event":{"mods":["AchievementEnabler","BaseMod","Colored Map","Colored Powertips","Minty Spire (QoL Compilation)","Quick Restart","Random Character Button","StSLib"],"gold_per_floor":[110,120,134,134,153,184,184,334,334,334,352,352,367,387,387,459,459,459,459],"floor_reached":18,"playtime":690,"items_purged":[],"score":320,"play_id":"70691a73-7e86-4256-a11c-01891ddcb26f","local_time":"20210109105252","is_ascension_mode":true,"campfire_choices":[{"data":"Perfected Strike","floor":7,"key":"SMITH"},{"floor":10,"key":"REST"},{"data":"Shockwave","floor":12,"key":"SMITH"},{"floor":15,"key":"REST"}],"circlet_count":0,"master_deck":["AscendersBane","Strike_R+1","Strike_R","Strike_R","Strike_R","Strike_R+1","Defend_R","Defend_R","Defend_R","Defend_R","Bash","Perfected Strike+1","Twin Strike","Seeing Red","Shockwave+1","Whirlwind","Doubt","Demon Form","Twin Strike","Double Tap"],"relics":["Burning Blood","Peace Pipe","Centennial Puzzle","Whetstone","SlaversCollar"],"acts_visited":["Exordium","TheCity"],"potions_floor_usage":[5,16],"damage_taken":[{"damage":11.0,"enemies":"Jaw Worm","floor":1.0,"turns":6.0},{"damage":1.0,"enemies":"Cultist","floor":2.0,"turns":3.0},{"damage":11,"enemies":"Small Slimes","floor":3,"turns":3},{"damage":11,"enemies":"Blue Slaver","floor":5,"turns":4},{"damage":45,"enemies":"3 Sentries","floor":6,"turns":9},{"damage":19,"enemies":"Lots of Slimes","floor":11,"turns":4},{"damage":12,"enemies":"3 Louse","floor":13,"turns":2},{"damage":17,"enemies":"Exordium Thugs","floor":14,"turns":4},{"damage":34,"enemies":"Hexaghost","floor":16,"turns":8},{"damage":52,"enemies":"Spheric Guardian","floor":18,"turns":6}],"seed_played":"-7005539516778390826","potions_obtained":[{"floor":3,"key":"AttackPotion"},{"floor":13,"key":"FairyPotion"},{"floor":14,"key":"EssenceOfSteel"},{"floor":16,"key":"Explosive Potion"}],"is_trial":false,"path_per_floor":["M","M","M","?","M","E","R","?","T","R","M","R","M","M","R","B",null,"M"],"character_chosen":"IRONCLAD","items_purchased":[],"campfire_rested":2,"item_purchase_floors":[],"current_hp_per_floor":[63,68,63,63,58,19,19,19,19,39,26,26,20,9,29,26,58,6,6],"gold":459,"neow_bonus":"ONE_RARE_RELIC","is_daily":false,"chose_seed":false,"campfire_upgraded":2,"win_rate":0.0,"timestamp":1610218372,"path_taken":["M","M","M","?","?","E","R","?","T","R","M","R","M","M","R","BOSS","M"],"items_purchased_type":[],"build_version":"2020-12-18","purchased_purges":0,"victory":false,"max_hp_per_floor":[68,68,68,68,68,68,68,68,68,68,68,68,68,68,68,68,68,68,68],"card_choices":[{"not_picked":["Blood for Blood","Hemokinesis"],"picked":"Perfected Strike","floor":1.0},{"not_picked":["Rage","Clash"],"picked":"Twin Strike","floor":2.0},{"not_picked":["Wild Strike","Anger"],"picked":"Seeing Red","floor":3},{"not_picked":["Shockwave","Inflame"],"picked":"Whirlwind","floor":5},{"not_picked":["Hemokinesis","Headbutt","Warcry"],"picked":"SKIP","floor":6},{"not_picked":["Clash","Body Slam","Dual Wield"],"picked":"SKIP","floor":11},{"not_picked":["Sword Boomerang","Power Through"],"picked":"Demon Form","floor":13},{"not_picked":["True Grit","Sentinel"],"picked":"Twin Strike","floor":14},{"not_picked":["Demon Form","Bludgeon"],"picked":"Double Tap","floor":16}],"player_experience":859692,"relics_obtained":[{"floor":6,"key":"Centennial Puzzle"},{"floor":9,"key":"Whetstone"}],"event_choices":[{"damage_healed":0,"gold_gain":0,"player_choice":"1 cards matched","damage_taken":0,"max_hp_gain":0,"max_hp_loss":0,"event_name":"Match and Keep!","floor":4,"gold_loss":0,"cards_obtained":["Shockwave"]},{"damage_healed":0,"gold_gain":150,"player_choice":"AGREE","damage_taken":0,"max_hp_gain":0,"max_hp_loss":0,"event_name":"Liars Game","floor":8,"gold_loss":0,"cards_obtained":["Doubt"]}],"is_beta":true,"boss_relics":[{"not_picked":["Astrolabe","Runic Cube"],"picked":"SlaversCollar"}],"items_purged_floors":[],"is_endless":false,"potions_floor_spawned":[3,13,14,16],"killed_by":"Spheric Guardian","ascension_level":19}}