{"host":"ci7cmvrwpmzqnw7e","time":1610156156,"event":{"mods":["BaseMod","BetterRewards","Colored Map","Downfall","Highlight Path","Hubris","Minty Spire (QoL Compilation)","Rare Cards Sparkle","Replay The Spire","Shop Mod","StSLib","The Bug Knight"],"gold_per_floor":[116,133,150,70,88,88,98,110,160,191,1,1,16,16,16,117,117,129,145,74,87,87,87],"floor_reached":22,"playtime":1300,"items_purged":[],"score":192,"play_id":"d2b720b4-82ea-4995-84b3-14b0453ec753","local_time":"20210108183556","is_ascension_mode":false,"campfire_choices":[{"floor":6,"key":"REST"},{"floor":12,"key":"REST"},{"data":"HollowMod:MantisMark","floor":15,"key":"SMITH"}],"circlet_count":0,"master_deck":["HollowMod:NailStrikeStart","HollowMod:NailStrikeStart","HollowMod:NailStrikeStart","HollowMod:NailStrikeStart","HollowMod:QuickDashStart","HollowMod:QuickDashStart","HollowMod:QuickDashStart","HollowMod:QuickDashStart","HollowMod:FocusHealStart","HollowMod:PogoStrike","HollowMod:Weaversong","HollowMod:SiblingsSouls","HollowMod:SoulShaman","HollowMod:DesolateDive","HollowMod:SoulSplash","HollowMod:CycloneSlash","HollowMod:MantisMark+1","HollowMod:Hiveblood","HollowMod:LifebloodCocoon","HollowMod:SlysStrikes","HollowMod:MantisMark","HollowMod:Grubsong+1","HollowMod:SoulVessel"],"relics":["HollowMod:VesselMask","MealTicket","Iron Hammer","HandDrill","hubris:HollowSoul"],"acts_visited":["Exordium","TheCity"],"potions_floor_usage":[10,16,19,19,21,22],"damage_taken":[{"damage":10,"enemies":"Cultist","floor":1,"turns":4},{"damage":6,"enemies":"Small Slimes","floor":2,"turns":3},{"damage":6,"enemies":"Jaw Worm","floor":3,"turns":4},{"damage":11,"enemies":"Blue Slaver","floor":4,"turns":4},{"damage":10,"enemies":"Looter","floor":5,"turns":2},{"damage":11,"enemies":"3 Louse","floor":7,"turns":3},{"damage":7,"enemies":"Blue Slaver","floor":8,"turns":3},{"damage":42,"enemies":"Gremlin Nob","floor":10,"turns":4},{"damage":7,"enemies":"2 Fungi Beasts","floor":13,"turns":4},{"damage":41,"enemies":"Fading Forest","floor":16,"turns":11},{"damage":26,"enemies":"Spheric Guardian","floor":18,"turns":4},{"damage":4,"enemies":"3 Byrds","floor":19,"turns":6},{"damage":44,"enemies":"Centurion and Healer","floor":21,"turns":6},{"damage":21,"enemies":"Snake Plant","floor":22,"turns":3}],"seed_played":"14667183159283663","potions_obtained":[{"floor":2,"key":"Elixir"},{"floor":3,"key":"EssenceOfSteel"},{"floor":5,"key":"SteroidPotion"},{"floor":10,"key":"LiquidMemories"},{"floor":18,"key":"ColorlessPotion"},{"floor":21,"key":"DuplicationPotion"}],"is_trial":false,"path_per_floor":["M","M","M","M","M","R","M","M","T","E","$","R","M","$","R","B",null,"M","M","$","M","M"],"character_chosen":"THE_BUGKNIGHT","items_purchased":["HollowMod:LifebloodCocoon","HandDrill","HollowMod:SoulVessel"],"campfire_rested":2,"item_purchase_floors":[11,11,20],"current_hp_per_floor":[66,60,60,49,39,61,50,43,43,1,16,38,31,46,46,49,75,49,45,60,31,0,0],"gold":87,"neow_bonus":"THREE_RARE_CARDS","is_daily":false,"chose_seed":false,"campfire_upgraded":1,"win_rate":0.0,"timestamp":1610156156,"path_taken":["M","?","?","M","M","R","M","M","T","E","$","R","M","$","R","BOSS","M","M","?","M","M"],"items_purchased_type":["Card","Relic","Card"],"build_version":"2020-12-22","purchased_purges":0,"victory":false,"max_hp_per_floor":[75,75,75,75,75,75,75,75,75,75,75,75,75,75,75,75,75,75,75,75,75,75,75],"card_choices":[{"not_picked":["HollowMod:AwokenDreamNail","HollowMod:Hiveblood"],"picked":"HollowMod:Weaversong","floor":0},{"not_picked":["HollowMod:AbyssShriek","HollowMod:DungDefenderAura"],"picked":"HollowMod:SiblingsSouls","floor":1},{"not_picked":["HollowMod:SiblingsSouls","HollowMod:BaldurShell"],"picked":"HollowMod:SoulShaman","floor":2},{"not_picked":["HollowMod:CrystalDash","HollowMod:ShadowDash"],"picked":"HollowMod:DesolateDive","floor":3},{"not_picked":["HollowMod:NewJinnsSoul","HollowMod:WraithStrike"],"picked":"HollowMod:SoulSplash","floor":4},{"not_picked":["HollowMod:InfectedCysts","HollowMod:ChannelNail"],"picked":"HollowMod:CycloneSlash","floor":5},{"not_picked":["HollowMod:WraithStrike","HollowMod:Grubsong"],"picked":"HollowMod:MantisMark","floor":7},{"not_picked":["HollowMod:DashSlash","HollowMod:FastStrike"],"picked":"HollowMod:Hiveblood","floor":8},{"not_picked":["HollowMod:SharpenedNail","HollowMod:ZotesMagnificence","HollowMod:HowlingWraiths"],"picked":"SKIP","floor":10},{"not_picked":["HollowMod:InfectedCysts","HollowMod:SharpenedShadows","HollowMod:MothsMistake"],"picked":"SKIP","floor":13},{"not_picked":["HollowMod:HornetsHelp","HollowMod:VoidDash"],"picked":"HollowMod:SlysStrikes","floor":16},{"not_picked":["HollowMod:SoulSplash","HollowMod:BaldurShell"],"picked":"HollowMod:MantisMark","floor":18},{"not_picked":["HollowMod:InfectedAttack+1","HollowMod:CloakDash+1"],"picked":"HollowMod:Grubsong+1","floor":19},{"not_picked":["HollowMod:SiblingsShadow","HollowMod:ShadowDash","HollowMod:WraithStrike"],"picked":"SKIP","floor":21}],"player_experience":29733,"relics_obtained":[{"floor":9,"key":"MealTicket"},{"floor":10,"key":"Iron Hammer"}],"event_choices":[],"is_beta":false,"boss_relics":[{"not_picked":["Black Star","hubris:TerracottaHorce"],"picked":"hubris:HollowSoul"}],"items_purged_floors":[],"is_endless":false,"potions_floor_spawned":[2,3,5,10,18,21],"killed_by":"Snake Plant","ascension_level":0}}