{"host":"8zow35rkxv448q2r","time":1610190715,"event":{"mods":["AchievementEnabler","BaseMod","Colored Map","Colored Powertips","Minty Spire (QoL Compilation)","Relic Stats"],"gold_per_floor":[111,111,121,121,132,132,165,9998922,9998922,9998165,9998165,9998176,9998204,9998204,9998204,9998299,9998299,9998314,9997552,9997581,9997591,9997609,9997609,9997638,9997638,9997638,9997638,9997665,9997681,9997710,9997017,9997017,9997117,9997117,9997129,9996277,9996292,9995450,9995466,9995499,9995499,9995533,9995583,9994759,9994793,9994840,9994870,9994901,9994901,9994901],"floor_reached":51,"playtime":3530,"items_purged":["Regret"],"score":1430,"play_id":"58eda608-3c47-4653-ab87-35eb6439144f","local_time":"20210109061155","is_ascension_mode":true,"campfire_choices":[{"floor":6,"key":"REST"},{"data":"1","floor":11,"key":"LIFT"},{"floor":15,"key":"REST"},{"data":"2","floor":23,"key":"LIFT"},{"data":"3","floor":25,"key":"LIFT"},{"data":"Spot Weakness","floor":27,"key":"SMITH"},{"floor":32,"key":"REST"},{"floor":41,"key":"DIG"},{"floor":49,"key":"DIG"}],"circlet_count":0,"master_deck":["Strike_R+1","Strike_R","Strike_R+1","Strike_R","Strike_R","Defend_R","Defend_R","Defend_R","Defend_R","Bash","Spot Weakness","Shockwave","Anger","Dual Wield","Sadistic Nature","Spot Weakness+1","Twin Strike+1","Flex","Demon Form","Twin Strike+1","Dark Shackles","Thunderclap+1","Cleave+1","Pummel+1","Twin Strike+1","Anger+1","Berserk","Seeing Red+1","Whirlwind+1","Sword Boomerang+1","Whirlwind+1","Anger+1","Whirlwind+1","Apotheosis"],"relics":["Burning Blood","Shuriken","Ice Cream","Calipers","Happy Flower","DollysMirror","Omamori","Chemical X","Girya","Molten Egg 2","Toy Ornithopter","Torii","SacredBark","HandDrill","Strawberry","Oddly Smooth Stone","Red Mask","WingedGreaves","Letter Opener","FossilizedHelix","Centennial Puzzle","Du-Vu Doll","Sundial","Frozen Eye","Black Star","TheAbacus","Lizard Tail","Shovel","Eternal Feather","Charon\u0027s Ashes","Sling","Nunchaku","Pocketwatch","Bronze Scales","Singing Bowl","Bottled Lightning","Vajra","Brimstone","Whetstone","Pear","MealTicket","Ancient Tea Set","StoneCalendar","Mercury Hourglass","Incense Burner","The Courier","Frozen Egg 2","Boot"],"acts_visited":["Exordium","TheCity","TheBeyond"],"potions_floor_usage":[7,8,12,12,13,13,16,18,20,24,24,33,38,44,44,50],"damage_taken":[{"damage":15,"enemies":"2 Louse","floor":1,"turns":4},{"damage":12,"enemies":"Jaw Worm","floor":3,"turns":2},{"damage":23,"enemies":"Small Slimes","floor":5,"turns":4},{"damage":47,"enemies":"3 Sentries","floor":7,"turns":8},{"damage":6,"enemies":"Gremlin Gang","floor":12,"turns":4},{"damage":39,"enemies":"Gremlin Nob","floor":13,"turns":4},{"damage":28,"enemies":"The Guardian","floor":16,"turns":5},{"damage":46,"enemies":"3 Byrds","floor":18,"turns":6},{"damage":3,"enemies":"Masked Bandits","floor":20,"turns":3},{"damage":2,"enemies":"Shell Parasite","floor":21,"turns":2},{"damage":18,"enemies":"Snake Plant","floor":22,"turns":3},{"damage":21,"enemies":"Book of Stabbing","floor":24,"turns":5},{"damage":38,"enemies":"Slavers","floor":28,"turns":3},{"damage":0,"enemies":"Snecko","floor":29,"turns":3},{"damage":20,"enemies":"Gremlin Leader","floor":30,"turns":4},{"damage":0,"enemies":"Collector","floor":33,"turns":4},{"damage":15,"enemies":"Orb Walker","floor":35,"turns":3},{"damage":29,"enemies":"3 Darklings","floor":37,"turns":3},{"damage":12,"enemies":"Spire Growth","floor":39,"turns":4},{"damage":14,"enemies":"Nemesis","floor":40,"turns":3},{"damage":0,"enemies":"Reptomancer","floor":42,"turns":2},{"damage":0,"enemies":"Nemesis","floor":45,"turns":3},{"damage":9,"enemies":"2 Orb Walkers","floor":46,"turns":2},{"damage":0,"enemies":"Giant Head","floor":47,"turns":4},{"damage":6,"enemies":"Nemesis","floor":48,"turns":3},{"damage":45,"enemies":"Awakened One","floor":50,"turns":5}],"seed_played":"9188299376196718980","potions_obtained":[{"floor":5,"key":"DistilledChaos"},{"floor":12,"key":"SkillPotion"},{"floor":13,"key":"BloodPotion"},{"floor":18,"key":"BloodPotion"},{"floor":22,"key":"FairyPotion"},{"floor":24,"key":"Energy Potion"},{"floor":30,"key":"DistilledChaos"},{"floor":33,"key":"EntropicBrew"},{"floor":39,"key":"FairyPotion"}],"is_trial":false,"path_per_floor":["M","?","M","?","M","R","E","$","T","$","R","M","E","T","R","B",null,"M","$","?","M","M","R","E","R","T","R","E","M","E","$","R","B",null,"M","$","M","$","M","E","R","E","T","$","E","?","E","E","R","B",null],"character_chosen":"IRONCLAD","items_purchased":["Dual Wield","Calipers","Happy Flower","DuplicationPotion","LiquidMemories","BloodPotion","Sadistic Nature","DollysMirror","Chemical X","Girya","Molten Egg 2","ColorlessPotion","DuplicationPotion","PowerPotion","HeartOfIron","HandDrill","Strawberry","Oddly Smooth Stone","Dark Shackles","Du-Vu Doll","Sundial","Frozen Eye","TheAbacus","Lizard Tail","Shovel","Whirlwind+1","Sword Boomerang+1","Eternal Feather","Charon\u0027s Ashes","Sling","Fruit Juice","FearPotion","BloodPotion","BloodPotion","Brimstone","Whetstone","Pear","Apotheosis"],"campfire_rested":3,"item_purchase_floors":[8,8,8,8,8,8,8,8,10,10,10,10,19,19,19,19,19,19,19,31,31,31,36,36,36,36,36,38,38,38,38,38,44,44,44,44,44,44],"current_hp_per_floor":[71,71,65,65,48,74,33,50,50,50,50,50,39,39,65,48,78,78,85,93,95,83,83,78,78,78,78,46,52,38,38,66,77,91,82,82,59,74,68,60,78,86,86,117,119,118,123,125,125,125],"gold":9994901,"neow_bonus":"TEN_PERCENT_HP_BONUS","is_daily":false,"chose_seed":false,"campfire_upgraded":1,"win_rate":0.0,"timestamp":1610190715,"path_taken":["M","?","M","?","M","R","E","$","T","$","R","M","E","?","R","BOSS","M","$","?","M","M","R","E","R","T","R","E","M","E","$","R","BOSS","M","$","M","$","M","E","R","E","T","$","E","?","E","E","R","BOSS"],"items_purchased_type":["Card","Relic","Relic","Potion","Potion","Potion","Card","Relic","Relic","Relic","Relic","Potion","Potion","Potion","Potion","Relic","Relic","Relic","Card","Relic","Relic","Relic","Relic","Relic","Relic","Card","Card","Relic","Relic","Relic","Potion","Potion","Potion","Potion","Relic","Relic","Relic","Card"],"build_version":"2020-12-22","purchased_purges":1,"victory":true,"max_hp_per_floor":[88,88,88,88,88,88,88,88,88,88,88,88,88,88,88,88,88,88,95,95,95,95,95,95,95,95,95,95,95,95,95,95,95,95,95,95,95,105,105,105,105,107,107,117,119,121,123,125,125,125],"relic_stats":{"Torii":36,"Singing Bowl":10,"StoneCalendar":[0],"Whetstone":["Strike_R","Strike_R"],"Boot":[0],"Burning Blood":139,"Centennial Puzzle":[21],"Lizard Tail":0,"Nunchaku":[4],"TheAbacus":[0],"Shovel":2,"Sundial":[0],"MealTicket":0,"HandDrill":[30],"Chemical X":[13],"Happy Flower":[26],"counters":[26,96],"Eternal Feather":18,"Charon\u0027s Ashes":[49],"Letter Opener":[30],"Mercury Hourglass":[34],"Shuriken":[34],"Bronze Scales":[40],"Black Star":5,"obtain_stats":[{"Ice Cream":7,"Calipers":8,"Torii":14,"Singing Bowl":42,"SacredBark":17,"Vajra":43,"StoneCalendar":46,"Incense Burner":47,"Whetstone":44,"Sling":38,"Ancient Tea Set":45,"Boot":49,"Burning Blood":0,"Frozen Eye":31,"Centennial Puzzle":30,"Lizard Tail":36,"Nunchaku":40,"TheAbacus":36,"Shovel":36,"DollysMirror":8,"Sundial":31,"Strawberry":19,"MealTicket":45,"WingedGreaves":24,"HandDrill":19,"Red Mask":20,"Chemical X":10,"Girya":10,"Pear":44,"Happy Flower":8,"Oddly Smooth Stone":19,"Eternal Feather":38,"Charon\u0027s Ashes":38,"The Courier":48,"Omamori":9,"Letter Opener":26,"Frozen Egg 2":48,"Mercury Hourglass":47,"Du-Vu Doll":31,"Shuriken":4,"Brimstone":44,"Bronze Scales":41,"Molten Egg 2":10,"Black Star":34,"Bottled Lightning":42,"Toy Ornithopter":13,"FossilizedHelix":28,"Pocketwatch":40},{"Ice Cream":4,"Calipers":4,"Torii":6,"Singing Bowl":21,"SacredBark":7,"Vajra":21,"StoneCalendar":23,"Incense Burner":24,"Whetstone":21,"Sling":18,"Ancient Tea Set":22,"Boot":25,"Burning Blood":0,"Frozen Eye":15,"Centennial Puzzle":15,"Lizard Tail":17,"Nunchaku":20,"TheAbacus":17,"Shovel":17,"DollysMirror":4,"Sundial":15,"Strawberry":8,"MealTicket":22,"WingedGreaves":12,"HandDrill":8,"Red Mask":9,"Chemical X":4,"Girya":4,"Pear":21,"Happy Flower":4,"Oddly Smooth Stone":8,"Eternal Feather":18,"Charon\u0027s Ashes":18,"The Courier":25,"Omamori":4,"Letter Opener":12,"Frozen Egg 2":25,"Mercury Hourglass":24,"Du-Vu Doll":15,"Shuriken":2,"Brimstone":21,"Bronze Scales":20,"Molten Egg 2":4,"Black Star":16,"Bottled Lightning":21,"Toy Ornithopter":6,"FossilizedHelix":13,"Pocketwatch":20},{"Ice Cream":18,"Calipers":18,"Torii":26,"Singing Bowl":79,"SacredBark":31,"Vajra":79,"StoneCalendar":84,"Incense Burner":88,"Whetstone":79,"Sling":70,"Ancient Tea Set":82,"Boot":91,"Burning Blood":0,"Frozen Eye":60,"Centennial Puzzle":60,"Lizard Tail":67,"Nunchaku":77,"TheAbacus":67,"Shovel":67,"DollysMirror":18,"Sundial":60,"Strawberry":37,"MealTicket":82,"WingedGreaves":50,"HandDrill":37,"Red Mask":40,"Chemical X":18,"Girya":18,"Pear":79,"Happy Flower":18,"Oddly Smooth Stone":37,"Eternal Feather":70,"Charon\u0027s Ashes":70,"The Courier":91,"Omamori":18,"Letter Opener":50,"Frozen Egg 2":91,"Mercury Hourglass":88,"Du-Vu Doll":60,"Shuriken":6,"Brimstone":79,"Bronze Scales":77,"Molten Egg 2":18,"Black Star":64,"Bottled Lightning":79,"Toy Ornithopter":26,"FossilizedHelix":53,"Pocketwatch":77}],"Toy Ornithopter":45,"Pocketwatch":[18]},"card_choices":[{"not_picked":["Sword Boomerang","Shrug It Off"],"picked":"Spot Weakness","floor":1},{"not_picked":["Perfected Strike","Rampage"],"picked":"Shockwave","floor":3},{"not_picked":["True Grit","Wild Strike","Sever Soul"],"picked":"SKIP","floor":5},{"not_picked":["Sword Boomerang","Perfected Strike"],"picked":"Anger","floor":7},{"not_picked":["Feed+1","Clash+1"],"picked":"Twin Strike+1","floor":12},{"not_picked":["Dark Embrace","Twin Strike+1"],"picked":"Flex","floor":13},{"not_picked":["Corruption","Bludgeon+1"],"picked":"Demon Form","floor":16},{"not_picked":["Disarm","Shrug It Off"],"picked":"Twin Strike+1","floor":18},{"not_picked":["Havoc","Sentinel"],"picked":"Thunderclap+1","floor":20},{"not_picked":["Rampage+1","Sentinel"],"picked":"Cleave+1","floor":21},{"not_picked":["Perfected Strike+1","Combust","Uppercut+1"],"picked":"SKIP","floor":22},{"not_picked":["True Grit+1","Flex"],"picked":"Pummel+1","floor":24},{"not_picked":["Hemokinesis+1","Juggernaut"],"picked":"Twin Strike+1","floor":28},{"not_picked":["Pommel Strike+1","Shrug It Off","Havoc"],"picked":"SKIP","floor":29},{"not_picked":["Warcry","Dual Wield+1"],"picked":"Anger+1","floor":30},{"not_picked":["Offering","Limit Break"],"picked":"Berserk","floor":33},{"not_picked":["Body Slam+1","Havoc+1"],"picked":"Seeing Red+1","floor":35},{"not_picked":["Wild Strike+1","Havoc"],"picked":"Whirlwind+1","floor":37},{"not_picked":["Pummel+1","Twin Strike+1"],"picked":"Anger+1","floor":39},{"not_picked":["Cleave+1","Immolate+1"],"picked":"Whirlwind+1","floor":40},{"not_picked":["Double Tap","Spot Weakness+1","Second Wind"],"picked":"Singing Bowl","floor":42},{"not_picked":["Clothesline+1","Twin Strike+1","Double Tap"],"picked":"Singing Bowl","floor":45},{"not_picked":["Warcry+1","Entrench","Pummel+1"],"picked":"Singing Bowl","floor":46},{"not_picked":["Havoc","Searing Blow+1","Pummel+1"],"picked":"Singing Bowl","floor":47},{"not_picked":["Intimidate+1","Shrug It Off+1","Clothesline+1"],"picked":"Singing Bowl","floor":48}],"player_experience":140887,"relics_obtained":[{"floor":7,"key":"Ice Cream"},{"floor":9,"key":"Omamori"},{"floor":13,"key":"Toy Ornithopter"},{"floor":14,"key":"Torii"},{"floor":20,"key":"Red Mask"},{"floor":24,"key":"WingedGreaves"},{"floor":26,"key":"Letter Opener"},{"floor":28,"key":"FossilizedHelix"},{"floor":30,"key":"Centennial Puzzle"},{"floor":40,"key":"Nunchaku"},{"floor":40,"key":"Pocketwatch"},{"floor":41,"key":"Bronze Scales"},{"floor":42,"key":"Singing Bowl"},{"floor":42,"key":"Bottled Lightning"},{"floor":43,"key":"Vajra"},{"floor":45,"key":"MealTicket"},{"floor":45,"key":"Ancient Tea Set"},{"floor":46,"key":"StoneCalendar"},{"floor":47,"key":"Mercury Hourglass"},{"floor":47,"key":"Incense Burner"},{"floor":48,"key":"The Courier"},{"floor":48,"key":"Frozen Egg 2"},{"floor":49,"key":"Boot"}],"event_choices":[{"damage_healed":0,"gold_gain":0,"player_choice":"Ignored","damage_taken":0,"max_hp_gain":0,"max_hp_loss":0,"event_name":"Golden Wing","floor":2,"gold_loss":0},{"damage_healed":0,"gold_gain":0,"player_choice":"Box","damage_taken":0,"relics_obtained":["Shuriken"],"max_hp_gain":0,"max_hp_loss":0,"event_name":"Big Fish","floor":4,"gold_loss":0,"cards_obtained":["Regret"]},{"damage_healed":0,"gold_gain":0,"player_choice":"Fought Bandits","damage_taken":0,"max_hp_gain":0,"max_hp_loss":0,"event_name":"Masked Bandits","floor":20,"gold_loss":0},{"damage_healed":0,"gold_gain":0,"player_choice":"Fight","damage_taken":0,"max_hp_gain":0,"max_hp_loss":0,"event_name":"Mysterious Sphere","floor":46,"gold_loss":0}],"is_beta":false,"boss_relics":[{"not_picked":["Empty Cage","Runic Pyramid"],"picked":"SacredBark"},{"not_picked":["Velvet Choker","Astrolabe"],"picked":"Black Star"}],"items_purged_floors":[8],"is_endless":false,"potions_floor_spawned":[5,12,13,18,22,24,30,33,39,40,45],"ascension_level":8}}