{"host":"q0qnzbgdx8oqogg9","time":1610153035,"event":{"mods":["BaseMod","Minty Spire (QoL Compilation)","Slay-I","StSLib"],"gold_per_floor":[117,129,29,42,42,70,89,89,89,5,34,34,59,72,72,177,177,190,190,190,205,205,234,234,263,263,263,289,289,388,388,388,493,493,505,148,159,159,175,205,205,205,205,235,251,276,276,295,295,295,295,295,95,123,123],"floor_reached":56,"playtime":2236,"items_purged":["Strike_R","Strike_R","Strike_R"],"score":1679,"play_id":"f17c6a58-9473-40b3-91bd-029780a3a55f","local_time":"20210108194355","is_ascension_mode":true,"campfire_choices":[{"data":"Whirlwind","floor":8.0,"key":"SMITH"},{"data":"Battle Trance","floor":12.0,"key":"SMITH"},{"data":"Spot Weakness","floor":15.0,"key":"SMITH"},{"data":"Limit Break","floor":24.0,"key":"SMITH"},{"data":"Bandage Up","floor":27.0,"key":"SMITH"},{"data":"Inflame","floor":29.0,"key":"SMITH"},{"data":"Inflame","floor":32.0,"key":"SMITH"},{"floor":42.0,"key":"RECALL"},{"data":"Impervious","floor":49,"key":"SMITH"},{"data":"Bash","floor":52,"key":"SMITH"}],"circlet_count":0,"master_deck":["Strike_R","Defend_R","Defend_R","Defend_R","Defend_R","Bash+1","Whirlwind+1","Inflame+1","Warcry","Inflame+1","Shrug It Off+1","Bandage Up+1","Battle Trance+1","Power Through+1","Spot Weakness+1","Impervious+1","Shrug It Off+1","Heavy Blade+1","Anger","Ghostly","Ghostly","Ghostly","Ghostly","Ghostly","Limit Break+1","Bloodletting","Flame Barrier+1","Immolate","Burning Pact+1","Decay","Metallicize+1","Demon Form+1"],"relics":["Burning Blood","Incense Burner","Prayer Wheel","Paper Frog","Centennial Puzzle","Black Star","Vajra","WingedGreaves","Anchor","War Paint","Mummified Hand","Pen Nib","Question Card","Cursed Key","Membership Card","Gambling Chip","Singing Bowl","Frozen Egg 2","Omamori","MealTicket","Nunchaku","Potion Belt","Medical Kit","Lantern","Oddly Smooth Stone"],"acts_visited":["Exordium","TheCity","TheBeyond","TheEnding"],"potions_floor_usage":[46,55,55,55,55],"damage_taken":[{"damage":7.0,"enemies":"Jaw Worm","floor":1.0,"turns":3.0},{"damage":1.0,"enemies":"Cultist","floor":2.0,"turns":3.0},{"damage":0.0,"enemies":"2 Louse","floor":4.0,"turns":1.0},{"damage":32.0,"enemies":"Gremlin Nob","floor":6.0,"turns":4.0},{"damage":20.0,"enemies":"Large Slime","floor":7.0,"turns":7.0},{"damage":20.0,"enemies":"3 Sentries","floor":11.0,"turns":3.0},{"damage":21.0,"enemies":"Gremlin Nob","floor":13.0,"turns":4.0},{"damage":0.0,"enemies":"2 Fungi Beasts","floor":14.0,"turns":2.0},{"damage":38.0,"enemies":"Slime Boss","floor":16.0,"turns":8.0},{"damage":15.0,"enemies":"Chosen","floor":18.0,"turns":6.0},{"damage":18.0,"enemies":"Spheric Guardian","floor":21.0,"turns":8.0},{"damage":10.0,"enemies":"Book of Stabbing","floor":23.0,"turns":7.0},{"damage":6.0,"enemies":"Gremlin Leader","floor":25.0,"turns":5.0},{"damage":17.0,"enemies":"Book of Stabbing","floor":28.0,"turns":7.0},{"damage":25.0,"enemies":"Collector","floor":33.0,"turns":10.0},{"damage":0.0,"enemies":"3 Shapes","floor":35.0,"turns":6.0},{"damage":6.0,"enemies":"Orb Walker","floor":37.0,"turns":2.0},{"damage":0.0,"enemies":"3 Darklings","floor":39.0,"turns":4.0},{"damage":1.0,"enemies":"Giant Head","floor":40.0,"turns":8.0},{"damage":1.0,"enemies":"Nemesis","floor":44.0,"turns":9.0},{"damage":3,"enemies":"Writhing Mass","floor":45,"turns":6},{"damage":0,"enemies":"Reptomancer","floor":46,"turns":5},{"damage":1,"enemies":"Transient","floor":48,"turns":5},{"damage":0,"enemies":"Time Eater","floor":50,"turns":6},{"damage":1,"enemies":"Shield and Spear","floor":54,"turns":7},{"damage":49,"enemies":"The Heart","floor":55,"turns":10}],"seed_played":"-4101263946664520845","potions_obtained":[{"floor":2.0,"key":"Weak Potion"},{"floor":4.0,"key":"Strength Potion"},{"floor":6.0,"key":"Explosive Potion"},{"floor":13.0,"key":"BlessingOfTheForge"},{"floor":21.0,"key":"PowerPotion"},{"floor":31.0,"key":"Swift Potion"},{"floor":48,"key":"Dexterity Potion"}],"is_trial":false,"path_per_floor":["M","M","$","M","?","E","M","R","T","$","E","R","E","M","R","B",null,"M","?","?","M","?","E","R","E","T","R","E","R","?","?","R","B",null,"M","$","M","?","M","E","?","R","T","E","M","E","?","M","R","B",null,"R","$","E","B",null],"character_chosen":"IRONCLAD","items_purchased":["Warcry","Bandage Up","Membership Card","Gambling Chip","Medical Kit","AttackPotion","DistilledChaos"],"campfire_rested":0,"item_purchase_floors":[3,10,36,36,53,53,53],"current_hp_per_floor":[87,88,88,88,88,62,48,48,48,48,38,38,27,37,37,9,88,79,62,62,54,46,46,46,46,46,46,35,35,35,35,35,22,46,46,46,46,44,44,46,46,46,46,48,50,50,45,54,54,54,54,54,54,56,19],"gold":123,"neow_bonus":"TEN_PERCENT_HP_BONUS","is_daily":false,"chose_seed":false,"campfire_upgraded":9,"win_rate":0.0,"timestamp":1610153035,"path_taken":["M","M","$","M","?","E","M","R","T","$","E","R","E","?","R","BOSS","M","?","?","M","?","E","R","E","T","R","E","R","?","?","R","BOSS","M","$","M","?","M","E","?","R","T","E","?","E","?","?","R","BOSS","R","$","E","BOSS"],"items_purchased_type":["Card","Card","Relic","Relic","Relic","Potion","Potion"],"build_version":"2020-12-22","purchased_purges":3,"victory":true,"max_hp_per_floor":[88,88,88,88,88,88,88,88,88,88,88,88,88,88,88,88,88,88,93,93,93,46,46,46,46,46,46,46,46,46,46,46,46,46,46,46,46,44,44,46,46,46,46,48,50,50,50,54,54,54,54,54,54,56,56],"card_choices":[{"not_picked":["Clash","True Grit"],"picked":"Whirlwind","floor":1.0},{"not_picked":["Perfected Strike","Heavy Blade"],"picked":"Inflame","floor":2.0},{"not_picked":["Clash","Iron Wave"],"picked":"Inflame","floor":4.0},{"not_picked":["Twin Strike","Heavy Blade"],"picked":"Shrug It Off","floor":6.0},{"not_picked":["Clash","Havoc","Feel No Pain"],"picked":"SKIP","floor":7.0},{"not_picked":["Clash","Havoc","Feel No Pain"],"picked":"SKIP","floor":7.0},{"not_picked":["Warcry","Reckless Charge"],"picked":"Battle Trance","floor":11.0},{"not_picked":["Limit Break","Cleave"],"picked":"Power Through","floor":13.0},{"not_picked":["Cleave","Fire Breathing"],"picked":"Spot Weakness","floor":14.0},{"not_picked":["Dropkick","Perfected Strike","True Grit"],"picked":"SKIP","floor":14.0},{"not_picked":["Brutality","Bludgeon"],"picked":"Impervious","floor":16.0},{"not_picked":["Intimidate","Second Wind"],"picked":"Shrug It Off+1","floor":18.0},{"not_picked":["Ghostly Armor","Evolve","Twin Strike"],"picked":"SKIP","floor":18.0},{"not_picked":["Perfected Strike","Anger+1"],"picked":"Heavy Blade+1","floor":21.0},{"not_picked":["Twin Strike","Body Slam"],"picked":"Anger","floor":21.0},{"not_picked":["Headbutt+1","Wild Strike+1"],"picked":"Limit Break","floor":23.0},{"not_picked":["Rupture","Heavy Blade"],"picked":"Bloodletting","floor":25.0},{"not_picked":["Headbutt","Iron Wave+1"],"picked":"Flame Barrier+1","floor":28.0},{"not_picked":["Offering","Limit Break","Barricade"],"picked":"Immolate","floor":33.0},{"not_picked":["Wild Strike+1","Clothesline+1","Pummel+1"],"picked":"Burning Pact+1","floor":35.0},{"not_picked":["Second Wind+1","Warcry+1","Wild Strike+1","Flex+1"],"picked":"SKIP","floor":35.0},{"not_picked":["Sword Boomerang","Seeing Red+1","Shrug It Off+1","Power Through+1"],"picked":"SKIP","floor":37.0},{"not_picked":["Armaments+1","Clash+1","Shockwave+1","Warcry+1"],"picked":"SKIP","floor":37.0},{"not_picked":["Shrug It Off","Carnage+1","Body Slam","Sentinel+1"],"picked":"SKIP","floor":39.0},{"not_picked":["Fire Breathing+1","Cleave","Iron Wave+1","Sword Boomerang+1"],"picked":"SKIP","floor":39.0},{"not_picked":["Disarm","Anger+1","Offering","Spot Weakness+1"],"picked":"Singing Bowl","floor":40.0},{"not_picked":["Havoc","Cleave","Bloodletting+1","Shockwave"],"picked":"Singing Bowl","floor":44.0},{"not_picked":["Cleave+1","Flex+1","Heavy Blade+1"],"picked":"Metallicize+1","floor":45},{"not_picked":["Shrug It Off+1","Pummel","Wild Strike","Sword Boomerang+1"],"picked":"Singing Bowl","floor":45},{"not_picked":["Flex","Metallicize+1","Searing Blow"],"picked":"Demon Form+1","floor":46},{"not_picked":["Spot Weakness+1","Clothesline+1","Headbutt+1","Warcry"],"picked":"Singing Bowl","floor":48},{"not_picked":["Rage+1","Infernal Blade+1","Clothesline","Heavy Blade"],"picked":"Singing Bowl","floor":48},{"not_picked":["Iron Wave+1","Body Slam","Warcry","Headbutt"],"picked":"Singing Bowl","floor":54}],"player_experience":197421,"relics_obtained":[{"floor":6.0,"key":"Incense Burner"},{"floor":9.0,"key":"Prayer Wheel"},{"floor":11.0,"key":"Paper Frog"},{"floor":13.0,"key":"Centennial Puzzle"},{"floor":23.0,"key":"Vajra"},{"floor":23.0,"key":"WingedGreaves"},{"floor":25.0,"key":"Anchor"},{"floor":25.0,"key":"War Paint"},{"floor":26.0,"key":"Mummified Hand"},{"floor":28.0,"key":"Pen Nib"},{"floor":28.0,"key":"Question Card"},{"floor":40.0,"key":"Singing Bowl"},{"floor":40.0,"key":"Frozen Egg 2"},{"floor":44.0,"key":"Omamori"},{"floor":44.0,"key":"MealTicket"},{"floor":46,"key":"Nunchaku"},{"floor":46,"key":"Potion Belt"},{"floor":54,"key":"Lantern"},{"floor":54,"key":"Oddly Smooth Stone"}],"event_choices":[{"cards_removed":["Strike_R"],"damage_healed":0.0,"max_hp_gain":0.0,"max_hp_loss":0.0,"gold_gain":0.0,"event_name":"Purifier","player_choice":"Purged","floor":5.0,"gold_loss":0.0,"damage_taken":0.0},{"damage_healed":0.0,"max_hp_gain":5.0,"max_hp_loss":0.0,"gold_gain":0.0,"event_name":"Forgotten Altar","player_choice":"Shed Blood","floor":19.0,"gold_loss":0.0,"damage_taken":22.0},{"damage_healed":0.0,"max_hp_gain":0.0,"max_hp_loss":0.0,"gold_gain":0.0,"event_name":"Vampires","player_choice":"Ignored","floor":20.0,"gold_loss":0.0,"damage_taken":0.0},{"damage_healed":0.0,"max_hp_gain":0.0,"max_hp_loss":47.0,"gold_gain":0.0,"event_name":"Ghosts","player_choice":"Became a Ghost","floor":22.0,"gold_loss":0.0,"damage_taken":0.0,"cards_obtained":["Ghostly","Ghostly","Ghostly","Ghostly","Ghostly"]},{"damage_healed":0.0,"max_hp_gain":0.0,"max_hp_loss":0.0,"gold_gain":99.0,"event_name":"Nest","player_choice":"Stole From Cult","floor":30.0,"gold_loss":0.0,"damage_taken":0.0},{"damage_healed":0.0,"max_hp_gain":0.0,"max_hp_loss":0.0,"gold_gain":0.0,"event_name":"Lab","player_choice":"Got Potions","floor":31.0,"gold_loss":0.0,"damage_taken":0.0},{"damage_healed":0.0,"max_hp_gain":0.0,"max_hp_loss":2.0,"gold_gain":0.0,"event_name":"Winding Halls","player_choice":"Max HP","floor":38.0,"gold_loss":0.0,"damage_taken":0.0},{"damage_healed":0.0,"max_hp_gain":0.0,"max_hp_loss":0.0,"gold_gain":0.0,"event_name":"SecretPortal","player_choice":"Ignored","floor":41.0,"gold_loss":0.0,"damage_taken":0.0},{"damage_healed":0,"gold_gain":0,"player_choice":"Damaged","damage_taken":5,"max_hp_gain":0,"max_hp_loss":0,"event_name":"Wheel of Change","floor":47,"gold_loss":0}],"is_beta":false,"boss_relics":[{"not_picked":["SacredBark","Philosopher\u0027s Stone"],"picked":"Black Star"},{"not_picked":["Busted Crown","Runic Dome"],"picked":"Cursed Key"}],"items_purged_floors":[3,36,53],"is_endless":false,"potions_floor_spawned":[2,4,6,13,21,33,37,40,45,48],"ascension_level":3}}