{"host":"e2ju6k0wppswbhbd","time":1610231112,"event":{"mods":["BaseMod","Minty Spire (QoL Compilation)","Rare Cards Sparkle","StSLib"],"gold_per_floor":[109,109,128,144,144,144,164,46,46,71,86,86,117,127,127,232,232,244,319,332,350,350,381,381,420,429,448,448,469,105,119,119,227,227,251,273,298,357,366,366,384,412,421,421,421],"floor_reached":44,"playtime":6851,"items_purged":["Strike_P"],"score":487,"play_id":"0a68d9e6-db98-413f-8fc6-aa12a31dacef","local_time":"20210109232512","is_ascension_mode":false,"campfire_choices":[{"floor":6.0,"key":"RECALL"},{"data":"Vigilance","floor":12.0,"key":"SMITH"},{"data":"Wallop","floor":15.0,"key":"SMITH"},{"floor":24,"key":"REST"},{"floor":28,"key":"REST"},{"floor":32,"key":"REST"},{"data":"Study","floor":40,"key":"SMITH"}],"circlet_count":0,"master_deck":["Strike_P","Strike_P","Strike_P","Defend_P","Defend_P","Defend_P","Eruption+1","Vigilance+1","PathToVictory","EmptyBody","PathToVictory","FollowUp","Wallop+1","LikeWater","ConjureBlade","Prostrate","Consecrate","CutThroughFate","Alpha","Crescendo+1","EmptyFist","Study+1","Prostrate","Establishment","MentalFortress","WheelKick+1","ClearTheMind","MasterReality","Prostrate+1","Protect+1","FlyingSleeves","FlurryOfBlows+1","Writhe","Bandage Up","Apotheosis","ThirdEye+1","Pain"],"relics":["PureWater","Meat on the Bone","Singing Bowl","CaptainsWheel","Cursed Key","Regal Pillow","CeramicFish","HornCleat","Empty Cage","Thread and Needle","Bronze Scales"],"acts_visited":["Exordium","TheCity","TheBeyond"],"potions_floor_usage":[18,20,23,23,23,25,38],"damage_taken":[{"damage":0.0,"enemies":"Small Slimes","floor":1.0,"turns":4.0},{"damage":0.0,"enemies":"Jaw Worm","floor":3.0,"turns":4.0},{"damage":0.0,"enemies":"2 Louse","floor":4.0,"turns":2.0},{"damage":1.0,"enemies":"Lots of Slimes","floor":7.0,"turns":4.0},{"damage":10.0,"enemies":"3 Sentries","floor":10.0,"turns":11.0},{"damage":11.0,"enemies":"2 Fungi Beasts","floor":11.0,"turns":4.0},{"damage":5.0,"enemies":"Lagavulin","floor":13.0,"turns":7.0},{"damage":0.0,"enemies":"3 Louse","floor":14.0,"turns":3.0},{"damage":7.0,"enemies":"Hexaghost","floor":16.0,"turns":9.0},{"damage":0,"enemies":"Shell Parasite","floor":18,"turns":6},{"damage":2,"enemies":"3 Byrds","floor":20,"turns":5},{"damage":17,"enemies":"Shelled Parasite and Fungi","floor":21,"turns":7},{"damage":46,"enemies":"Gremlin Leader","floor":23,"turns":8},{"damage":28,"enemies":"Slavers","floor":25,"turns":7},{"damage":31,"enemies":"Centurion and Healer","floor":27,"turns":6},{"damage":28,"enemies":"Cultist and Chosen","floor":29,"turns":8},{"damage":16,"enemies":"3 Cultists","floor":31,"turns":7},{"damage":62,"enemies":"Collector","floor":33,"turns":9},{"damage":3,"enemies":"3 Darklings","floor":35,"turns":7},{"damage":8,"enemies":"Orb Walker","floor":36,"turns":5},{"damage":28,"enemies":"3 Darklings","floor":37,"turns":6},{"damage":0,"enemies":"Mind Bloom Boss Battle","floor":38,"turns":8},{"damage":33,"enemies":"Spire Growth","floor":42,"turns":7},{"damage":58,"enemies":"Giant Head","floor":44,"turns":9}],"seed_played":"5793926285395441033","potions_obtained":[{"floor":3.0,"key":"LiquidBronze"},{"floor":11.0,"key":"Block Potion"},{"floor":13.0,"key":"SkillPotion"},{"floor":16.0,"key":"Swift Potion"},{"floor":18,"key":"Dexterity Potion"},{"floor":21,"key":"Explosive Potion"},{"floor":22,"key":"Fire Potion"},{"floor":22,"key":"Ancient Potion"},{"floor":23,"key":"BlessingOfTheForge"},{"floor":33,"key":"BottledMiracle"},{"floor":36,"key":"Ancient Potion"},{"floor":37,"key":"Fire Potion"}],"is_trial":false,"path_per_floor":["M","?","M","M","?","R","M","$","T","E","M","R","E","M","R","B",null,"M","?","M","M","?","E","R","E","T","M","R","M","$","M","R","B",null,"M","M","M","?","?","R","?","M","T","E"],"character_chosen":"WATCHER","items_purchased":["Wallop","LikeWater","ClearTheMind","HornCleat"],"campfire_rested":3,"item_purchase_floors":[8,8,30,30],"current_hp_per_floor":[79,79,79,79,79,79,78,78,78,68,57,57,52,52,52,45,79,79,72,70,53,53,19,57,41,41,22,60,44,44,42,81,31,81,78,70,42,42,62,62,57,42,42,0,0],"gold":421,"neow_bonus":"TEN_PERCENT_HP_BONUS","is_daily":false,"chose_seed":false,"campfire_upgraded":3,"win_rate":0.0,"timestamp":1610231112,"path_taken":["M","?","M","M","?","R","M","$","T","E","M","R","E","M","R","BOSS","M","?","M","?","?","E","R","E","T","?","R","M","?","M","R","BOSS","M","M","M","?","?","R","?","M","T","E"],"items_purchased_type":["Card","Card","Card","Relic"],"build_version":"2020-12-22","purchased_purges":1,"victory":false,"max_hp_per_floor":[79,79,79,79,79,79,79,79,79,79,79,79,79,79,79,79,79,79,79,79,79,79,79,79,79,79,79,79,79,79,81,81,81,81,81,81,81,81,81,81,81,81,81,81,81],"card_choices":[{"not_picked":["Halt","Consecrate"],"picked":"PathToVictory","floor":1.0},{"not_picked":["FlurryOfBlows","CarveReality"],"picked":"EmptyBody","floor":3.0},{"not_picked":["Consecrate","ClearTheMind"],"picked":"PathToVictory","floor":4.0},{"not_picked":["ForeignInfluence","Tantrum"],"picked":"FollowUp","floor":7.0},{"not_picked":["FlyingSleeves","PathToVictory"],"picked":"ConjureBlade","floor":10.0},{"not_picked":["Weave","EmptyBody"],"picked":"Prostrate","floor":11.0},{"not_picked":["FlurryOfBlows","TalkToTheHand"],"picked":"Consecrate","floor":13.0},{"not_picked":["FlyingSleeves","Crescendo"],"picked":"CutThroughFate","floor":14.0},{"not_picked":["Establishment","Ragnarok"],"picked":"Alpha","floor":16.0},{"not_picked":["EmptyBody+1","Halt"],"picked":"Crescendo+1","floor":18},{"not_picked":["Vengeance","Sanctity"],"picked":"EmptyFist","floor":20},{"not_picked":["ThirdEye","FollowUp"],"picked":"Study","floor":21},{"not_picked":["Protect","TalkToTheHand"],"picked":"Prostrate","floor":23},{"not_picked":["FlyingSleeves","EmptyFist"],"picked":"Establishment","floor":25},{"not_picked":["EmptyMind+1","EmptyFist"],"picked":"MentalFortress","floor":27},{"not_picked":["CrushJoints","Swivel"],"picked":"WheelKick+1","floor":29},{"not_picked":["Consecrate","EmptyFist","SashWhip"],"picked":"Singing Bowl","floor":31},{"not_picked":["Brilliance","Blasphemy"],"picked":"MasterReality","floor":33},{"not_picked":["ClearTheMind","JustLucky"],"picked":"Prostrate+1","floor":35},{"not_picked":["Halt+1","EmptyMind"],"picked":"Protect+1","floor":36},{"not_picked":["JustLucky","FollowUp+1"],"picked":"FlyingSleeves","floor":37},{"not_picked":["Judgement","EmptyFist"],"picked":"FlurryOfBlows+1","floor":38},{"not_picked":["Discovery","Purity"],"picked":"Bandage Up","floor":41},{"not_picked":["PanicButton","Secret Technique"],"picked":"Apotheosis","floor":41},{"not_picked":["CrushJoints","JustLucky"],"picked":"ThirdEye+1","floor":42}],"player_experience":2633871,"relics_obtained":[{"floor":9.0,"key":"Meat on the Bone"},{"floor":10.0,"key":"Singing Bowl"},{"floor":13.0,"key":"CaptainsWheel"},{"floor":23,"key":"Regal Pillow"},{"floor":25,"key":"CeramicFish"},{"floor":38,"key":"Thread and Needle"},{"floor":43,"key":"Bronze Scales"}],"event_choices":[{"damage_healed":0.0,"max_hp_gain":0.0,"max_hp_loss":0.0,"gold_gain":0.0,"event_name":"Liars Game","player_choice":"Ignored","floor":2.0,"gold_loss":0.0,"damage_taken":0.0},{"damage_healed":0.0,"max_hp_gain":0.0,"max_hp_loss":0.0,"gold_gain":0.0,"event_name":"Living Wall","player_choice":"Grow","floor":5.0,"gold_loss":0.0,"damage_taken":0.0,"cards_upgraded":["Eruption"]},{"damage_healed":0,"gold_gain":75,"player_choice":"Touch","damage_taken":7,"max_hp_gain":0,"max_hp_loss":0,"event_name":"FaceTrader","floor":19,"gold_loss":0},{"damage_healed":0,"gold_gain":0,"player_choice":"Got Potions","damage_taken":0,"max_hp_gain":0,"max_hp_loss":0,"event_name":"Lab","floor":22,"gold_loss":0},{"damage_healed":0,"gold_gain":0,"player_choice":"Fight","damage_taken":0,"max_hp_gain":0,"max_hp_loss":0,"event_name":"MindBloom","floor":38,"gold_loss":0},{"damage_healed":20,"gold_gain":0,"player_choice":"Writhe","damage_taken":0,"max_hp_gain":0,"max_hp_loss":0,"event_name":"Winding Halls","floor":39,"gold_loss":0,"cards_obtained":["Writhe"]},{"damage_healed":0,"gold_gain":0,"player_choice":"Memory 2","damage_taken":5,"max_hp_gain":0,"max_hp_loss":0,"event_name":"SensoryStone","floor":41,"gold_loss":0}],"is_beta":false,"boss_relics":[{"not_picked":["Calling Bell","SlaversCollar"],"picked":"Cursed Key"},{"not_picked":["HolyWater","Snecko Eye"],"picked":"Empty Cage"}],"items_purged_floors":[30],"is_endless":false,"potions_floor_spawned":[3,11,13,16,18,21,23,33,36,37],"killed_by":"Giant Head","ascension_level":0}}