{"host":"tpbmol9dayg75a5s","time":1610228013,"event":{"mods":["BaseMod","Bestiary","Block Reminder","Colored Powertips","Downfall","Minty Spire (QoL Compilation)","StSLib"],"gold_per_floor":[116,126,137,137,151,151,177,191,217,217,252,252,287,252,252,329,329,339,254,269,269,279,279,304,315,341,367,384,384,399,67,67,142,142,154,171,28,45,65,65,97,108,108,108,108,123,13,25,25,25,25],"floor_reached":50,"playtime":3904,"items_purged":["Strike_G","Strike_G"],"score":1091,"play_id":"6e33defd-7f0e-47bc-a871-145ab3cfa2cf","local_time":"20210109183333","is_ascension_mode":true,"campfire_choices":[{"data":"Poisoned Stab","floor":6,"key":"SMITH"},{"floor":10,"key":"REST"},{"floor":12,"key":"REST"},{"data":"Footwork","floor":15,"key":"SMITH"},{"data":"Terror","floor":23,"key":"SMITH"},{"data":"Phantasmal Killer","floor":29,"key":"SMITH"},{"floor":32,"key":"REST"},{"floor":40,"key":"REST"},{"data":"Noxious Fumes","floor":49,"key":"SMITH"}],"circlet_count":0,"master_deck":["AscendersBane","Strike_G","Strike_G","Defend_G","Defend_G","Defend_G","Defend_G","Defend_G","Survivor","Neutralize+1","expansioncontent:DecasProtection","Poisoned Stab+1","Poisoned Stab","Backstab","Cloak And Dagger","Bullet Time","Poisoned Stab","Infinite Blades","Footwork+1","Corpse Explosion","Dodge and Roll","Escape Plan","Phantasmal Killer+1","Terror+1","Noxious Fumes+1","Poisoned Stab","Dash","Bane","Wraith Form v2+1","Leg Sweep","Dash","Bane+1","Cloak And Dagger","Catalyst"],"relics":["Ring of the Snake","Pen Nib","Toy Ornithopter","Boot","Snake Skull","expansioncontent:StudyCardRelic","Art of War","Gremlin Horn","Oddly Smooth Stone","Vajra","Orichalcum","Snecko Eye","Lantern","Eternal Feather"],"acts_visited":["Exordium","TheCity","TheBeyond"],"potions_floor_usage":[7,7,24,27,39,41,50],"damage_taken":[{"damage":4,"enemies":"Jaw Worm","floor":1,"turns":6},{"damage":6,"enemies":"Cultist","floor":2,"turns":4},{"damage":4,"enemies":"Small Slimes","floor":3,"turns":5},{"damage":7,"enemies":"3 Louse","floor":5,"turns":4},{"damage":20,"enemies":"Gremlin Nob","floor":7,"turns":4},{"damage":2,"enemies":"Exordium Wildlife","floor":8,"turns":5},{"damage":11,"enemies":"Lagavulin","floor":11,"turns":5},{"damage":20,"enemies":"3 Sentries","floor":13,"turns":9},{"damage":7,"enemies":"Hexaghost","floor":16,"turns":8},{"damage":3,"enemies":"Spheric Guardian","floor":18,"turns":4},{"damage":2,"enemies":"Shell Parasite","floor":20,"turns":3},{"damage":9,"enemies":"Shelled Parasite and Fungi","floor":22,"turns":7},{"damage":23,"enemies":"Slavers","floor":24,"turns":3},{"damage":0,"enemies":"Chosen and Byrds","floor":25,"turns":3},{"damage":5,"enemies":"Gremlin Leader","floor":27,"turns":4},{"damage":0,"enemies":"3 Cultists","floor":28,"turns":3},{"damage":10,"enemies":"Snake Plant","floor":30,"turns":4},{"damage":20,"enemies":"Collector","floor":33,"turns":6},{"damage":12,"enemies":"3 Shapes","floor":35,"turns":3},{"damage":0,"enemies":"Orb Walker","floor":36,"turns":3},{"damage":0,"enemies":"3 Darklings","floor":38,"turns":3},{"damage":24,"enemies":"Sphere and 2 Shapes","floor":39,"turns":4},{"damage":22,"enemies":"Giant Head","floor":41,"turns":6},{"damage":0,"enemies":"Transient","floor":42,"turns":6},{"damage":20,"enemies":"Writhing Mass","floor":46,"turns":5},{"damage":0,"enemies":"Jaw Worm Horde","floor":48,"turns":2},{"damage":73,"enemies":"Time Eater","floor":50,"turns":9}],"seed_played":"1799847808748222139","potions_obtained":[{"floor":2,"key":"Weak Potion"},{"floor":3,"key":"champ:CounterPotion"},{"floor":7,"key":"hexamod:EctoCoolerPotion"},{"floor":16,"key":"Block Potion"},{"floor":24,"key":"SpeedPotion"},{"floor":33,"key":"DistilledChaos"},{"floor":46,"key":"PowerPotion"}],"is_trial":false,"path_per_floor":["M","M","M","?","M","R","E","M","T","R","E","R","E","?","R","B",null,"M","?","M","?","M","R","E","M","T","E","M","R","M","$","R","B",null,"M","M","$","M","M","R","E","M","T","?","?","M","?","M","R","B"],"character_chosen":"THE_SILENT","items_purchased":["Orichalcum","DuplicationPotion","Dash"],"campfire_rested":4,"item_purchase_floors":[31,31,37],"current_hp_per_floor":[55,49,45,45,38,38,18,16,16,35,24,43,23,39,39,32,58,55,55,53,53,44,44,26,26,26,26,26,26,16,16,35,15,53,41,41,41,41,22,41,24,24,24,54,51,31,31,31,49,0,0],"gold":25,"neow_bonus":"RANDOM_COLORLESS","is_daily":false,"chose_seed":false,"campfire_upgraded":5,"win_rate":0.0,"timestamp":1610228013,"path_taken":["M","M","M","?","?","R","E","M","T","R","E","R","E","?","R","BOSS","M","?","M","?","M","R","E","M","T","E","?","R","M","$","R","BOSS","M","M","$","M","M","R","E","M","T","?","?","M","?","?","R","BOSS"],"items_purchased_type":["Relic","Potion","Card"],"build_version":"2020-12-22","purchased_purges":2,"victory":false,"max_hp_per_floor":[66,66,66,66,66,66,66,66,66,66,66,66,66,66,66,66,66,66,66,66,66,66,66,66,66,66,66,66,66,66,66,66,66,66,66,66,66,66,66,66,66,66,66,54,51,51,51,51,51,51,51],"card_choices":[{"not_picked":["Impatience","Panacea"],"picked":"expansioncontent:DecasProtection","floor":0},{"not_picked":["Escape Plan","Quick Slash"],"picked":"Poisoned Stab","floor":1},{"not_picked":["Deadly Poison","Heel Hook"],"picked":"Poisoned Stab","floor":2},{"not_picked":["Flying Knee","Outmaneuver"],"picked":"Backstab","floor":3},{"not_picked":["Acrobatics","Setup"],"picked":"Cloak And Dagger","floor":5},{"not_picked":["Quick Slash","Endless Agony"],"picked":"Bullet Time","floor":7},{"not_picked":["Reflex","Blur"],"picked":"Poisoned Stab","floor":8},{"not_picked":["Dagger Throw","Acrobatics"],"picked":"Infinite Blades","floor":11},{"not_picked":["Poisoned Stab","All Out Attack"],"picked":"Footwork","floor":13},{"not_picked":["Bullet Time","Storm of Steel"],"picked":"Corpse Explosion","floor":16},{"not_picked":["Prepared","Underhanded Strike"],"picked":"Dodge and Roll","floor":18},{"not_picked":["Blur","Caltrops"],"picked":"Escape Plan","floor":20},{"not_picked":["Eviscerate","Poisoned Stab"],"picked":"Terror","floor":22},{"not_picked":["Underhanded Strike","Sucker Punch"],"picked":"Noxious Fumes","floor":24},{"not_picked":["Choke","Eviscerate"],"picked":"Poisoned Stab","floor":25},{"not_picked":["Reflex","Predator","Poisoned Stab"],"picked":"SKIP","floor":27},{"not_picked":["Eviscerate+1","Escape Plan"],"picked":"Dash","floor":28},{"not_picked":["All Out Attack","Outmaneuver+1"],"picked":"Bane","floor":30},{"not_picked":["Glass Knife","A Thousand Cuts"],"picked":"Wraith Form v2","floor":33},{"not_picked":["Flying Knee","Crippling Poison"],"picked":"Leg Sweep","floor":35},{"not_picked":["Prepared+1","Underhanded Strike+1","Blade Dance"],"picked":"SKIP","floor":36},{"not_picked":["Dodge and Roll","Cloak And Dagger"],"picked":"Bane+1","floor":38},{"not_picked":["Bouncing Flask+1","Finisher","Dodge and Roll"],"picked":"SKIP","floor":39},{"not_picked":["Setup+1","Choke","Dagger Spray+1"],"picked":"SKIP","floor":41},{"not_picked":["Bouncing Flask+1","Corpse Explosion","Bane"],"picked":"SKIP","floor":42},{"not_picked":["Deflect","Accuracy"],"picked":"Cloak And Dagger","floor":46},{"not_picked":["Deadly Poison","Caltrops"],"picked":"Catalyst","floor":48}],"player_experience":1004614,"relics_obtained":[{"floor":7,"key":"Pen Nib"},{"floor":9,"key":"Toy Ornithopter"},{"floor":11,"key":"Boot"},{"floor":13,"key":"Snake Skull"},{"floor":24,"key":"Gremlin Horn"},{"floor":26,"key":"Oddly Smooth Stone"},{"floor":27,"key":"Vajra"},{"floor":41,"key":"Lantern"},{"floor":43,"key":"Eternal Feather"}],"event_choices":[{"damage_healed":0,"gold_gain":0,"player_choice":"Upgraded","damage_taken":0,"max_hp_gain":0,"max_hp_loss":0,"event_name":"Upgrade Shrine","floor":4,"gold_loss":0,"cards_upgraded":["Neutralize"]},{"damage_healed":16,"gold_gain":0,"player_choice":"Healed","damage_taken":0,"max_hp_gain":0,"max_hp_loss":0,"event_name":"The Cleric","floor":14,"gold_loss":35},{"damage_healed":0,"gold_gain":0,"player_choice":"Obtained Relic","damage_taken":0,"relics_obtained":["Art of War"],"max_hp_gain":0,"max_hp_loss":0,"event_name":"Addict","floor":19,"gold_loss":85},{"damage_healed":0,"gold_gain":0,"player_choice":"1 cards matched","damage_taken":0,"max_hp_gain":0,"max_hp_loss":0,"event_name":"Match and Keep!","floor":21,"gold_loss":0,"cards_obtained":["Phantasmal Killer"]},{"damage_healed":54,"gold_gain":0,"player_choice":"Heal","damage_taken":0,"max_hp_gain":0,"max_hp_loss":12,"event_name":"The Moai Head","floor":44,"gold_loss":0},{"damage_healed":0,"gold_gain":0,"player_choice":"Max HP","damage_taken":0,"max_hp_gain":0,"max_hp_loss":3,"event_name":"Winding Halls","floor":45,"gold_loss":0},{"cards_removed":["Strike_G"],"damage_healed":0,"gold_gain":0,"player_choice":"Upgrade and Remove","damage_taken":0,"max_hp_gain":0,"max_hp_loss":0,"event_name":"Designer","floor":47,"gold_loss":110,"cards_upgraded":["Wraith Form v2"]}],"is_beta":false,"boss_relics":[{"not_picked":["Coffee Dripper","SacredBark"],"picked":"expansioncontent:StudyCardRelic"},{"not_picked":["WristBlade","Ring of the Serpent"],"picked":"Snecko Eye"}],"items_purged_floors":[31,37],"is_endless":false,"potions_floor_spawned":[2,3,7,16,20,22,24,33,35,38,46],"killed_by":"Time Eater","ascension_level":18}}