{"host":"6pgtslebjnyv5xmi","time":1610207425,"event":{"mods":["AchievementEnabler","BaseMod","Colored Map","Minty Spire (QoL Compilation)","Rare Cards Sparkle","StSLib","SuperFastMode","The Hierophant","everything is the same but u backflip on backflip"],"gold_per_floor":[109,119,119,119,134,134,149,149,175,175,195,195,195,209,209,209,209],"floor_reached":16,"playtime":657,"items_purged":[],"score":97,"play_id":"4d7f7dc0-32d8-4724-8cfd-40ce473dc958","local_time":"20210110005025","is_ascension_mode":true,"campfire_choices":[{"data":"WreathOfFlame","floor":6,"key":"SMITH"},{"data":"Wireheading","floor":8,"key":"SMITH"},{"data":"InnerPeace","floor":10,"key":"SMITH"},{"floor":13,"key":"REST"},{"data":"Adaptation","floor":15,"key":"SMITH"}],"circlet_count":0,"master_deck":["Strike_P","Strike_P","Strike_P+1","Strike_P","Defend_P","Defend_P","Defend_P+1","Defend_P","Eruption+1","Vigilance","WreathOfFlame+1","InnerPeace+1","Regret","Wireheading+1","Vengeance","Adaptation+1"],"relics":["PureWater","Vajra","Golden Idol","Nunchaku"],"acts_visited":["Exordium"],"potions_floor_usage":[11,11,16,16],"damage_taken":[{"damage":2,"enemies":"Jaw Worm","floor":1,"turns":3},{"damage":0,"enemies":"2 Louse","floor":2,"turns":3},{"damage":0,"enemies":"Small Slimes","floor":5,"turns":1},{"damage":8,"enemies":"Looter","floor":7,"turns":4},{"damage":19,"enemies":"Lots of Slimes","floor":11,"turns":4},{"damage":7,"enemies":"2 Fungi Beasts","floor":14,"turns":4},{"damage":25,"enemies":"The Guardian","floor":16,"turns":6}],"seed_played":"8067387925039726442","potions_obtained":[{"floor":1,"key":"PowerPotion"},{"floor":7,"key":"LiquidMemories"},{"floor":11,"key":"LiquidBronze"},{"floor":14,"key":"LiquidMemories"}],"is_trial":false,"path_per_floor":["M","M","?","?","M","R","M","R","T","R","M","?","R","M","R","B"],"character_chosen":"WATCHER","items_purchased":[],"campfire_rested":1,"item_purchase_floors":[],"current_hp_per_floor":[70,70,70,52,52,52,44,44,44,44,25,11,32,25,25,0,0],"gold":209,"neow_bonus":"UPGRADE_CARD","is_daily":false,"chose_seed":false,"campfire_upgraded":4,"win_rate":0.0,"timestamp":1610207425,"path_taken":["M","M","?","?","M","R","M","R","T","R","M","?","R","M","R","BOSS"],"items_purchased_type":[],"build_version":"2020-12-22","purchased_purges":0,"victory":false,"max_hp_per_floor":[72,72,72,72,72,72,72,72,72,72,72,72,72,72,72,72,72],"card_choices":[{"not_picked":["PathToVictory","Perseverance"],"picked":"WreathOfFlame","floor":1},{"not_picked":["WaveOfTheHand","FollowUp"],"picked":"InnerPeace","floor":2},{"not_picked":["Crescendo","PathToVictory"],"picked":"Wireheading","floor":5},{"not_picked":["EmptyBody","Consecrate","FollowUp"],"picked":"SKIP","floor":7},{"not_picked":["EmptyBody","CutThroughFate"],"picked":"Vengeance","floor":11},{"not_picked":["Nirvana","Evaluate"],"picked":"Adaptation","floor":14}],"player_experience":931601,"relics_obtained":[{"floor":9,"key":"Nunchaku"}],"event_choices":[{"damage_healed":0,"gold_gain":0,"player_choice":"Box","damage_taken":0,"relics_obtained":["Vajra"],"max_hp_gain":0,"max_hp_loss":0,"event_name":"Big Fish","floor":3,"gold_loss":0,"cards_obtained":["Regret"]},{"damage_healed":0,"gold_gain":0,"player_choice":"Take Damage","damage_taken":18,"relics_obtained":["Golden Idol"],"max_hp_gain":0,"max_hp_loss":0,"event_name":"Golden Idol","floor":4,"gold_loss":0},{"damage_healed":0,"gold_gain":0,"player_choice":"Entered Light","damage_taken":14,"max_hp_gain":0,"max_hp_loss":0,"event_name":"Shining Light","floor":12,"gold_loss":0,"cards_upgraded":["Defend_P","Strike_P"]}],"is_beta":false,"boss_relics":[],"items_purged_floors":[],"is_endless":false,"potions_floor_spawned":[1,7,11,14],"killed_by":"The Guardian","ascension_level":1}}