{"host":"19r1ww88x2tc73i0","time":1610212517,"event":{"mods":["BaseMod","BetterRewards","Colored Map","Minty Spire (QoL Compilation)","Relic Stats","StSLib","SuperFastMode","slay the spire mod where everything is the same but ironclad has a cowboy hat"],"gold_per_floor":[109,68,78,78,50,50,70,70,70,88,101,142,155,155,155,254,254,208,227,152,49,72,72,72,105,105,105,119,119,119],"floor_reached":29,"playtime":2100,"items_purged":["Strike_B"],"score":490,"play_id":"1c24e375-32d3-4e03-afc9-2469c023d022","local_time":"25640110001517","is_ascension_mode":true,"campfire_choices":[{"data":"Hologram","floor":6.0,"key":"SMITH"},{"data":"Beam Cell","floor":8.0,"key":"SMITH"},{"data":"Rip and Tear","floor":15.0,"key":"SMITH"},{"data":"Echo Form","floor":23.0,"key":"SMITH"}],"circlet_count":0,"master_deck":["AscendersBane","Strike_B","Strike_B","Strike_B","Defend_B","Defend_B","Defend_B","Defend_B","Hologram+1","Conserve Battery+1","Reprogram+1","Beam Cell+1","Rip and Tear+1","BootSequence+1","Leap+1","Reinforced Body+1","Recycle+1","Go for the Eyes","Echo Form+1","Compile Driver","Blind+1","Force Field+1"],"relics":["Cracked Core","Vajra","Toxic Egg 2","Golden Idol","Torii","MealTicket","Sozu","Strawberry","Eternal Feather"],"acts_visited":["Exordium","TheCity"],"potions_floor_usage":[25],"damage_taken":[{"damage":0.0,"enemies":"Cultist","floor":1.0,"turns":4.0},{"damage":0.0,"enemies":"Small Slimes","floor":3.0,"turns":3.0},{"damage":2.0,"enemies":"Jaw Worm","floor":7.0,"turns":3.0},{"damage":13.0,"enemies":"Exordium Thugs","floor":10.0,"turns":6.0},{"damage":0.0,"enemies":"2 Fungi Beasts","floor":11.0,"turns":4.0},{"damage":12.0,"enemies":"Lagavulin","floor":12.0,"turns":8.0},{"damage":0.0,"enemies":"Blue Slaver","floor":13.0,"turns":2.0},{"damage":1.0,"enemies":"Hexaghost","floor":16.0,"turns":13.0},{"damage":2.0,"enemies":"2 Thieves","floor":18.0,"turns":5.0},{"damage":17.0,"enemies":"Spheric Guardian","floor":19.0,"turns":6.0},{"damage":13.0,"enemies":"Centurion and Healer","floor":22.0,"turns":7.0},{"damage":22,"enemies":"Slavers","floor":25,"turns":7},{"damage":20,"enemies":"Snecko","floor":28,"turns":5},{"damage":2,"enemies":"Cultist and Chosen","floor":29,"turns":5}],"seed_played":"-460292292716642222","potions_obtained":[{"floor":3.0,"key":"LiquidBronze"},{"floor":11.0,"key":"FocusPotion"},{"floor":12.0,"key":"SneckoOil"},{"floor":16.0,"key":"Weak Potion"}],"is_trial":false,"path_per_floor":["M","$","M","?","$","R","M","R","T","M","M","E","M","?","R","B",null,"M","M","?","$","M","R","?","E","T","$","M","M"],"character_chosen":"DEFECT","items_purchased":["Vajra","Hologram","Toxic Egg 2","Conserve Battery+1","Reprogram+1","Beam Cell","BootSequence+1","Leap+1","Blind+1"],"campfire_rested":0,"item_purchase_floors":[0,0,0,0,0,0,2,5,21],"current_hp_per_floor":[64,64,64,64,64,64,62,62,62,49,49,37,37,37,37,36,57,55,38,38,53,40,40,40,25,25,40,20,18,18],"gold":119,"neow_bonus":"","is_daily":false,"chose_seed":false,"campfire_upgraded":4,"win_rate":0.0,"timestamp":1610212517,"path_taken":["M","$","?","?","$","R","M","R","T","M","M","E","M","?","R","BOSS","M","M","?","$","M","R","?","E","T","?","?","M"],"items_purchased_type":["Relic","Card","Relic","Card","Card","Card","Card","Card","Card"],"build_version":"2020-12-22","purchased_purges":1,"victory":false,"max_hp_per_floor":[71,71,71,64,64,64,64,64,64,64,64,64,64,64,64,64,64,64,64,64,64,64,64,64,71,71,71,71,71,71],"relic_stats":{"Sozu":2,"Torii":17,"counters":[183,820],"Golden Idol":64,"MealTicket":30,"Eternal Feather":0,"obtain_stats":[{"Ice Cream":0,"Calipers":25,"Gremlin Horn":48,"CeramicFish":0,"Vajra":46,"Runic Capacitor":0,"Ginger":0,"Boot":9,"FrozenCore":34,"Blood Vial":12,"Sozu":17,"Centennial Puzzle":17,"HornCleat":11,"Strawberry":8,"Prayer Wheel":45,"MealTicket":12,"Fusion Hammer":17,"HandDrill":0,"Toxic Egg 2":0,"Runic Cube":17,"Happy Flower":28,"Dead Branch":0,"Blue Candle":9,"Oddly Smooth Stone":0,"Eternal Feather":14,"Pen Nib":9,"War Paint":9,"Akabeko":0,"OrangePellets":0,"Shuriken":8,"Bronze Scales":43,"Bird Faced Urn":0,"Molten Egg 2":45,"Black Star":17,"Symbiotic Virus":6,"StrikeDummy":17,"Meat on the Bone":12,"Darkstone Periapt":26,"Lantern":13,"Torii":0,"StoneCalendar":47,"Mango":0,"Juzu Bracelet":0,"Incense Burner":0,"Bag of Preparation":31,"Cursed Key":17,"Smiling Mask":24,"Ancient Tea Set":28,"Empty Cage":17,"Burning Blood":0,"ClockworkSouvenir":45,"Dream Catcher":26,"Matryoshka":0,"Shovel":10,"Mummified Hand":0,"Pantograph":9,"Tiny Chest":0,"WingedGreaves":0,"Red Mask":21,"Chemical X":0,"Cracked Core":0,"Paper Frog":4,"Runic Pyramid":34,"Potion Belt":13,"Self Forming Clay":3,"Golden Idol":3,"PreservedInsect":0,"The Courier":10,"Omamori":26,"Odd Mushroom":10,"Frozen Egg 2":20,"MawBank":23,"Peace Pipe":14,"Calling Bell":17,"DataDisk":26,"CaptainsWheel":17,"Busted Crown":17,"Ornamental Fan":6,"Turnip":0,"Bag of Marbles":0,"Art of War":0,"Membership Card":0,"TungstenRod":0,"Toy Ornithopter":9,"FossilizedHelix":0},{"Ice Cream":63,"Calipers":25,"Gremlin Horn":35,"CeramicFish":0,"Vajra":34,"Runic Capacitor":45,"Ginger":11,"Boot":100,"FrozenCore":112,"Blood Vial":4,"Sozu":177,"Centennial Puzzle":138,"HornCleat":18,"Strawberry":3,"Prayer Wheel":33,"MealTicket":175,"Fusion Hammer":104,"HandDrill":49,"Toxic Egg 2":78,"Runic Cube":7,"Happy Flower":26,"Dead Branch":56,"Blue Candle":83,"Oddly Smooth Stone":157,"Eternal Feather":151,"Pen Nib":62,"War Paint":16,"Akabeko":0,"OrangePellets":0,"Shuriken":16,"Bronze Scales":33,"Bird Faced Urn":56,"Molten Egg 2":33,"Black Star":95,"Symbiotic Virus":61,"StrikeDummy":138,"Meat on the Bone":101,"Darkstone Periapt":10,"Lantern":43,"Torii":11,"StoneCalendar":35,"Mango":37,"Juzu Bracelet":0,"Incense Burner":0,"Bag of Preparation":28,"Cursed Key":20,"Smiling Mask":25,"Ancient Tea Set":26,"Empty Cage":73,"Burning Blood":0,"ClockworkSouvenir":33,"Dream Catcher":77,"Matryoshka":45,"Shovel":92,"Mummified Hand":86,"Pantograph":3,"Tiny Chest":11,"WingedGreaves":63,"Red Mask":24,"Chemical X":56,"Cracked Core":0,"Paper Frog":1,"Runic Pyramid":29,"Potion Belt":71,"Self Forming Clay":1,"Golden Idol":38,"PreservedInsect":0,"The Courier":84,"Omamori":25,"Odd Mushroom":17,"Frozen Egg 2":74,"MawBank":10,"Peace Pipe":6,"Calling Bell":138,"DataDisk":107,"CaptainsWheel":138,"Busted Crown":122,"Ornamental Fan":2,"Turnip":78,"Bag of Marbles":0,"Art of War":0,"Membership Card":11,"TungstenRod":11,"Toy Ornithopter":67,"FossilizedHelix":86},{"Ice Cream":271,"Calipers":112,"Gremlin Horn":146,"CeramicFish":0,"Vajra":143,"Runic Capacitor":202,"Ginger":62,"Boot":423,"FrozenCore":492,"Blood Vial":15,"Sozu":785,"Centennial Puzzle":613,"HornCleat":87,"Strawberry":12,"Prayer Wheel":140,"MealTicket":770,"Fusion Hammer":444,"HandDrill":216,"Toxic Egg 2":328,"Runic Cube":36,"Happy Flower":116,"Dead Branch":248,"Blue Candle":350,"Oddly Smooth Stone":691,"Eternal Feather":661,"Pen Nib":268,"War Paint":79,"Akabeko":0,"OrangePellets":0,"Shuriken":79,"Bronze Scales":140,"Bird Faced Urn":248,"Molten Egg 2":140,"Black Star":396,"Symbiotic Virus":265,"StrikeDummy":613,"Meat on the Bone":427,"Darkstone Periapt":57,"Lantern":194,"Torii":62,"StoneCalendar":146,"Mango":159,"Juzu Bracelet":0,"Incense Burner":0,"Bag of Preparation":124,"Cursed Key":96,"Smiling Mask":112,"Ancient Tea Set":116,"Empty Cage":309,"Burning Blood":0,"ClockworkSouvenir":140,"Dream Catcher":326,"Matryoshka":202,"Shovel":381,"Mummified Hand":360,"Pantograph":12,"Tiny Chest":62,"WingedGreaves":271,"Red Mask":109,"Chemical X":248,"Cracked Core":0,"Paper Frog":2,"Runic Pyramid":129,"Potion Belt":298,"Self Forming Clay":2,"Golden Idol":164,"PreservedInsect":0,"The Courier":354,"Omamori":112,"Odd Mushroom":83,"Frozen Egg 2":312,"MawBank":57,"Peace Pipe":23,"Calling Bell":613,"DataDisk":460,"CaptainsWheel":613,"Busted Crown":547,"Ornamental Fan":7,"Turnip":328,"Bag of Marbles":0,"Art of War":0,"Membership Card":62,"TungstenRod":62,"Toy Ornithopter":283,"FossilizedHelix":360}]},"card_choices":[{"not_picked":["Lockon","Melter"],"picked":"Rip and Tear","floor":1.0},{"not_picked":["Turbo+1","Cold Snap","Chaos+1"],"picked":"SKIP","floor":3.0},{"not_picked":["Go for the Eyes","Sunder"],"picked":"Reinforced Body+1","floor":7.0},{"not_picked":["Redo+1","Streamline","Cold Snap"],"picked":"SKIP","floor":10.0},{"not_picked":["Cold Snap","Consume+1"],"picked":"Recycle+1","floor":11.0},{"not_picked":["Reinforced Body+1","Cold Snap","Turbo+1"],"picked":"SKIP","floor":12.0},{"not_picked":["Rainbow+1","Lockon"],"picked":"Go for the Eyes","floor":13.0},{"not_picked":["Biased Cognition","Multi-Cast+1"],"picked":"Echo Form","floor":16.0},{"not_picked":["Redo+1","Storm","BootSequence+1"],"picked":"SKIP","floor":18.0},{"not_picked":["Turbo+1","Coolheaded+1"],"picked":"Compile Driver","floor":19.0},{"not_picked":["Conserve Battery+1","Coolheaded+1","Darkness+1"],"picked":"SKIP","floor":22.0},{"not_picked":["Storm","Rebound","Doom and Gloom"],"picked":"SKIP","floor":25},{"not_picked":["Turbo+1","Gash"],"picked":"Force Field+1","floor":28}],"player_experience":889927,"relics_obtained":[{"floor":9.0,"key":"Torii"},{"floor":12.0,"key":"MealTicket"},{"floor":25,"key":"Strawberry"},{"floor":26,"key":"Eternal Feather"}],"event_choices":[{"damage_healed":0.0,"max_hp_gain":0.0,"max_hp_loss":7.0,"gold_gain":0.0,"event_name":"Golden Idol","player_choice":"Lose Max HP","floor":4.0,"gold_loss":0.0,"damage_taken":0.0,"relics_obtained":["Golden Idol"]},{"cards_removed":["Zap"],"damage_healed":0.0,"max_hp_gain":0.0,"max_hp_loss":0.0,"gold_gain":0.0,"event_name":"Purifier","player_choice":"Purged","floor":14.0,"gold_loss":0.0,"damage_taken":0.0},{"cards_removed":["Dualcast"],"damage_healed":0.0,"max_hp_gain":0.0,"max_hp_loss":0.0,"gold_gain":0.0,"event_name":"Beggar","player_choice":"Gave Gold","floor":20.0,"gold_loss":75.0,"damage_taken":0.0}],"is_beta":false,"boss_relics":[{"not_picked":["Inserter","Busted Crown"],"picked":"Sozu"}],"items_purged_floors":[0],"is_endless":false,"potions_floor_spawned":[3,11,12,16,18,28],"killed_by":"Cultist and Chosen","ascension_level":20}}