{"host":"bpkhhmvsfrvlto2l","time":1610164494,"event":{"mods":["2.2 Compatiblity","AchievementEnabler","Act Like it!","AlwaysNeverKeys","Aspiration","BaseMod","Better Silent Start","Challenge The Spire","Colored Map","Colored Powertips","Custom Start","Downfall","Energized Spire","Friendly Minions","GifTheSpireLib","Halation","Hubris","Infinite Spire","Ironclad Rager","Mimic Mod","Minty Spire (QoL Compilation)","Permanent Neow","Quick Restart","Random Character Button","Relic Sorter","Replay The Spire","Spikes Relics","StSLib","Stuff the Spire","Swap Starting Deck Mod","Trackpad"],"gold_per_floor":[112,131,131,131,149,149,184,184,224,257,274,306,317,347,347,445,445,459,475,403,421,441,476,476,486,537,537,537,537,537,557,557,663,663,687,711,636,636,650,650,685,685,757,786,808,839,839,784,784,793],"floor_reached":51,"playtime":1494,"items_purged":["Reckless Charge"],"score":1031,"play_id":"c0332aa2-0813-4773-a030-5b9f492e000d","local_time":"20210108225454","is_ascension_mode":true,"campfire_choices":[{"data":"Fire Breathing","floor":8.0,"key":"SMITH"},{"data":"StuffTheSpire:Resist","floor":15.0,"key":"SMITH"},{"floor":27.0,"key":"REST"},{"data":"Fire Breathing","floor":29.0,"key":"SMITH"},{"data":"Evolve","floor":32.0,"key":"SMITH"},{"data":"Fire Breathing","floor":40,"key":"SMITH"},{"data":"StuffTheSpire:Incineration","floor":47,"key":"SMITH"},{"data":"StuffTheSpire:Incineration","floor":49,"key":"SMITH"}],"circlet_count":0,"master_deck":["Reckless Charge","Reckless Charge","Wild Strike","Power Through","Power Through","Power Through","Power Through","Fire Breathing+1","StuffTheSpire:Resist+1","Immolate","Fire Breathing+1","StuffTheSpire:Incineration+1","Evolve+1","Fire Breathing+1","StuffTheSpire:Incineration+1","Reckless Charge"],"relics":["Burning Blood","trackpad:WindUpAutoDealer","hubris:Icosahedron","aspiration:StickyExplosives_weak","Bag of Marbles","trackpad:RapidFire","StuffTheSpire:Mouthbags","Prayer Wheel","SnailShell","halation:IllGainedPizza","Pondfish Scales","Busted Crown","trackpad:GuardianSpirit","infinitespire:EmpoweringShard","StuffTheSpire:Barrel"],"acts_visited":["Exordium","TheCity","TheBeyond"],"potions_floor_usage":[50],"damage_taken":[{"damage":0.0,"enemies":"Jaw Worm","floor":1.0,"turns":3.0},{"damage":0.0,"enemies":"Cultist","floor":2.0,"turns":3.0},{"damage":0.0,"enemies":"2 Louse","floor":5.0,"turns":2.0},{"damage":21.0,"enemies":"Lagavulin","floor":7.0,"turns":5.0},{"damage":0.0,"enemies":"Exordium Wildlife","floor":9.0,"turns":4.0},{"damage":1.0,"enemies":"Gremlin Nob","floor":10.0,"turns":4.0},{"damage":0.0,"enemies":"Exordium Wildlife","floor":11.0,"turns":2.0},{"damage":0.0,"enemies":"3 Sentries","floor":12.0,"turns":3.0},{"damage":0.0,"enemies":"Exordium Thugs","floor":13.0,"turns":2.0},{"damage":0.0,"enemies":"Replay:BlueRogue","floor":14.0,"turns":4.0},{"damage":0.0,"enemies":"Fading Forest","floor":16.0,"turns":11.0},{"damage":16.0,"enemies":"2 Thieves","floor":18.0,"turns":3.0},{"damage":0.0,"enemies":"Shell Parasite","floor":19.0,"turns":4.0},{"damage":12.0,"enemies":"Snake Plant","floor":21.0,"turns":4.0},{"damage":24.0,"enemies":"Shelled Parasite and Fungi","floor":22.0,"turns":4.0},{"damage":12.0,"enemies":"Book of Stabbing","floor":23.0,"turns":4.0},{"damage":0.0,"enemies":"Centurion and Healer","floor":25.0,"turns":4.0},{"damage":0.0,"enemies":"Snake Plant","floor":31.0,"turns":4.0},{"damage":12.0,"enemies":"Champ","floor":33.0,"turns":7.0},{"damage":0.0,"enemies":"3 Shapes","floor":35.0,"turns":3.0},{"damage":12.0,"enemies":"Orb Walker","floor":36.0,"turns":4.0},{"damage":0,"enemies":"3 Darklings","floor":39,"turns":3},{"damage":0,"enemies":"Reptomancer","floor":41,"turns":4},{"damage":0,"enemies":"R_Hoarder","floor":44,"turns":6},{"damage":0,"enemies":"Transient","floor":45,"turns":5},{"damage":0,"enemies":"Giant Head","floor":46,"turns":6},{"damage":18,"enemies":"Awakened One","floor":50,"turns":6}],"seed_played":"4952818456096772781","potions_obtained":[{"floor":2.0,"key":"Fruit Juice"},{"floor":3.0,"key":"Explosive Potion"},{"floor":3.0,"key":"Reflective Coating"},{"floor":3.0,"key":"Doom Potion"},{"floor":10.0,"key":"LiquidBronze"},{"floor":11.0,"key":"Strength Potion"},{"floor":22.0,"key":"FairyPotion"},{"floor":23.0,"key":"Dexterity Potion"},{"floor":36.0,"key":"PowerPotion"}],"is_trial":false,"path_per_floor":["M","M","?","$","M","?","E","R","MIM","E","M","E","M","E","R","B",null,"M","M","$","M","M","E","?","M","T","R","?","R","?","M","R","B",null,"M","M","$","?","M","R","E","AVR","T","E","M","E","R","?","R","B",null],"character_chosen":"IRONCLAD","items_purchased":["Evolve"],"campfire_rested":1,"item_purchase_floors":[20],"current_hp_per_floor":[60,65,65,65,65,65,50,50,56,61,65,65,65,65,65,65,65,55,61,61,55,37,31,31,37,37,56,63,63,63,65,65,59,65,65,59,59,59,65,65,65,65,65,65,65,65,65,65,65,53],"gold":793,"neow_bonus":"","is_daily":false,"chose_seed":false,"campfire_upgraded":7,"win_rate":0.0,"timestamp":1610164494,"path_taken":["M","M","?","$","?","?","E","R","MIM","E","M","E","M","E","R","BOSS","M","M","$","M","M","E","?","M","T","R","?","R","?","M","R","BOSS","M","M","$","?","M","R","E","AVR","T","E","M","E","R","?","R","BOSS"],"items_purchased_type":["Card"],"build_version":"2020-12-22","purchased_purges":1,"victory":true,"max_hp_per_floor":[60,65,65,65,65,65,65,65,65,65,65,65,65,65,65,65,65,65,65,65,65,65,65,65,65,65,65,65,65,65,65,65,65,65,65,65,65,65,65,65,65,65,65,65,65,65,65,65,65,65],"card_choices":[{"not_picked":["Perfected Strike","Replay:Undeath\u0027s Touch"],"picked":"StuffTheSpire:Resist","floor":10.0},{"not_picked":["Pommel Strike","Headbutt","Clash"],"picked":"SKIP","floor":11.0},{"not_picked":["Feel No Pain","Combust"],"picked":"Immolate","floor":14.0},{"not_picked":["Pommel Strike","Clash"],"picked":"Fire Breathing","floor":18.0},{"not_picked":["Pummel","infinitespire:OneForAll","Sword Boomerang"],"picked":"SKIP","floor":18.0},{"not_picked":["ReplayTheSpireMod:LeadingStrike","Seeing Red"],"picked":"StuffTheSpire:Incineration","floor":19.0},{"not_picked":["Burning Pact","Anger","Sword Boomerang"],"picked":"SKIP","floor":19.0},{"not_picked":["Reckless Charge","hubris:CleavingFinish+1","Perfected Strike"],"picked":"SKIP","floor":21.0},{"not_picked":["Havoc","Rupture","Flex+1"],"picked":"SKIP","floor":21.0},{"not_picked":["Uppercut","Iron Wave","Headbutt"],"picked":"SKIP","floor":22.0},{"not_picked":["Fiend Fire","Pommel Strike","Inflame"],"picked":"SKIP","floor":22.0},{"not_picked":["Twin Strike+1","Whirlwind+1","Heavy Blade"],"picked":"SKIP","floor":23.0},{"not_picked":["Second Wind+1","Flex"],"picked":"Fire Breathing","floor":25.0},{"not_picked":["Uppercut+1","Power Through+1"],"picked":"StuffTheSpire:Incineration","floor":25.0},{"not_picked":["Clash","Rupture","Whirlwind"],"picked":"SKIP","floor":31.0},{"not_picked":["Body Slam","Combust","Second Wind"],"picked":"SKIP","floor":31.0},{"not_picked":["Massacre","Dual Wield","Replay:Undeath\u0027s Touch+1"],"picked":"SKIP","floor":35.0},{"not_picked":["Iron Wave+1","Disarm","Heavy Blade"],"picked":"SKIP","floor":35.0},{"not_picked":["Defy Death+1","Flex","Disarm"],"picked":"SKIP","floor":36.0},{"not_picked":["Power Through","Shrug It Off","Dark Embrace"],"picked":"SKIP","floor":36.0},{"not_picked":["Clash+1","Wild Strike","StuffTheSpire:Slingshot+1"],"picked":"SKIP","floor":39},{"not_picked":["Clash+1","Combust","Havoc"],"picked":"SKIP","floor":39},{"not_picked":["Havoc+1","Metallicize","Juggernaut"],"picked":"SKIP","floor":41},{"not_picked":["True Grit"],"picked":"SKIP","floor":44},{"not_picked":["True Grit"],"picked":"SKIP","floor":45},{"not_picked":["Metallicize"],"picked":"SKIP","floor":45},{"not_picked":["Flame Barrier+1"],"picked":"SKIP","floor":46}],"player_experience":47092,"relics_obtained":[{"floor":7.0,"key":"aspiration:StickyExplosives_weak"},{"floor":9.0,"key":"Bag of Marbles"},{"floor":10.0,"key":"trackpad:RapidFire"},{"floor":12.0,"key":"StuffTheSpire:Mouthbags"},{"floor":14.0,"key":"Prayer Wheel"},{"floor":23.0,"key":"SnailShell"},{"floor":26.0,"key":"halation:IllGainedPizza"},{"floor":41,"key":"Pondfish Scales"},{"floor":43,"key":"trackpad:GuardianSpirit"},{"floor":44,"key":"infinitespire:EmpoweringShard"},{"floor":46,"key":"trackpad:WindUpAutoDealer"}],"event_choices":[{"damage_healed":0.0,"max_hp_gain":0.0,"max_hp_loss":0.0,"gold_gain":0.0,"event_name":"Lab","player_choice":"Got Potions","floor":3.0,"gold_loss":0.0,"damage_taken":0.0},{"damage_healed":0.0,"max_hp_gain":0.0,"max_hp_loss":0.0,"gold_gain":0.0,"event_name":"The Cleric","player_choice":"Leave","floor":6.0,"gold_loss":0.0,"damage_taken":0.0},{"damage_healed":0.0,"max_hp_gain":0.0,"max_hp_loss":0.0,"gold_gain":0.0,"event_name":"Vampires","player_choice":"Ignored","floor":24.0,"gold_loss":0.0,"damage_taken":0.0},{"damage_healed":0,"gold_gain":0,"player_choice":"Paid Gold","damage_taken":0,"relics_obtained":["StuffTheSpire:Barrel"],"max_hp_gain":0,"max_hp_loss":0,"event_name":"WeMeetAgain","floor":48,"gold_loss":55}],"is_beta":false,"boss_relics":[{"not_picked":["Replay:Bronze Core","Abe\u0027s Treasure","Ooze Armor"]},{"not_picked":["energizedSpire:SpiderWeb","hubris:VirtuousBlindfold","trackpad:Coffee"]}],"items_purged_floors":[37],"is_endless":false,"potions_floor_spawned":[2,10,11,14,16,19,22,23,33,36,44,45,46],"ascension_level":1}}