{"host":"bf9sa99gaumonoeu","time":1610206750,"event":{"mods":["AchievementEnabler","Act Like it!","BaseMod","Better Sensory Stone","Colored Map","Colored Powertips","Downfall","Friendly Minions","Gensokyo","GifTheSpireLib","Googly Eyes","Hallownest","Hermit","Jorbs\u0027s Wanderer Trilogy","KinomotoSakuraMod(????)","Koishi","Lobotomy","Marisa????????","Minty Spire (QoL Compilation)","Rare Cards Sparkle","Reimu??????","Relic Stats","Remilia??????","StSLib","The Administrix","The Animator","The Bug Knight","The Construct","The Cursed","The Disciple","The Hierophant","The Mystic","The Necromancer","The Poker Player","The Runesmith","The Senshi","The Servant 0.9.4","TheLocksmith"],"gold_per_floor":[122,122,141,152,178,178,189,189,189,211,248,102,102,130,130,254,254,267,207,122,135,146,146,146],"floor_reached":23,"playtime":2407,"items_purged":["animator:Defend"],"score":325,"play_id":"5f46eaf3-1d46-4193-a955-369570fcebcd","local_time":"20210109133910","is_ascension_mode":true,"campfire_choices":[{"data":"animator:Jibril","floor":6,"key":"SMITH"},{"data":"animator:DolaSchwi","floor":8,"key":"SMITH"},{"floor":15,"key":"REST"}],"circlet_count":0,"master_deck":["AscendersBane","animator:Strike_NoGameNoLife","animator:Defend_NoGameNoLife","animator:Strike","animator:Defend","animator:Defend","animator:DolaSchwi+1","animator:DolaCouronne","animator:IzunaHatsuse","animator:Nanami","animator:ChlammyZell","animator:Jibril+1","animator:Chung","animator:Caster","animator:Hitei","animator:Tet","animator:Sora","animator:Nanami","animator:DolaSchwi","animator:GoblinSlayer","animator:Archer"],"relics":["animator:LivingPicture","animator:TheMissingPiece","animator:PurgingStone","Runesmith:Nanobots","animator:HeavyHalberd","HollowMod:PaleOreRelic","Philosopher\u0027s Stone","PreservedInsect"],"acts_visited":["Exordium","TheCity"],"potions_floor_usage":[10,16],"damage_taken":[{"damage":2,"enemies":"Jaw Worm","floor":1,"turns":3},{"damage":2,"enemies":"2 Louse","floor":3,"turns":4},{"damage":3,"enemies":"Cultist","floor":4,"turns":5},{"damage":2,"enemies":"Large Slime","floor":5,"turns":6},{"damage":11,"enemies":"Exordium Thugs","floor":7,"turns":5},{"damage":2,"enemies":"Gremlin Gang","floor":10,"turns":3},{"damage":7,"enemies":"Lagavulin","floor":11,"turns":6},{"damage":29,"enemies":"3 Sentries","floor":14,"turns":5},{"damage":6,"enemies":"Hexaghost","floor":16,"turns":6},{"damage":0,"enemies":"Spheric Guardian","floor":18,"turns":4},{"damage":6,"enemies":"2 Thieves","floor":19,"turns":4},{"damage":21,"enemies":"Chosen and Byrds","floor":21,"turns":5},{"damage":9,"enemies":"Snecko","floor":22,"turns":5},{"damage":35,"enemies":"animator:HornedBat","floor":23,"turns":6}],"seed_played":"8447271807735326558","potions_obtained":[{"floor":1,"key":"PowerPotion"},{"floor":10,"key":"LiquidBronze"},{"floor":11,"key":"ZuzhouPotion:ReiMu"}],"is_trial":false,"path_per_floor":["M","?","M","M","M","R","M","R","T","M","E","$","?","E","R","B",null,"M","M","?","M","M","E"],"character_chosen":"THE_ANIMATOR","items_purchased":["animator:Hitei"],"campfire_rested":1,"item_purchase_floors":[12],"current_hp_per_floor":[57,57,55,53,51,51,40,40,40,38,31,31,31,3,23,17,55,55,49,49,28,20,0,0],"gold":146,"neow_bonus":"REMOVE_CARD","is_daily":false,"chose_seed":false,"campfire_upgraded":2,"win_rate":0.0,"timestamp":1610206750,"path_taken":["M","?","M","M","M","R","M","R","T","M","E","$","?","E","R","BOSS","M","M","?","M","M","E"],"items_purchased_type":["Card"],"build_version":"2020-12-22","purchased_purges":1,"victory":false,"max_hp_per_floor":[66,66,66,67,67,67,67,67,67,67,67,67,67,68,68,68,68,68,68,68,68,69,69,69],"relic_stats":{"counters":[14,67],"PreservedInsect":46,"obtain_stats":[{"Runesmith:Nanobots":9,"animator:PurgingStone":0,"animator:TheMissingPiece":0,"Philosopher\u0027s Stone":17,"animator:LivingPicture":0,"PreservedInsect":20,"animator:HeavyHalberd":11,"HollowMod:PaleOreRelic":14},{"Runesmith:Nanobots":5,"animator:PurgingStone":0,"animator:TheMissingPiece":0,"Philosopher\u0027s Stone":9,"animator:LivingPicture":0,"PreservedInsect":11,"animator:HeavyHalberd":7,"HollowMod:PaleOreRelic":8},{"Runesmith:Nanobots":23,"animator:PurgingStone":0,"animator:TheMissingPiece":0,"Philosopher\u0027s Stone":43,"animator:LivingPicture":0,"PreservedInsect":51,"animator:HeavyHalberd":32,"HollowMod:PaleOreRelic":37}]},"card_choices":[{"not_picked":["animator:LizardPriest","animator:SuzuneAmano"],"picked":"animator:IzunaHatsuse","floor":1},{"not_picked":["animator:YachiyoNanami","animator:UneriGinkaku"],"picked":"animator:Nanami","floor":3},{"not_picked":["animator:Mitsurugi","animator:DolaRiku"],"picked":"animator:ChlammyZell","floor":4},{"not_picked":["animator:DolaRiku","animator:ChlammyZell"],"picked":"animator:Jibril","floor":5},{"not_picked":["animator:YuiTsuruno","animator:DolaSchwi","animator:Cocytus"],"picked":"SKIP","floor":7},{"not_picked":["animator:Lancer","animator:Priestess"],"picked":"animator:Chung","floor":10},{"not_picked":["animator:Illya","animator:MadokaKaname"],"picked":"animator:Caster","floor":11},{"not_picked":["animator:DolaCouronne","animator:FielNirvalen"],"picked":"animator:Tet","floor":14},{"not_picked":["animator:Kyubey","animator:Ainz"],"picked":"animator:Sora","floor":16},{"not_picked":["animator:Chung","animator:Azekura"],"picked":"animator:Nanami","floor":18},{"not_picked":["animator:Entoma","animator:Priestess"],"picked":"animator:DolaSchwi","floor":19},{"not_picked":["animator:Caster","animator:Ara"],"picked":"animator:GoblinSlayer","floor":21},{"not_picked":["animator:Alexander","animator:Rider"],"picked":"animator:Archer","floor":22}],"player_experience":899734,"relics_obtained":[{"floor":9,"key":"Runesmith:Nanobots"},{"floor":11,"key":"animator:HeavyHalberd"},{"floor":14,"key":"HollowMod:PaleOreRelic"}],"event_choices":[{"damage_healed":0,"gold_gain":0,"player_choice":"Ignored","damage_taken":0,"max_hp_gain":0,"max_hp_loss":0,"event_name":"Shining Light","floor":2,"gold_loss":0},{"cards_removed":["animator:Strike"],"damage_healed":0,"gold_gain":0,"player_choice":"Purged","damage_taken":0,"max_hp_gain":0,"max_hp_loss":0,"event_name":"Purifier","floor":13,"gold_loss":0},{"damage_healed":0,"gold_gain":0,"player_choice":"Obtained Relic","damage_taken":0,"relics_obtained":["PreservedInsect"],"max_hp_gain":0,"max_hp_loss":0,"event_name":"Addict","floor":20,"gold_loss":85}],"is_beta":false,"boss_relics":[{"not_picked":["Busted Crown","animator:RacePiece"],"picked":"Philosopher\u0027s Stone"}],"items_purged_floors":[12],"is_endless":false,"potions_floor_spawned":[1,10,11],"killed_by":"animator:HornedBat","ascension_level":12}}