{"host":"aukiz5jlacd3g5yc","time":1610234526,"event":{"mods":["2.2 Compatiblity","BaseMod","Beaked The Cultist","Bestiary","Colored Map","Colored Powertips","Downfall","GifTheSpireLib","Highlight Path","Hubris","Infinite Spire","Minty Spire (QoL Compilation)","Permanent Neow","Quick Restart","Random Character Button","Rare Cards Sparkle","Relic Sorter","Relic Stats","Replay The Spire","StSLib","Unknown Chances","everything is the same but u backflip on backflip","slay the spire mod where everything is the same but ironclad has a cowboy hat"],"gold_per_floor":[20,35,35,52,1,1,1,1],"floor_reached":7,"playtime":331,"items_purged":[],"score":41,"play_id":"ce039b81-aec2-48cc-9d11-86ed905b7456","local_time":"20210109172206","is_ascension_mode":false,"campfire_choices":[{"data":"Apotheosis","floor":6,"key":"SMITH"}],"circlet_count":0,"master_deck":["beaked:Strike_Y","beaked:Strike_Y","beaked:Strike_Y","beaked:Strike_Y","beaked:Strike_Y","beaked:Strike_Y","beaked:Defend_Y","beaked:Defend_Y","beaked:Defend_Y","beaked:Defend_Y","beaked:Ceremony","beaked:Ceremony","beaked:Ceremony","Apotheosis+1","beaked:Windmill","beaked:Recite","Decay","beaked:DigDeep","beaked:Insight"],"relics":["beaked:MendingPlumage"],"acts_visited":["Exordium"],"potions_floor_usage":[],"damage_taken":[{"damage":8,"enemies":"Small Slimes","floor":1,"turns":5},{"damage":15,"enemies":"Cultist","floor":2,"turns":4},{"damage":31,"enemies":"Jaw Worm","floor":4,"turns":4},{"damage":57,"enemies":"Gremlin Nob","floor":7,"turns":4}],"seed_played":"-8526369735847584073","potions_obtained":[{"floor":1,"key":"Strength Potion"},{"floor":2,"key":"Swift Potion"}],"is_trial":false,"path_per_floor":["M","M","?","M","$","R","E"],"character_chosen":"BEAKED_THE_CULTIST","items_purchased":["beaked:Insight"],"campfire_rested":0,"item_purchase_floors":[5],"current_hp_per_floor":[48,40,40,19,19,19,0,0],"gold":1,"neow_bonus":"RANDOM_COLORLESS_2","is_daily":false,"chose_seed":false,"campfire_upgraded":1,"win_rate":0.0,"timestamp":1610234526,"path_taken":["M","M","?","M","?","R","E"],"items_purchased_type":["Card"],"build_version":"2020-12-22","purchased_purges":0,"victory":false,"max_hp_per_floor":[50,50,50,50,50,50,50,50],"relic_stats":{"counters":[4,17],"obtain_stats":[{"beaked:MendingPlumage":0},{"beaked:MendingPlumage":0},{"beaked:MendingPlumage":0}]},"card_choices":[{"not_picked":["Replay:Dark Deal","ReplayTheSpireMod:Brewmster"],"picked":"Apotheosis","floor":0},{"not_picked":["beaked:Flinch","beaked:BloodForTheGods"],"picked":"beaked:Windmill","floor":1},{"not_picked":["beaked:TuckingFeathers","beaked:Redirect"],"picked":"beaked:Recite","floor":2},{"not_picked":["beaked:Cower","beaked:Negation"],"picked":"beaked:DigDeep","floor":4}],"player_experience":344051,"relics_obtained":[],"event_choices":[{"damage_healed":0,"gold_gain":0,"player_choice":"Cursed","damage_taken":0,"max_hp_gain":0,"max_hp_loss":0,"event_name":"Wheel of Change","floor":3,"gold_loss":0,"cards_obtained":["Decay"]}],"is_beta":false,"boss_relics":[],"items_purged_floors":[],"is_endless":false,"potions_floor_spawned":[1,2],"killed_by":"Gremlin Nob","ascension_level":0}}