{"host":"1a3cjta80tad0aqj","time":1610190682,"event":{"mods":["2.2 Compatiblity","AchievementEnabler","BaseMod","Colored Map","DeckTracker","KOR Keyword Fix","Keyboard Shortcuts","Minty Spire (QoL Compilation)","Permanent Neow","Quick Restart","Random Character Button","StSLib","SuperFastMode","everything is the same but u backflip on backflip"],"gold_per_floor":[20,33,46,60,80,80,96,96,96,96,107,107,123,134,134,233,233,233,233],"floor_reached":18,"playtime":758,"items_purged":[],"score":158,"play_id":"22aa4ee2-b1aa-417d-a8cd-198c992bc3ef","local_time":"20210109201122","is_ascension_mode":false,"campfire_choices":[{"data":"Eruption","floor":6,"key":"SMITH"},{"data":"Wallop","floor":8,"key":"SMITH"},{"data":"SashWhip","floor":10,"key":"SMITH"},{"data":"TalkToTheHand","floor":15,"key":"SMITH"}],"circlet_count":0,"master_deck":["Strike_P","Strike_P","Strike_P","Strike_P","Defend_P","Defend_P","Eruption+1","Vigilance","MentalFortress","TalkToTheHand+1","ClearTheMind","SashWhip+1","Wallop+1","Scrawl"],"relics":["PureWater"],"acts_visited":["Exordium","TheCity"],"potions_floor_usage":[16,16],"damage_taken":[{"damage":0,"enemies":"Cultist","floor":1,"turns":3},{"damage":0,"enemies":"Small Slimes","floor":2,"turns":3},{"damage":0,"enemies":"2 Louse","floor":3,"turns":2},{"damage":8,"enemies":"Exordium Thugs","floor":4,"turns":5},{"damage":5,"enemies":"3 Louse","floor":5,"turns":4},{"damage":0,"enemies":"Large Slime","floor":7,"turns":4},{"damage":0,"enemies":"Blue Slaver","floor":11,"turns":2},{"damage":12,"enemies":"Exordium Wildlife","floor":13,"turns":5},{"damage":2,"enemies":"2 Fungi Beasts","floor":14,"turns":3},{"damage":32,"enemies":"Slime Boss","floor":16,"turns":7},{"damage":26,"enemies":"3 Byrds","floor":18,"turns":6}],"seed_played":"123786513828175","potions_obtained":[{"floor":2,"key":"Dexterity Potion"},{"floor":3,"key":"ColorlessPotion"},{"floor":5,"key":"SkillPotion"},{"floor":16,"key":"EssenceOfSteel"}],"is_trial":false,"path_per_floor":["M","M","M","M","M","R","M","R","T","R","M","$","M","M","R","B",null,"M"],"character_chosen":"WATCHER","items_purchased":[],"campfire_rested":0,"item_purchase_floors":[],"current_hp_per_floor":[72,72,72,64,59,59,59,59,59,59,59,59,47,45,45,13,72,46,46],"gold":233,"neow_bonus":"REMOVE_TWO","is_daily":false,"chose_seed":true,"campfire_upgraded":4,"win_rate":0.0,"timestamp":1610190682,"path_taken":["M","M","M","M","M","R","M","R","T","R","M","$","M","?","R","BOSS","M"],"items_purchased_type":[],"build_version":"2020-12-22","purchased_purges":0,"victory":false,"max_hp_per_floor":[72,72,72,72,72,72,72,72,72,72,72,72,72,72,72,72,72,72,72],"card_choices":[{"not_picked":["Halt","Meditate"],"picked":"MentalFortress","floor":1},{"not_picked":["LikeWater","ClearTheMind"],"picked":"TalkToTheHand","floor":2},{"not_picked":["FlyingSleeves","DeceiveReality"],"picked":"ClearTheMind","floor":3},{"not_picked":["Protect","ThirdEye"],"picked":"SashWhip","floor":4},{"not_picked":["Sanctity","ForeignInfluence"],"picked":"Wallop","floor":5},{"not_picked":["BattleHymn","Swivel","Wireheading"],"picked":"SKIP","floor":7},{"not_picked":["ForeignInfluence","Wallop","Protect"],"picked":"SKIP","floor":11},{"not_picked":["ThirdEye","CrushJoints","SashWhip"],"picked":"SKIP","floor":13},{"not_picked":["ClearTheMind","SashWhip","Crescendo"],"picked":"SKIP","floor":14},{"not_picked":["Devotion","DevaForm"],"picked":"Scrawl","floor":16}],"player_experience":246671,"relics_obtained":[],"event_choices":[],"is_beta":false,"boss_relics":[{"not_picked":[]}],"items_purged_floors":[],"is_endless":false,"potions_floor_spawned":[2,3,5,16],"killed_by":"3 Byrds","ascension_level":0}}