{"host":"0jugj35n0ams2iav","time":1610153698,"event":{"mods":["BaseMod","Downfall","Hubris","Minty Spire (QoL Compilation)","Replay The Spire","StSLib","The Cursed","The Marked"],"gold_per_floor":[117,392,11,26,41,41,71,130,130,144,176,26,26,26,26,125,125,138,158,158,158,158],"floor_reached":21,"playtime":1120,"items_purged":["Regret"],"score":206,"play_id":"408241a4-2634-47e0-a2bf-9f9c86de3df4","local_time":"20210109005458","is_ascension_mode":true,"campfire_choices":[{"data":"Strike_B+2","floor":6,"key":"SMITH"},{"data":"ReplayTheSpireMod:Calculation Training","floor":15,"key":"SMITH"}],"circlet_count":0,"master_deck":["Strike_B+4","Defend_B+1","Defend_B","Zap","Dualcast","Gash+1","Gash","ReplayTheSpireMod:Calculation Training+1","hubris:Wrath","sneckomod:Bewildered","Crystallizer","Writhe"],"relics":["Cracked Core","Durian","Simple Rune","Guide Book","Whetstone","Question Card","Replay:Bottled Snecko","Ice Cream","Lee\u0027s Waffle","hubris:Towel","Kintsugi","Mercury Hourglass"],"acts_visited":["Exordium","TheCity"],"potions_floor_usage":[7,8,16],"damage_taken":[{"damage":4,"enemies":"2 Louse","floor":1,"turns":3},{"damage":0,"enemies":"Cultist","floor":4,"turns":2},{"damage":0,"enemies":"Small Slimes","floor":5,"turns":2},{"damage":10,"enemies":"Gremlin Nob","floor":7,"turns":2},{"damage":1,"enemies":"Lagavulin Event","floor":8,"turns":3},{"damage":7,"enemies":"Exordium Wildlife","floor":10,"turns":4},{"damage":19,"enemies":"3 Sentries","floor":11,"turns":7},{"damage":35,"enemies":"The Guardian","floor":16,"turns":7},{"damage":28,"enemies":"2 Thieves","floor":18,"turns":3},{"damage":44,"enemies":"3 Byrds","floor":19,"turns":4},{"damage":19,"enemies":"Snake Plant","floor":21,"turns":1}],"seed_played":"4165117168497495705","potions_obtained":[{"floor":1,"key":"champ:CounterPotion"},{"floor":7,"key":"DistilledChaos"},{"floor":10,"key":"DuplicationPotion"},{"floor":16,"key":"SteroidPotion"},{"floor":19,"key":"Energy Potion"}],"is_trial":false,"path_per_floor":["M","?","$","M","M","R","E","?","T","M","E","$","?","$","R","B",null,"M","M","?","M"],"character_chosen":"DEFECT","items_purchased":["Simple Rune","Guide Book","Lee\u0027s Waffle"],"campfire_rested":0,"item_purchase_floors":[3,3,12],"current_hp_per_floor":[55,55,55,55,55,55,45,44,44,37,18,87,87,87,87,52,87,59,15,15,0,0],"gold":158,"neow_bonus":"ONE_RARE_RELIC","is_daily":false,"chose_seed":false,"campfire_upgraded":2,"win_rate":0.0,"timestamp":1610153698,"path_taken":["M","?","$","?","M","R","E","?","T","M","E","$","?","?","R","BOSS","M","M","?","?"],"items_purchased_type":["Relic","Relic","Relic"],"build_version":"2020-12-22","purchased_purges":1,"victory":false,"max_hp_per_floor":[80,80,80,80,80,80,80,80,80,80,80,87,87,87,87,87,87,87,87,87,87,87],"card_choices":[{"not_picked":["Heatsinks","Sweeping Beam"],"picked":"Gash","floor":1},{"not_picked":["Rebound","Redo","Cold Snap"],"picked":"SKIP","floor":4},{"not_picked":["Tempest","Streamline","Sweeping Beam"],"picked":"SKIP","floor":5},{"not_picked":["All For One","Self Repair"],"picked":"Gash","floor":7},{"not_picked":["Gash","Cold Snap"],"picked":"ReplayTheSpireMod:Calculation Training","floor":8},{"not_picked":["Turbo","Beam Cell","Glacier","Stack"],"picked":"SKIP","floor":10},{"not_picked":["Reinforced Body","Beam Cell","Capacitor","Fission"],"picked":"SKIP","floor":11},{"not_picked":["ReplayGash+1","Darkness+1","Tempest"],"picked":"Crystallizer","floor":18},{"not_picked":["Darkness","Redo+1","Stack+1","Coolheaded"],"picked":"SKIP","floor":19}],"player_experience":165869,"relics_obtained":[{"floor":7,"key":"Whetstone"},{"floor":8,"key":"Question Card"},{"floor":9,"key":"Replay:Bottled Snecko"},{"floor":11,"key":"Ice Cream"}],"event_choices":[{"damage_healed":0,"gold_gain":275,"player_choice":"Desecrate","damage_taken":0,"max_hp_gain":0,"max_hp_loss":0,"event_name":"Golden Shrine","floor":2,"gold_loss":0,"cards_obtained":["Regret"]},{"damage_healed":0,"gold_gain":30,"player_choice":"Searched \u00272\u0027 times","damage_taken":0,"max_hp_gain":0,"max_hp_loss":0,"event_name":"Dead Adventurer","floor":8,"gold_loss":0},{"damage_healed":0,"gold_gain":0,"player_choice":"Opened","damage_taken":0,"relics_obtained":["Mercury Hourglass"],"max_hp_gain":0,"max_hp_loss":0,"event_name":"The Mausoleum","floor":20,"gold_loss":0,"cards_obtained":["Writhe"]}],"is_beta":false,"boss_relics":[{"not_picked":["SacredBark","Snecko Eye"],"picked":"Kintsugi"}],"items_purged_floors":[3],"is_endless":false,"potions_floor_spawned":[1,7,10,16,19],"killed_by":"Snake Plant","ascension_level":2}}