{"host":"5wznv0010959mrmz","time":1610236385,"event":{"mods":["BaseMod","Highlight Path","Minty Spire (QoL Compilation)","Relic Stats"],"gold_per_floor":[112,125,125,191,241,291,325,375,402,517,591,591,591],"floor_reached":12,"playtime":325,"items_purged":[],"score":152,"play_id":"fb7dfdd1-c2bd-471d-a5d6-9ba02adcc248","local_time":"20210109175305","is_ascension_mode":true,"campfire_choices":[],"circlet_count":0,"master_deck":["AscendersBane","Strike_G","Strike_G","Strike_G","Strike_G","Strike_G","Defend_G","Defend_G","Defend_G","Defend_G","Defend_G","Survivor","Neutralize","Reflex","Blade Dance+1","Underhanded Strike","Dagger Spray","Cloak And Dagger"],"relics":["Ring of the Snake","NeowsBlessing","SsserpentHead","Toy Ornithopter","Ornamental Fan","Ancient Tea Set","Bag of Marbles","Snake Skull"],"acts_visited":["Exordium"],"potions_floor_usage":[10,10],"damage_taken":[{"damage":0,"enemies":"Jaw Worm","floor":1,"turns":1},{"damage":0,"enemies":"Cultist","floor":2,"turns":1},{"damage":0,"enemies":"Small Slimes","floor":4,"turns":1},{"damage":41,"enemies":"3 Sentries","floor":7,"turns":12},{"damage":11,"enemies":"3 Sentries","floor":10,"turns":7},{"damage":23,"enemies":"Lagavulin","floor":12,"turns":8}],"seed_played":"-4727423800325040470","potions_obtained":[{"floor":2,"key":"FearPotion"},{"floor":7,"key":"Dexterity Potion"}],"is_trial":false,"path_per_floor":["M","M","?","M","?","?","E","?","T","?","T","E"],"character_chosen":"THE_SILENT","items_purchased":[],"campfire_rested":0,"item_purchase_floors":[],"current_hp_per_floor":[59,59,59,59,48,48,7,29,29,28,28,5,5],"gold":591,"neow_bonus":"THREE_ENEMY_KILL","is_daily":false,"chose_seed":false,"campfire_upgraded":0,"win_rate":0.0,"timestamp":1610236385,"path_taken":["M","M","?","?","?","?","E","?","T","?","?","E"],"items_purchased_type":[],"build_version":"2020-12-22","purchased_purges":0,"victory":false,"max_hp_per_floor":[66,66,66,66,66,66,66,66,66,66,66,66,66],"relic_stats":{"SsserpentHead":300,"counters":[6,30],"Ornamental Fan":[36],"Snake Skull":[0],"obtain_stats":[{"SsserpentHead":3,"NeowsBlessing":0,"Ornamental Fan":7,"Snake Skull":11,"Bag of Marbles":10,"Ancient Tea Set":9,"Toy Ornithopter":5,"Ring of the Snake":0},{"SsserpentHead":2,"NeowsBlessing":0,"Ornamental Fan":4,"Snake Skull":5,"Bag of Marbles":5,"Ancient Tea Set":4,"Toy Ornithopter":3,"Ring of the Snake":0},{"SsserpentHead":2,"NeowsBlessing":0,"Ornamental Fan":15,"Snake Skull":22,"Bag of Marbles":22,"Ancient Tea Set":15,"Toy Ornithopter":3,"Ring of the Snake":0}],"Toy Ornithopter":10,"Ring of the Snake":[12]},"card_choices":[{"not_picked":["Quick Slash","Skewer"],"picked":"Reflex","floor":1},{"not_picked":["Sucker Punch","Choke"],"picked":"Blade Dance","floor":2},{"not_picked":["Sucker Punch","Masterful Stab"],"picked":"Underhanded Strike","floor":4},{"not_picked":["Underhanded Strike","All Out Attack"],"picked":"Dagger Spray","floor":7},{"not_picked":["Backflip","Phantasmal Killer"],"picked":"Cloak And Dagger","floor":10}],"player_experience":431329,"relics_obtained":[{"floor":7,"key":"Ornamental Fan"},{"floor":9,"key":"Ancient Tea Set"},{"floor":10,"key":"Bag of Marbles"},{"floor":11,"key":"Snake Skull"}],"event_choices":[{"damage_healed":0,"gold_gain":0,"player_choice":"Trade","damage_taken":0,"relics_obtained":["SsserpentHead"],"max_hp_gain":0,"max_hp_loss":0,"event_name":"FaceTrader","floor":3,"gold_loss":0},{"damage_healed":0,"gold_gain":0,"player_choice":"Success","damage_taken":11,"relics_obtained":["Toy Ornithopter"],"max_hp_gain":0,"max_hp_loss":0,"event_name":"Scrap Ooze","floor":5,"gold_loss":0},{"damage_healed":0,"gold_gain":0,"player_choice":"Grow","damage_taken":0,"max_hp_gain":0,"max_hp_loss":0,"event_name":"Living Wall","floor":6,"gold_loss":0,"cards_upgraded":["Blade Dance"]},{"damage_healed":22,"gold_gain":0,"player_choice":"Banana","damage_taken":0,"max_hp_gain":0,"max_hp_loss":0,"event_name":"Big Fish","floor":8,"gold_loss":0},{"damage_healed":0,"gold_gain":0,"player_choice":"Searched \u00271\u0027 times","damage_taken":0,"max_hp_gain":0,"max_hp_loss":0,"event_name":"Dead Adventurer","floor":10,"gold_loss":0}],"is_beta":false,"boss_relics":[],"items_purged_floors":[],"is_endless":false,"potions_floor_spawned":[2,7],"killed_by":"Lagavulin","ascension_level":20}}