{"host":"1p0ug38l8q9et435","time":1610215036,"event":{"mods":["AchievementEnabler","BaseMod","Colored Powertips","Downfall","Minty Spire (QoL Compilation)","StSLib","UnlockEverythingMod"],"gold_per_floor":[113,126,126,144,159,159,194,194,194,194,119,194,194,163,163,163,163],"floor_reached":16,"playtime":547,"items_purged":[],"score":100,"play_id":"10b54db7-eab3-4366-a07b-62b24b08330e","local_time":"20210109095716","is_ascension_mode":false,"campfire_choices":[{"floor":6,"key":"RECALL"},{"floor":13,"key":"REST"},{"floor":15,"key":"REST"}],"circlet_count":0,"master_deck":["Strike_G","Strike_G","Strike_G","Strike_G","Strike_G","Defend_G","Defend_G","Defend_G","Defend_G","Defend_G","Survivor","Neutralize","Cloak And Dagger","Slice","Crippling Poison","Caltrops","Noxious Fumes","Endless Agony"],"relics":["Ring of the Snake","NeowsBlessing","Juzu Bracelet","GremlinMask","Golden Idol"],"acts_visited":["Exordium"],"potions_floor_usage":[7,14],"damage_taken":[{"damage":0,"enemies":"Small Slimes","floor":1,"turns":1},{"damage":0,"enemies":"Cultist","floor":2,"turns":1},{"damage":0,"enemies":"Jaw Worm","floor":4,"turns":1},{"damage":10,"enemies":"Looter","floor":5,"turns":3},{"damage":28,"enemies":"Lagavulin","floor":7,"turns":11},{"damage":13,"enemies":"Exordium Thugs","floor":14,"turns":5},{"damage":33,"enemies":"Slime Boss","floor":16,"turns":6}],"seed_played":"-5064783546485341002","potions_obtained":[{"floor":1,"key":"Explosive Potion"},{"floor":7,"key":"SkillPotion"}],"is_trial":false,"path_per_floor":["M","M","?","M","M","R","E","?","T","?","$","?","R","M","R","B"],"character_chosen":"THE_SILENT","items_purchased":["Noxious Fumes"],"campfire_rested":2,"item_purchase_floors":[11],"current_hp_per_floor":[70,70,70,70,60,60,32,32,32,15,15,4,25,12,33,0,0],"gold":163,"neow_bonus":"THREE_ENEMY_KILL","is_daily":false,"chose_seed":false,"campfire_upgraded":0,"win_rate":0.0,"timestamp":1610215036,"path_taken":["M","M","?","M","M","R","E","?","T","?","$","?","R","M","R","BOSS"],"items_purchased_type":["Card"],"build_version":"2020-12-22","purchased_purges":0,"victory":false,"max_hp_per_floor":[70,70,70,70,70,70,70,70,70,70,70,70,70,70,70,70,70],"card_choices":[{"not_picked":["Calculated Gamble","Acrobatics","Underhanded Strike"],"picked":"SKIP","floor":1},{"not_picked":["Underhanded Strike","Prepared"],"picked":"Cloak And Dagger","floor":2},{"not_picked":["Blur","Dash"],"picked":"Slice","floor":4},{"not_picked":["Masterful Stab","Blade Dance"],"picked":"Crippling Poison","floor":5},{"not_picked":["Masterful Stab","Tactician"],"picked":"Caltrops","floor":7},{"not_picked":["Die Die Die","Dagger Throw"],"picked":"Endless Agony","floor":14}],"player_experience":2676,"relics_obtained":[{"floor":7,"key":"Juzu Bracelet"}],"event_choices":[{"damage_healed":0,"gold_gain":0,"player_choice":"Ignored","damage_taken":0,"max_hp_gain":0,"max_hp_loss":0,"event_name":"Golden Wing","floor":3,"gold_loss":0},{"damage_healed":0,"gold_gain":0,"player_choice":"Trade","damage_taken":0,"relics_obtained":["GremlinMask"],"max_hp_gain":0,"max_hp_loss":0,"event_name":"FaceTrader","floor":8,"gold_loss":0},{"damage_healed":0,"gold_gain":0,"player_choice":"Take Damage","damage_taken":17,"relics_obtained":["Golden Idol"],"max_hp_gain":0,"max_hp_loss":0,"event_name":"Golden Idol","floor":10,"gold_loss":0},{"damage_healed":0,"gold_gain":75,"player_choice":"Gather Gold","damage_taken":11,"max_hp_gain":0,"max_hp_loss":0,"event_name":"World of Goop","floor":12,"gold_loss":0}],"is_beta":false,"boss_relics":[],"items_purged_floors":[],"is_endless":false,"potions_floor_spawned":[1,7],"killed_by":"Slime Boss","ascension_level":0}}