{"host":"qm4rv4rkpk76sbxu","time":1610235472,"event":{"mods":["BaseMod","Bestiary","Block Reminder","DeckTracker","Filter the Spire","Keyboard Shortcuts","Minty Spire (QoL Compilation)","MonsterHotkey","Potion Indicator Mod","Quick Restart","Relic Stats","Slay-I","StSLib","ojb\u0027s Better Paths Mod"],"gold_per_floor":[109,1,16,91,56,56,56,56,56,70,100,100,100,127,127,201,201,218,235,235,252,167,167,192,192,492,502,535,535,42,67,67,67,67],"floor_reached":33,"playtime":1391,"items_purged":["Strike_G"],"score":558,"play_id":"79587ff2-f79f-49fa-a11c-2cc9a7053be1","local_time":"20210110003752","is_ascension_mode":true,"campfire_choices":[{"data":"Dash","floor":6.0,"key":"SMITH"},{"data":"Sucker Punch","floor":8.0,"key":"SMITH"},{"floor":13.0,"key":"REST"},{"data":"Neutralize","floor":15.0,"key":"SMITH"},{"data":"Wraith Form v2","floor":23.0,"key":"SMITH"},{"floor":25.0,"key":"REST"},{"floor":29.0,"key":"REST"},{"floor":32.0,"key":"REST"}],"circlet_count":0,"master_deck":["AscendersBane","Strike_G","Defend_G","Defend_G","Defend_G","Defend_G","Defend_G","Survivor","Neutralize+1","Dagger Throw","Sucker Punch+1","Dash+1","Poisoned Stab","Wraith Form v2+1","Adrenaline","Prepared+1","Endless Agony+1","Malaise+1","Underhanded Strike","Backflip","Backstab","Acrobatics","Escape Plan","Slice"],"relics":["Ring of the Snake","WingedGreaves","Lizard Tail","Odd Mushroom","Centennial Puzzle","Vajra","Astrolabe","Tough Bandages","White Beast Statue","Old Coin","Matryoshka","Frozen Egg 2","Red Mask"],"acts_visited":["Exordium","TheCity"],"potions_floor_usage":[],"damage_taken":[{"damage":4.0,"enemies":"Small Slimes","floor":1.0,"turns":4.0},{"damage":0.0,"enemies":"2 Louse","floor":3.0,"turns":3.0},{"damage":0.0,"enemies":"Cultist","floor":10.0,"turns":3.0},{"damage":21.0,"enemies":"The Mushroom Lair","floor":11.0,"turns":5.0},{"damage":7.0,"enemies":"3 Sentries","floor":14.0,"turns":7.0},{"damage":36.0,"enemies":"The Guardian","floor":16.0,"turns":14.0},{"damage":9.0,"enemies":"3 Byrds","floor":18.0,"turns":8.0},{"damage":1.0,"enemies":"Chosen","floor":19.0,"turns":3.0},{"damage":6.0,"enemies":"Snake Plant","floor":21.0,"turns":5.0},{"damage":14.0,"enemies":"Book of Stabbing","floor":24.0,"turns":7.0},{"damage":8.0,"enemies":"Sentry and Sphere","floor":27.0,"turns":4.0},{"damage":17.0,"enemies":"Gremlin Leader","floor":28.0,"turns":11.0},{"damage":11.0,"enemies":"Masked Bandits","floor":31.0,"turns":6.0},{"damage":0,"enemies":"Collector","floor":33,"turns":1}],"seed_played":"5441433241183569826","potions_obtained":[{"floor":1.0,"key":"SneckoOil"},{"floor":3.0,"key":"Strength Potion"},{"floor":21.0,"key":"Weak Potion"},{"floor":27.0,"key":"AttackPotion"},{"floor":28.0,"key":"Poison Potion"},{"floor":31.0,"key":"LiquidMemories"}],"is_trial":false,"path_per_floor":["M","$","M","?","?","R","?","R","T","M","?","?","R","E","R","B",null,"M","M","?","M","?","R","E","R","T","M","E","R","$","?","R","B"],"character_chosen":"THE_SILENT","items_purchased":["Regen Potion","Sucker Punch","Frozen Egg 2","Acrobatics","Escape Plan"],"campfire_rested":4,"item_purchase_floors":[2,2,30,30,30],"current_hp_per_floor":[40,40,40,29,45,45,45,45,45,45,38,12,31,24,24,25,56,47,46,28,22,22,22,8,29,29,21,4,25,25,14,35,35,35],"gold":67,"neow_bonus":"ONE_RARE_RELIC","is_daily":false,"chose_seed":false,"campfire_upgraded":4,"win_rate":0.0,"timestamp":1610235472,"path_taken":["M","$","M","?","?","R","?","R","T","?","?","?","R","E","R","BOSS","M","M","?","M","?","R","E","R","T","M","E","R","$","?","R","BOSS"],"items_purchased_type":["Potion","Card","Relic","Card","Card"],"build_version":"2020-12-22","purchased_purges":1,"victory":false,"max_hp_per_floor":[66,66,66,66,66,66,66,66,66,66,66,66,66,66,66,66,66,66,66,71,71,71,71,71,71,71,71,71,71,71,71,71,71,71],"relic_stats":{"Lizard Tail":33,"Centennial Puzzle":[29],"Tough Bandages":[111],"counters":[14,80],"Astrolabe":["Prepared","Endless Agony","Malaise"],"obtain_stats":[{"Astrolabe":17,"Vajra":14,"Odd Mushroom":11,"Frozen Egg 2":30,"White Beast Statue":24,"Old Coin":26,"Lizard Tail":9,"Centennial Puzzle":12,"Tough Bandages":22,"Matryoshka":28,"WingedGreaves":0,"Red Mask":31,"Ring of the Snake":0},{"Astrolabe":6,"Vajra":5,"Odd Mushroom":4,"Frozen Egg 2":12,"White Beast Statue":10,"Old Coin":10,"Lizard Tail":2,"Centennial Puzzle":4,"Tough Bandages":9,"Matryoshka":12,"WingedGreaves":0,"Red Mask":13,"Ring of the Snake":0},{"Astrolabe":36,"Vajra":22,"Odd Mushroom":15,"Frozen Egg 2":74,"White Beast Statue":59,"Old Coin":59,"Lizard Tail":7,"Centennial Puzzle":15,"Tough Bandages":52,"Matryoshka":74,"WingedGreaves":0,"Red Mask":80,"Ring of the Snake":0}],"Ring of the Snake":[27]},"card_choices":[{"not_picked":["Masterful Stab","Underhanded Strike"],"picked":"Dagger Throw","floor":1.0},{"not_picked":["Deflect","Prepared"],"picked":"Dash","floor":3.0},{"not_picked":["Setup","Endless Agony"],"picked":"Poisoned Stab","floor":10.0},{"not_picked":["Flying Knee","Cloak And Dagger"],"picked":"Wraith Form v2","floor":14.0},{"not_picked":["Glass Knife","Corpse Explosion"],"picked":"Adrenaline","floor":16.0},{"not_picked":["Cloak And Dagger","Leg Sweep"],"picked":"Underhanded Strike","floor":18.0},{"not_picked":["Deadly Poison","Blade Dance"],"picked":"Backflip","floor":19.0},{"not_picked":["A Thousand Cuts","Flying Knee"],"picked":"Backstab","floor":21.0},{"not_picked":["Outmaneuver","Prepared","Deadly Poison"],"picked":"SKIP","floor":24.0},{"not_picked":["Poisoned Stab","Prepared","Bane"],"picked":"SKIP","floor":27.0},{"not_picked":["Blade Dance","Setup","PiercingWail"],"picked":"SKIP","floor":28.0},{"not_picked":["Backflip","Blade Dance"],"picked":"Slice","floor":31.0}],"player_experience":1241188,"relics_obtained":[{"floor":9.0,"key":"Lizard Tail"},{"floor":11.0,"key":"Odd Mushroom"},{"floor":14.0,"key":"Vajra"},{"floor":24.0,"key":"White Beast Statue"},{"floor":26.0,"key":"Old Coin"},{"floor":28.0,"key":"Matryoshka"},{"floor":31.0,"key":"Red Mask"}],"event_choices":[{"damage_healed":0.0,"max_hp_gain":0.0,"max_hp_loss":0.0,"gold_gain":75.0,"event_name":"World of Goop","player_choice":"Gather Gold","floor":4.0,"gold_loss":0.0,"damage_taken":11.0},{"damage_healed":16.0,"max_hp_gain":0.0,"max_hp_loss":0.0,"gold_gain":0.0,"event_name":"The Cleric","player_choice":"Healed","floor":5.0,"gold_loss":35.0,"damage_taken":0.0},{"damage_healed":0.0,"max_hp_gain":0.0,"max_hp_loss":0.0,"gold_gain":0.0,"event_name":"Lab","player_choice":"Got Potions","floor":7.0,"gold_loss":0.0,"damage_taken":0.0},{"damage_healed":0.0,"max_hp_gain":0.0,"max_hp_loss":0.0,"gold_gain":0.0,"event_name":"Mushrooms","player_choice":"Fought Mushrooms","floor":11.0,"gold_loss":0.0,"damage_taken":0.0},{"damage_healed":0.0,"max_hp_gain":0.0,"max_hp_loss":0.0,"gold_gain":0.0,"event_name":"Scrap Ooze","player_choice":"Success","floor":12.0,"gold_loss":0.0,"damage_taken":26.0,"relics_obtained":["Centennial Puzzle"]},{"damage_healed":0.0,"max_hp_gain":5.0,"max_hp_loss":0.0,"gold_gain":0.0,"event_name":"Forgotten Altar","player_choice":"Shed Blood","floor":20.0,"gold_loss":0.0,"damage_taken":23.0},{"damage_healed":0.0,"max_hp_gain":0.0,"max_hp_loss":0.0,"gold_gain":0.0,"event_name":"Addict","player_choice":"Obtained Relic","floor":22.0,"gold_loss":85.0,"damage_taken":0.0,"relics_obtained":["Tough Bandages"]},{"damage_healed":0.0,"max_hp_gain":0.0,"max_hp_loss":0.0,"gold_gain":0.0,"event_name":"Masked Bandits","player_choice":"Fought Bandits","floor":31.0,"gold_loss":0.0,"damage_taken":0.0}],"is_beta":false,"boss_relics":[{"not_picked":["Empty Cage","SlaversCollar"],"picked":"Astrolabe"}],"items_purged_floors":[30],"is_endless":false,"potions_floor_spawned":[1,3,21,27,28,31],"killed_by":"Collector","ascension_level":20}}