{"host":"z9811rt50ti81n54","time":1610175672,"event":{"mods":["BaseMod","Better Altar","Better Match","Better Note","Better Sensory Stone","Better Skull","Better Third Choice","Minty Spire (QoL Compilation)","Random Character Button","StSLib","SuperFastMode"],"gold_per_floor":[116,4,15,33,10,10,10,10,35,35,35,55,55,0,0,100,100,110,128,146,165,75,75,75,75,75,75,75,75,75,88,88,185,185,203,203,216,216,116,116,134,134,134,173,182,209,218,19,19,19],"floor_reached":51,"playtime":1796,"items_purged":["Normality","Pain","Defend_P"],"score":789,"play_id":"ac2896c5-5f69-4326-9b60-2a23f4a4c69d","local_time":"20210109160112","is_ascension_mode":false,"campfire_choices":[{"data":"Eruption","floor":6.0,"key":"SMITH"},{"data":"BattleHymn","floor":8.0,"key":"SMITH"},{"data":"Master of Strategy","floor":10.0,"key":"SMITH"},{"data":"Enlightenment","floor":15.0,"key":"SMITH"},{"floor":23.0,"key":"REST"},{"data":"Vault","floor":25.0,"key":"SMITH"},{"data":"Ragnarok","floor":29.0,"key":"SMITH"},{"data":"SpiritShield","floor":32.0,"key":"SMITH"},{"floor":40.0,"key":"REST"},{"data":"Wish","floor":42.0,"key":"SMITH"},{"floor":49,"key":"REST"}],"circlet_count":0,"master_deck":["Defend_P","Defend_P","Defend_P","Eruption+1","Vigilance","Master of Strategy+1","Evaluate","TalkToTheHand","Wallop","FollowUp+1","CarveReality","SpiritShield+1","Enlightenment+1","Ragnarok+1","ThirdEye","Vault+1","Wallop+1","Meditate+1","Wish+1","Scrawl","DevaForm","DeceiveReality","Good Instincts"],"relics":["PureWater","Toy Ornithopter","Centennial Puzzle","Runic Pyramid","WarpedTongs","Pocketwatch","Sozu","Boot","CeramicFish","CaptainsWheel"],"acts_visited":["Exordium","TheCity","TheBeyond"],"potions_floor_usage":[44],"damage_taken":[{"damage":1.0,"enemies":"Jaw Worm","floor":1.0,"turns":3.0},{"damage":2.0,"enemies":"Small Slimes","floor":3.0,"turns":5.0},{"damage":0.0,"enemies":"2 Louse","floor":4.0,"turns":1.0},{"damage":7.0,"enemies":"Large Slime","floor":12.0,"turns":5.0},{"damage":1.0,"enemies":"Hexaghost","floor":16.0,"turns":5.0},{"damage":13.0,"enemies":"3 Byrds","floor":18.0,"turns":5.0},{"damage":0.0,"enemies":"Shell Parasite","floor":19.0,"turns":3.0},{"damage":10.0,"enemies":"Snake Plant","floor":20.0,"turns":8.0},{"damage":16.0,"enemies":"Centurion and Healer","floor":21.0,"turns":4.0},{"damage":11.0,"enemies":"Snecko","floor":31.0,"turns":4.0},{"damage":40.0,"enemies":"Champ","floor":33.0,"turns":9.0},{"damage":17.0,"enemies":"Orb Walker","floor":35.0,"turns":4.0},{"damage":26.0,"enemies":"3 Darklings","floor":37.0,"turns":6.0},{"damage":0.0,"enemies":"Transient","floor":41.0,"turns":6.0},{"damage":0,"enemies":"Reptomancer","floor":44,"turns":5},{"damage":0,"enemies":"Nemesis","floor":46,"turns":6},{"damage":0,"enemies":"Awakened One","floor":50,"turns":8}],"seed_played":"5919412171794262335","potions_obtained":[{"floor":12.0,"key":"Strength Potion"},{"floor":16.0,"key":"ColorlessPotion"},{"floor":21.0,"key":"SkillPotion"},{"floor":31.0,"key":"Energy Potion"}],"is_trial":false,"path_per_floor":["M","$","M","M","$","R","?","R","T","R","?","M","?","?","R","B",null,"M","M","M","M","?","R","?","R","T","$","?","R","?","M","R","B",null,"M","?","M","?","$","R","M","R","T","E","?","E","?","$","R","B",null],"character_chosen":"WATCHER","items_purchased":["TalkToTheHand","FollowUp","Good Instincts"],"campfire_rested":3,"item_purchase_floors":[2,5,48],"current_hp_per_floor":[71,71,69,69,69,69,62,62,62,62,62,55,48,54,54,58,78,65,65,55,39,39,62,62,62,62,62,62,62,62,51,51,21,78,61,61,35,35,35,58,58,58,58,63,48,48,48,48,71,71],"gold":19,"neow_bonus":"RANDOM_COLORLESS_2","is_daily":false,"chose_seed":false,"campfire_upgraded":8,"win_rate":0.0,"timestamp":1610175672,"path_taken":["M","$","M","M","$","R","?","R","T","R","?","M","?","?","R","BOSS","M","M","M","M","?","R","?","R","T","?","?","R","?","M","R","BOSS","M","?","M","?","$","R","M","R","T","E","?","E","?","$","R","BOSS"],"items_purchased_type":["Card","Card","Card"],"build_version":"2020-12-22","purchased_purges":3,"victory":true,"max_hp_per_floor":[72,72,72,72,72,72,72,72,72,72,72,72,72,78,78,78,78,78,78,78,78,78,78,78,78,78,78,78,78,78,78,78,78,78,78,78,78,78,78,78,78,78,78,78,78,78,78,78,78,78],"card_choices":[{"not_picked":["Secret Weapon","Metamorphosis"],"picked":"Master of Strategy","floor":0.0},{"not_picked":["CrushJoints","SashWhip"],"picked":"Evaluate","floor":1.0},{"not_picked":["ClearTheMind","Meditate"],"picked":"Wallop","floor":3.0},{"not_picked":["SashWhip","Evaluate"],"picked":"BattleHymn","floor":4.0},{"not_picked":["Study","Pray"],"picked":"SpiritShield","floor":12.0},{"not_picked":["Alpha","Scrawl"],"picked":"Ragnarok","floor":16.0},{"not_picked":["Crescendo","Protect"],"picked":"ThirdEye","floor":18.0},{"not_picked":["Wallop+1","CrushJoints"],"picked":"Vault","floor":19.0},{"not_picked":["Evaluate+1","ClearTheMind","FlurryOfBlows"],"picked":"SKIP","floor":20.0},{"not_picked":["SashWhip","FlurryOfBlows"],"picked":"Wallop+1","floor":21.0},{"not_picked":["Protect","Evaluate","Consecrate"],"picked":"SKIP","floor":31.0},{"not_picked":["Omniscience","ConjureBlade"],"picked":"Wish","floor":33.0},{"not_picked":["Worship","JustLucky+1","SashWhip"],"picked":"SKIP","floor":35.0},{"not_picked":["MentalFortress","EmptyFist+1","CrushJoints"],"picked":"SKIP","floor":37.0},{"not_picked":["FlurryOfBlows","CutThroughFate","ReachHeaven"],"picked":"SKIP","floor":41.0},{"not_picked":["Worship","JustLucky"],"picked":"Scrawl","floor":44},{"not_picked":["DeceiveReality","ReachHeaven","Halt+1"],"picked":"SKIP","floor":46}],"player_experience":335710,"relics_obtained":[{"floor":9.0,"key":"Centennial Puzzle"},{"floor":26.0,"key":"Pocketwatch"},{"floor":43.0,"key":"Boot"},{"floor":44,"key":"CeramicFish"},{"floor":46,"key":"CaptainsWheel"}],"event_choices":[{"damage_healed":0.0,"max_hp_gain":0.0,"max_hp_loss":0.0,"gold_gain":0.0,"event_name":"betterThird:BetterScrap","player_choice":"Relic ","floor":7.0,"gold_loss":0.0,"damage_taken":7.0,"cards_obtained":["Searing Blow"]},{"damage_healed":0.0,"max_hp_gain":0.0,"max_hp_loss":0.0,"gold_gain":0.0,"cards_transformed":["Strike_P"],"event_name":"Living Wall","player_choice":"Change","floor":11.0,"gold_loss":0.0,"damage_taken":0.0,"cards_obtained":["CarveReality"]},{"cards_removed":["Strike_P"],"damage_healed":0.0,"max_hp_gain":0.0,"max_hp_loss":0.0,"gold_gain":0.0,"event_name":"Golden Wing","player_choice":"Card Removal","floor":13.0,"gold_loss":0.0,"damage_taken":7.0},{"damage_healed":0.0,"max_hp_gain":0.0,"max_hp_loss":0.0,"gold_gain":0.0,"event_name":"betterThird:BetterSerpent","player_choice":"RENOUNCE","floor":14.0,"gold_loss":55.0,"damage_taken":55.0,"cards_obtained":["Enlightenment"]},{"cards_removed":["Strike_P"],"damage_healed":0.0,"max_hp_gain":0.0,"max_hp_loss":0.0,"gold_gain":0.0,"event_name":"Designer","player_choice":"Upgrade and Remove","floor":22.0,"gold_loss":90.0,"damage_taken":0.0,"cards_upgraded":["FollowUp"]},{"damage_healed":0.0,"max_hp_gain":0.0,"max_hp_loss":0.0,"gold_gain":0.0,"event_name":"Accursed Blacksmith","player_choice":"Rummage","floor":24.0,"gold_loss":0.0,"damage_taken":0.0,"relics_obtained":["WarpedTongs"],"cards_obtained":["Pain"]},{"cards_removed":["BattleHymn"],"damage_healed":0.0,"max_hp_gain":0.0,"max_hp_loss":0.0,"gold_gain":0.0,"event_name":"betterNote:BetterNote","player_choice":"Take \u0026 Give","floor":28.0,"gold_loss":0.0,"damage_taken":0.0,"cards_obtained":["Meditate"]},{"damage_healed":0.0,"max_hp_gain":0.0,"max_hp_loss":0.0,"gold_gain":0.0,"event_name":"BanditSerpent","player_choice":"Serpent","floor":30.0,"gold_loss":0.0,"damage_taken":0.0},{"damage_healed":0.0,"max_hp_gain":0.0,"max_hp_loss":0.0,"gold_gain":0.0,"event_name":"Tomb of Lord Red Mask","player_choice":"Ignored","floor":36.0,"gold_loss":0.0,"damage_taken":0.0},{"cards_removed":["BattleHymn"],"damage_healed":0.0,"max_hp_gain":0.0,"max_hp_loss":0.0,"gold_gain":0.0,"event_name":"Falling","player_choice":"Removed Power","floor":38.0,"gold_loss":0.0,"damage_taken":0.0},{"damage_healed":0,"gold_gain":3,"player_choice":"2","damage_taken":0,"max_hp_gain":0,"max_hp_loss":15,"event_name":"betterStone:BetterStone","floor":45,"gold_loss":0},{"damage_healed":0,"gold_gain":0,"cards_transformed":["Strike_P"],"player_choice":"Transformed","damage_taken":0,"max_hp_gain":0,"max_hp_loss":0,"event_name":"Transmorgrifier","floor":47,"gold_loss":0,"cards_obtained":["DeceiveReality"]}],"is_beta":false,"boss_relics":[{"not_picked":["Runic Dome","Calling Bell"],"picked":"Runic Pyramid"},{"not_picked":["Pandora\u0027s Box","SacredBark"],"picked":"Sozu"}],"items_purged_floors":[2,39,48],"is_endless":false,"potions_floor_spawned":[12,16,21,31,35,46],"ascension_level":0}}