{"host":"4rvakrj1idbgia3f","time":1610184351,"event":{"mods":["BaseMod","Colored Map","Colored Powertips","DeckTracker","Highlight Path","Minty Spire (QoL Compilation)","Random Character Button","StSLib"],"gold_per_floor":[117,128,128,128,145,145,172,172,225,254,266,298,298,311,311,388,388,399,414,414,426,426,426,451,470,470,500,116,135,135,149,149,149,149],"floor_reached":33,"playtime":1155,"items_purged":["Strike_R"],"score":614,"play_id":"137a40ba-c8e1-45fa-ba0a-37f7a35fef89","local_time":"20210109182551","is_ascension_mode":true,"campfire_choices":[{"data":"Twin Strike","floor":6.0,"key":"SMITH"},{"data":"Bash","floor":8.0,"key":"SMITH"},{"data":"Sword Boomerang","floor":15.0,"key":"SMITH"},{"data":"Whirlwind","floor":23.0,"key":"SMITH"},{"data":"Pummel","floor":30,"key":"SMITH"},{"data":"Heavy Blade","floor":32,"key":"SMITH"}],"circlet_count":0,"master_deck":["AscendersBane","Strike_R","Strike_R","Strike_R","Strike_R","Defend_R","Defend_R","Defend_R","Bash+1","Spot Weakness","Twin Strike+1","Seeing Red","Impervious","Heavy Blade+1","Pummel+1","Reaper","Sword Boomerang+1","Offering","Shrug It Off","Whirlwind+1","Second Wind","J.A.X.","Feed","Shrug It Off"],"relics":["Burning Blood","NeowsBlessing","Akabeko","Ancient Tea Set","Magic Flower","Centennial Puzzle","Frozen Egg 2","Philosopher\u0027s Stone","Self Forming Clay","Shuriken","Bottled Flame"],"acts_visited":["Exordium","TheCity"],"potions_floor_usage":[27],"damage_taken":[{"damage":0.0,"enemies":"Jaw Worm","floor":1.0,"turns":1.0},{"damage":0.0,"enemies":"Small Slimes","floor":2.0,"turns":2.0},{"damage":0.0,"enemies":"2 Louse","floor":5.0,"turns":1.0},{"damage":15.0,"enemies":"Lagavulin","floor":7.0,"turns":5.0},{"damage":36.0,"enemies":"Gremlin Nob","floor":10.0,"turns":4.0},{"damage":12.0,"enemies":"Looter","floor":11.0,"turns":3.0},{"damage":10.0,"enemies":"3 Sentries","floor":12.0,"turns":6.0},{"damage":8.0,"enemies":"3 Louse","floor":14.0,"turns":2.0},{"damage":30.0,"enemies":"The Guardian","floor":16.0,"turns":10.0},{"damage":7.0,"enemies":"Spheric Guardian","floor":18.0,"turns":3.0},{"damage":6.0,"enemies":"Shell Parasite","floor":19.0,"turns":1.0},{"damage":1.0,"enemies":"Chosen and Byrds","floor":21.0,"turns":3.0},{"damage":21.0,"enemies":"Slavers","floor":24.0,"turns":5.0},{"damage":9.0,"enemies":"Centurion and Healer","floor":25.0,"turns":3.0},{"damage":34,"enemies":"Book of Stabbing","floor":27,"turns":3},{"damage":6,"enemies":"Snake Plant","floor":29,"turns":3},{"damage":0,"enemies":"3 Cultists","floor":31,"turns":1},{"damage":95,"enemies":"Champ","floor":33,"turns":9}],"seed_played":"5751849315274866861","potions_obtained":[{"floor":5.0,"key":"LiquidMemories"},{"floor":12.0,"key":"DuplicationPotion"},{"floor":14.0,"key":"ElixirPotion"},{"floor":18.0,"key":"Block Potion"},{"floor":21.0,"key":"Dexterity Potion"},{"floor":24.0,"key":"FearPotion"},{"floor":29,"key":"BlessingOfTheForge"}],"is_trial":false,"path_per_floor":["M","M","?","?","M","R","E","R","T","E","M","E","?","M","R","B",null,"M","M","?","M","?","R","E","M","T","E","$","M","R","M","R","B"],"character_chosen":"IRONCLAD","items_purchased":["Bottled Flame","Shrug It Off"],"campfire_rested":0,"item_purchase_floors":[28,28],"current_hp_per_floor":[74,75,68,73,79,79,70,70,70,40,37,36,31,80,80,74,79,80,80,80,80,80,80,80,80,80,70,70,73,73,80,80,0,0],"gold":149,"neow_bonus":"THREE_ENEMY_KILL","is_daily":false,"chose_seed":false,"campfire_upgraded":6,"win_rate":0.0,"timestamp":1610184351,"path_taken":["M","M","?","?","M","R","E","R","T","E","?","E","?","M","R","BOSS","M","M","?","M","?","R","E","M","T","E","$","M","R","M","R","BOSS"],"items_purchased_type":["Relic","Card"],"build_version":"2020-12-22","purchased_purges":1,"victory":false,"max_hp_per_floor":[75,75,75,80,80,80,80,80,80,80,80,80,80,80,80,80,80,80,80,80,80,80,80,80,80,80,80,80,80,80,80,80,80,80],"card_choices":[{"not_picked":["Armaments","Iron Wave"],"picked":"Spot Weakness","floor":1.0},{"not_picked":["Headbutt","Sever Soul"],"picked":"Twin Strike","floor":2.0},{"not_picked":["Headbutt","Thunderclap"],"picked":"Seeing Red","floor":5.0},{"not_picked":["Shrug It Off","Fire Breathing"],"picked":"Impervious","floor":7.0},{"not_picked":["Berserk","Wild Strike"],"picked":"Heavy Blade","floor":10.0},{"not_picked":["Shockwave","Rampage"],"picked":"Pummel","floor":11.0},{"not_picked":["Cleave","Blood for Blood"],"picked":"Reaper","floor":12.0},{"not_picked":["Metallicize+1","Feel No Pain+1"],"picked":"Sword Boomerang","floor":14.0},{"not_picked":["Demon Form+1","Brutality+1"],"picked":"Offering","floor":16.0},{"not_picked":["Power Through","Clash"],"picked":"Shrug It Off","floor":18.0},{"not_picked":["Pommel Strike","Rage","Thunderclap"],"picked":"SKIP","floor":19.0},{"not_picked":["Clothesline","True Grit"],"picked":"Second Wind","floor":21.0},{"not_picked":["Cleave","Warcry","Anger+1"],"picked":"SKIP","floor":24.0},{"not_picked":["Headbutt","Thunderclap","Iron Wave"],"picked":"SKIP","floor":25.0},{"not_picked":["Burning Pact","Blood for Blood"],"picked":"Feed","floor":27},{"not_picked":["Carnage","Wild Strike","Perfected Strike"],"picked":"SKIP","floor":29},{"not_picked":["Sword Boomerang","Pommel Strike","Twin Strike"],"picked":"SKIP","floor":31}],"player_experience":1978845,"relics_obtained":[{"floor":7.0,"key":"Akabeko"},{"floor":9.0,"key":"Ancient Tea Set"},{"floor":10.0,"key":"Magic Flower"},{"floor":12.0,"key":"Centennial Puzzle"},{"floor":24.0,"key":"Self Forming Clay"},{"floor":27,"key":"Shuriken"}],"event_choices":[{"cards_removed":["Defend_R"],"damage_healed":0.0,"max_hp_gain":0.0,"max_hp_loss":0.0,"gold_gain":0.0,"event_name":"Golden Wing","player_choice":"Card Removal","floor":3.0,"gold_loss":0.0,"damage_taken":7.0},{"damage_healed":0.0,"max_hp_gain":5.0,"max_hp_loss":0.0,"gold_gain":0.0,"event_name":"Big Fish","player_choice":"Donut","floor":4.0,"gold_loss":0.0,"damage_taken":0.0},{"damage_healed":0.0,"max_hp_gain":0.0,"max_hp_loss":0.0,"gold_gain":0.0,"event_name":"Scrap Ooze","player_choice":"Success","floor":13.0,"gold_loss":0.0,"damage_taken":5.0,"relics_obtained":["Frozen Egg 2"]},{"damage_healed":0.0,"max_hp_gain":0.0,"max_hp_loss":0.0,"gold_gain":0.0,"event_name":"The Library","player_choice":"Read","floor":20.0,"gold_loss":0.0,"damage_taken":0.0,"cards_obtained":["Whirlwind"]},{"damage_healed":0.0,"max_hp_gain":0.0,"max_hp_loss":0.0,"gold_gain":0.0,"event_name":"Drug Dealer","player_choice":"Obtain J.A.X.","floor":22.0,"gold_loss":0.0,"damage_taken":0.0,"cards_obtained":["J.A.X."]}],"is_beta":false,"boss_relics":[{"not_picked":["SacredBark","Calling Bell"],"picked":"Philosopher\u0027s Stone"}],"items_purged_floors":[28],"is_endless":false,"potions_floor_spawned":[5,12,14,18,19,21,24,29],"killed_by":"Champ","ascension_level":20}}