{"host":"6ld56ls1xbe0aj21","time":1610176022,"event":{"mods":["AchievementEnabler","BaseMod","Colored Powertips","Minty Spire (QoL Compilation)","Quick Restart","Rare Cards Sparkle","StSLib","SuperFastMode","everything is the same but u backflip on backflip","slay the spire mod where everything is the same but ironclad has a cowboy hat"],"gold_per_floor":[112,127,202,202,202,230,230,259,286,296,63,99,128,166,166,250,250,265,287,296,313,228,262,205,244,268,268,268],"floor_reached":27,"playtime":849,"items_purged":[],"score":515,"play_id":"0d0ac6d8-07cd-438f-825c-17b9a0248813","local_time":"20210109180702","is_ascension_mode":true,"campfire_choices":[{"floor":7.0,"key":"REST"},{"data":"Flame Barrier","floor":15.0,"key":"SMITH"}],"circlet_count":0,"master_deck":["AscendersBane","Strike_R","Strike_R","Strike_R","Defend_R+1","Defend_R","Defend_R","Defend_R+1","Bash","Hemokinesis+1","Hemokinesis","Exhume","Thunderclap","Inflame","Flame Barrier+1","Warcry+1","Uppercut","Feed","Twin Strike+1","Writhe","Offering","Disarm","Juggernaut","Reaper"],"relics":["Burning Blood","NeowsBlessing","Centennial Puzzle","Bag of Preparation","HornCleat","Bag of Marbles","Medical Kit","CeramicFish","Odd Mushroom","Black Star","Ancient Tea Set","Strawberry","Blood Vial","Bottled Flame","Toxic Egg 2","War Paint","Orichalcum"],"acts_visited":["Exordium","TheCity"],"potions_floor_usage":[],"damage_taken":[{"damage":0.0,"enemies":"Cultist","floor":1.0,"turns":1.0},{"damage":0.0,"enemies":"Jaw Worm","floor":2.0,"turns":1.0},{"damage":0.0,"enemies":"Gremlin Nob","floor":6.0,"turns":1.0},{"damage":8.0,"enemies":"Lagavulin","floor":8.0,"turns":3.0},{"damage":2.0,"enemies":"Small Slimes","floor":10.0,"turns":1.0},{"damage":5.0,"enemies":"3 Sentries","floor":12.0,"turns":6.0},{"damage":4.0,"enemies":"3 Louse","floor":13.0,"turns":3.0},{"damage":22.0,"enemies":"The Mushroom Lair","floor":14.0,"turns":3.0},{"damage":49.0,"enemies":"Slime Boss","floor":16.0,"turns":10.0},{"damage":4.0,"enemies":"Shell Parasite","floor":18.0,"turns":3.0},{"damage":16.0,"enemies":"Chosen","floor":19.0,"turns":3.0},{"damage":8.0,"enemies":"Centurion and Healer","floor":21.0,"turns":7.0},{"damage":38.0,"enemies":"Book of Stabbing","floor":23.0,"turns":5.0},{"damage":28.0,"enemies":"Slavers","floor":25.0,"turns":5.0},{"damage":12,"enemies":"Gremlin Leader","floor":27,"turns":1}],"seed_played":"3904505354204472289","potions_obtained":[{"floor":1.0,"key":"ColorlessPotion"},{"floor":2.0,"key":"Fire Potion"},{"floor":8.0,"key":"BlessingOfTheForge"},{"floor":16.0,"key":"Explosive Potion"},{"floor":19.0,"key":"Block Potion"}],"is_trial":false,"path_per_floor":["M","M","?","?","?","E","R","E","T","M","$","E","M","?","R","B",null,"M","M","?","M","?","E","?","E","T","E"],"character_chosen":"IRONCLAD","items_purchased":["Medical Kit","Inflame"],"campfire_rested":1,"item_purchase_floors":[11,11],"current_hp_per_floor":[74,75,64,59,36,42,64,62,62,66,66,67,69,53,53,10,59,61,51,51,52,59,27,27,10,10,0,0],"gold":268,"neow_bonus":"THREE_ENEMY_KILL","is_daily":false,"chose_seed":false,"campfire_upgraded":1,"win_rate":0.0,"timestamp":1610176022,"path_taken":["M","M","?","?","?","E","R","E","T","M","$","E","M","?","R","BOSS","M","M","?","M","?","E","?","E","T","E"],"items_purchased_type":["Relic","Card"],"build_version":"2020-12-22","purchased_purges":0,"victory":false,"max_hp_per_floor":[75,75,75,75,75,75,75,75,75,75,75,75,75,75,75,75,75,75,75,75,78,85,85,85,88,88,88,88],"card_choices":[{"not_picked":["Entrench","Sever Soul"],"picked":"Hemokinesis","floor":1.0},{"not_picked":["Second Wind","Headbutt"],"picked":"Hemokinesis","floor":2.0},{"not_picked":["Intimidate","Sentinel","Armaments"],"picked":"SKIP","floor":6.0},{"not_picked":["Second Wind","Feel No Pain"],"picked":"Exhume","floor":8.0},{"not_picked":["Clash","Anger"],"picked":"Thunderclap","floor":10.0},{"not_picked":["Rage","Sentinel"],"picked":"Flame Barrier","floor":12.0},{"not_picked":["Havoc","Clash"],"picked":"Warcry","floor":13.0},{"not_picked":["Pommel Strike","Shrug It Off"],"picked":"Uppercut","floor":14.0},{"not_picked":["Brutality","Double Tap"],"picked":"Feed","floor":16.0},{"not_picked":["Havoc","Shrug It Off","Armaments"],"picked":"SKIP","floor":18.0},{"not_picked":["Carnage","Heavy Blade"],"picked":"Twin Strike+1","floor":19.0},{"not_picked":["Shrug It Off","Anger+1","Searing Blow"],"picked":"SKIP","floor":21.0},{"not_picked":["Headbutt","Wild Strike"],"picked":"Offering","floor":23.0},{"not_picked":["Flex+1","Warcry+1"],"picked":"Reaper","floor":25.0}],"player_experience":311093,"relics_obtained":[{"floor":6.0,"key":"Bag of Preparation"},{"floor":8.0,"key":"HornCleat"},{"floor":9.0,"key":"Bag of Marbles"},{"floor":12.0,"key":"CeramicFish"},{"floor":14.0,"key":"Odd Mushroom"},{"floor":23.0,"key":"Blood Vial"},{"floor":23.0,"key":"Bottled Flame"},{"floor":25.0,"key":"Toxic Egg 2"},{"floor":25.0,"key":"War Paint"},{"floor":26.0,"key":"Orichalcum"}],"event_choices":[{"damage_healed":0.0,"max_hp_gain":0.0,"max_hp_loss":0.0,"gold_gain":75.0,"event_name":"World of Goop","player_choice":"Gather Gold","floor":3.0,"gold_loss":0.0,"damage_taken":11.0},{"damage_healed":0.0,"max_hp_gain":0.0,"max_hp_loss":0.0,"gold_gain":0.0,"event_name":"Scrap Ooze","player_choice":"Success","floor":4.0,"gold_loss":0.0,"damage_taken":5.0,"relics_obtained":["Centennial Puzzle"]},{"damage_healed":0.0,"max_hp_gain":0.0,"max_hp_loss":0.0,"gold_gain":0.0,"event_name":"Shining Light","player_choice":"Entered Light","floor":5.0,"gold_loss":0.0,"damage_taken":23.0,"cards_upgraded":["Defend_R","Hemokinesis"]},{"damage_healed":0.0,"max_hp_gain":0.0,"max_hp_loss":0.0,"gold_gain":0.0,"event_name":"Mushrooms","player_choice":"Fought Mushrooms","floor":14.0,"gold_loss":0.0,"damage_taken":0.0},{"damage_healed":0.0,"max_hp_gain":0.0,"max_hp_loss":0.0,"gold_gain":0.0,"event_name":"The Mausoleum","player_choice":"Opened","floor":20.0,"gold_loss":0.0,"damage_taken":0.0,"relics_obtained":["Ancient Tea Set"],"cards_obtained":["Writhe"]},{"damage_healed":0.0,"max_hp_gain":0.0,"max_hp_loss":0.0,"gold_gain":0.0,"event_name":"Addict","player_choice":"Obtained Relic","floor":22.0,"gold_loss":85.0,"damage_taken":0.0,"relics_obtained":["Strawberry"]},{"damage_healed":0.0,"max_hp_gain":0.0,"max_hp_loss":0.0,"gold_gain":0.0,"cards_transformed":["Strike_R","Strike_R"],"event_name":"Designer","player_choice":"Transformed Cards","floor":24.0,"gold_loss":75.0,"damage_taken":0.0,"cards_obtained":["Disarm","Juggernaut"]}],"is_beta":false,"boss_relics":[{"not_picked":["Snecko Eye","Black Blood"],"picked":"Black Star"}],"items_purged_floors":[],"is_endless":false,"potions_floor_spawned":[1,2,8,16,18,19],"killed_by":"Gremlin Leader","ascension_level":15}}