{"host":"p245q48pmopyklqs","time":1610171407,"event":{"mods":["AchievementEnabler","BaseMod","DeckTracker","Minty Spire (QoL Compilation)","Relic Stats","StSLib","SuperFastMode"],"gold_per_floor":[109,8,22,32,32,32,63,78,103,122,122,155,155,169,169,243,243,263,277,60,73,91,91,91,91,163,182,193,218,231,248,248,319,319,331,341,341,360,29,62,9,9,9,26,26,53,64,64,64],"floor_reached":48,"playtime":3429,"items_purged":["Writhe"],"score":1231,"play_id":"4e53c1bd-af3e-4b38-ae88-7dbecbf86a29","local_time":"20210109145007","is_ascension_mode":true,"campfire_choices":[{"data":"Perfected Strike","floor":6.0,"key":"SMITH"},{"data":"Perfected Strike","floor":11.0,"key":"SMITH"},{"data":"Perfected Strike","floor":13.0,"key":"SMITH"},{"data":"Fire Breathing","floor":15.0,"key":"SMITH"},{"data":"Corruption","floor":23.0,"key":"SMITH"},{"floor":25.0,"key":"REST"},{"floor":32.0,"key":"REST"}],"circlet_count":0,"master_deck":["AscendersBane","Strike_R+1","Strike_R+1","Strike_R+1","Strike_R+1","Strike_R+1","Defend_R+1","Defend_R+1","Defend_R+1","Bash+1","Perfected Strike+1","Shrug It Off","Perfected Strike+1","Fire Breathing+1","Dropkick","Shockwave","Perfected Strike+1","Flame Barrier","Twin Strike","Wild Strike","Pommel Strike","Wild Strike","Corruption+1","Wild Strike","Pommel Strike","Armaments+1","Shrug It Off","Ghostly Armor","Shrug It Off","Twin Strike+1","Thunderclap","Bloodletting","Twin Strike","Sentinel","Offering","Bloodletting","Iron Wave+1","Perfected Strike","Corruption","Battle Trance","Feel No Pain","Wild Strike","Shrug It Off","Power Through","Pommel Strike","Impervious","Seeing Red","Finesse","Wild Strike","Wild Strike","Exhume","Perfected Strike","Wild Strike"],"relics":["Burning Blood","Prayer Wheel","Regal Pillow","MealTicket","Nunchaku","SacredBark","Whetstone","Sundial","Cursed Key","Lee\u0027s Waffle","Pen Nib","Potion Belt"],"acts_visited":["Exordium","TheCity","TheBeyond"],"potions_floor_usage":[46,48,48],"damage_taken":[{"damage":14.0,"enemies":"Jaw Worm","floor":1.0,"turns":4.0},{"damage":8.0,"enemies":"2 Louse","floor":3.0,"turns":3.0},{"damage":4.0,"enemies":"Small Slimes","floor":4.0,"turns":3.0},{"damage":32.0,"enemies":"Gremlin Nob","floor":7.0,"turns":4.0},{"damage":13.0,"enemies":"Blue Slaver","floor":8.0,"turns":3.0},{"damage":10.0,"enemies":"Gremlin Gang","floor":10.0,"turns":4.0},{"damage":17.0,"enemies":"Lagavulin","floor":12.0,"turns":5.0},{"damage":1.0,"enemies":"Looter","floor":14.0,"turns":2.0},{"damage":34.0,"enemies":"Hexaghost","floor":16.0,"turns":6.0},{"damage":19.0,"enemies":"2 Thieves","floor":18.0,"turns":4.0},{"damage":11.0,"enemies":"3 Byrds","floor":19.0,"turns":4.0},{"damage":9.0,"enemies":"3 Cultists","floor":21.0,"turns":4.0},{"damage":26.0,"enemies":"Snake Plant","floor":22.0,"turns":4.0},{"damage":33.0,"enemies":"Shelled Parasite and Fungi","floor":27.0,"turns":4.0},{"damage":3.0,"enemies":"Centurion and Healer","floor":28.0,"turns":4.0},{"damage":19.0,"enemies":"Book of Stabbing","floor":29.0,"turns":3.0},{"damage":0.0,"enemies":"Snecko","floor":30.0,"turns":3.0},{"damage":29.0,"enemies":"Sentry and Sphere","floor":31.0,"turns":6.0},{"damage":52.0,"enemies":"Collector","floor":33.0,"turns":5.0},{"damage":0.0,"enemies":"Orb Walker","floor":35.0,"turns":2.0},{"damage":33.0,"enemies":"3 Shapes","floor":36.0,"turns":8.0},{"damage":27.0,"enemies":"Maw","floor":38.0,"turns":6.0},{"damage":19.0,"enemies":"Reptomancer","floor":40.0,"turns":4.0},{"damage":15,"enemies":"3 Darklings","floor":44,"turns":8},{"damage":25,"enemies":"Giant Head","floor":46,"turns":4},{"damage":30,"enemies":"Writhing Mass","floor":47,"turns":5},{"damage":20,"enemies":"Reptomancer","floor":48,"turns":2}],"seed_played":"-462575440708885690","potions_obtained":[{"floor":4.0,"key":"Dexterity Potion"},{"floor":7.0,"key":"FairyPotion"},{"floor":10.0,"key":"BloodPotion"},{"floor":16.0,"key":"Strength Potion"},{"floor":18.0,"key":"Fire Potion"},{"floor":29.0,"key":"CultistPotion"},{"floor":31.0,"key":"BlessingOfTheForge"},{"floor":33.0,"key":"Explosive Potion"},{"floor":35.0,"key":"SteroidPotion"},{"floor":40.0,"key":"EssenceOfSteel"},{"floor":47,"key":"Explosive Potion"}],"is_trial":false,"path_per_floor":["M","$","M","M","?","R","E","M","T","M","R","E","R","M","R","B",null,"M","M","$","M","M","R","?","R","T","M","M","E","M","M","R","B",null,"M","M","?","M","$","E","$","?","T","M","?","E","M","E"],"character_chosen":"IRONCLAD","items_purchased":["Perfected Strike","Shrug It Off","Whetstone","Lee\u0027s Waffle","Impervious","SkillPotion"],"campfire_rested":2,"item_purchase_floors":[2,20,20,39,39,41],"current_hp_per_floor":[60,60,58,60,53,53,27,20,20,16,16,20,20,25,25,19,61,48,43,58,55,35,35,35,72,72,45,48,35,41,18,55,9,59,65,38,38,17,82,69,82,72,72,63,63,44,20,0,0],"gold":64,"neow_bonus":"ONE_RARE_RELIC","is_daily":false,"chose_seed":false,"campfire_upgraded":5,"win_rate":0.0,"timestamp":1610171407,"path_taken":["M","$","M","M","?","R","E","M","T","M","R","E","R","M","R","BOSS","M","M","$","M","M","R","?","R","T","M","M","E","M","M","R","BOSS","M","M","?","M","$","E","$","?","T","M","?","E","M","E"],"items_purchased_type":["Card","Card","Relic","Relic","Card","Potion"],"build_version":"2020-12-22","purchased_purges":1,"victory":false,"max_hp_per_floor":[75,75,75,75,75,75,75,75,75,75,75,75,75,75,75,75,75,75,75,75,75,75,75,75,75,75,75,75,75,75,75,75,75,75,75,75,75,75,82,82,82,82,82,82,82,82,82,82,82],"relic_stats":{"Regal Pillow":30,"Nunchaku":[16],"Lee\u0027s Waffle":50,"counters":[27,114],"Sundial":[0],"Prayer Wheel":19,"MealTicket":43,"Pen Nib":[5],"Whetstone":["Strike_R","Bash"],"Cursed Key":0,"obtain_stats":[{"Potion Belt":46,"Regal Pillow":7,"Nunchaku":12,"Lee\u0027s Waffle":39,"Sundial":29,"SacredBark":17,"Prayer Wheel":0,"MealTicket":9,"Pen Nib":40,"Whetstone":20,"Cursed Key":34,"Burning Blood":0},{"Potion Belt":25,"Regal Pillow":4,"Nunchaku":7,"Lee\u0027s Waffle":22,"Sundial":16,"SacredBark":9,"Prayer Wheel":0,"MealTicket":5,"Pen Nib":23,"Whetstone":11,"Cursed Key":19,"Burning Blood":0},{"Potion Belt":107,"Regal Pillow":14,"Nunchaku":26,"Lee\u0027s Waffle":91,"Sundial":61,"SacredBark":34,"Prayer Wheel":0,"MealTicket":17,"Pen Nib":95,"Whetstone":42,"Cursed Key":75,"Burning Blood":0}],"Burning Blood":156},"card_choices":[{"not_picked":["Power Through","Iron Wave"],"picked":"Perfected Strike","floor":1.0},{"not_picked":["Reckless Charge","Headbutt"],"picked":"Shrug It Off","floor":1.0},{"not_picked":["Armaments","Clothesline"],"picked":"Fire Breathing","floor":3.0},{"not_picked":["Warcry","Flex","Sentinel"],"picked":"SKIP","floor":3.0},{"not_picked":["Sever Soul","Warcry"],"picked":"Dropkick","floor":4.0},{"not_picked":["Havoc","Sever Soul"],"picked":"Shockwave","floor":4.0},{"not_picked":["Immolate","Inflame"],"picked":"Perfected Strike","floor":7.0},{"not_picked":["Uppercut","Dual Wield"],"picked":"Flame Barrier","floor":8.0},{"not_picked":["Heavy Blade","Warcry"],"picked":"Twin Strike","floor":8.0},{"not_picked":["Thunderclap","Dropkick"],"picked":"Wild Strike","floor":10.0},{"not_picked":["Warcry","Armaments","Thunderclap"],"picked":"SKIP","floor":10.0},{"not_picked":["Pummel","Infernal Blade"],"picked":"Pommel Strike","floor":12.0},{"not_picked":["Iron Wave","Warcry"],"picked":"Wild Strike","floor":14.0},{"not_picked":["Thunderclap","Infernal Blade","Armaments"],"picked":"SKIP","floor":14.0},{"not_picked":["Brutality","Immolate"],"picked":"Corruption","floor":16.0},{"not_picked":["Anger","Warcry"],"picked":"Wild Strike","floor":18.0},{"not_picked":["Dark Embrace","Reckless Charge","Clothesline+1"],"picked":"SKIP","floor":18.0},{"not_picked":["Twin Strike","Armaments+1"],"picked":"Pommel Strike","floor":19.0},{"not_picked":["Cleave","Flex"],"picked":"Armaments+1","floor":19.0},{"not_picked":["Clothesline","Dropkick"],"picked":"Ghostly Armor","floor":21.0},{"not_picked":["Burning Pact","Searing Blow"],"picked":"Shrug It Off","floor":21.0},{"not_picked":["Warcry","Infernal Blade"],"picked":"Twin Strike+1","floor":22.0},{"not_picked":["Clothesline","Infernal Blade","Thunderclap"],"picked":"SKIP","floor":22.0},{"not_picked":["Clothesline","Infernal Blade"],"picked":"Thunderclap","floor":22.0},{"not_picked":["Burning Pact","Entrench"],"picked":"Bloodletting","floor":27.0},{"not_picked":["Hemokinesis","Shrug It Off"],"picked":"Twin Strike","floor":27.0},{"not_picked":["True Grit","Havoc"],"picked":"Sentinel","floor":28.0},{"not_picked":["Rupture","Combust","Burning Pact"],"picked":"SKIP","floor":28.0},{"not_picked":["Whirlwind","Battle Trance"],"picked":"Offering","floor":29.0},{"not_picked":["Iron Wave","Thunderclap"],"picked":"Bloodletting","floor":30.0},{"not_picked":["Cleave","Entrench"],"picked":"Iron Wave+1","floor":30.0},{"not_picked":["Thunderclap","Warcry"],"picked":"Perfected Strike","floor":31.0},{"not_picked":["Metallicize","Heavy Blade+1","Rampage"],"picked":"SKIP","floor":31.0},{"not_picked":["Demon Form","Brutality"],"picked":"Corruption","floor":33.0},{"not_picked":["Cleave","True Grit"],"picked":"Battle Trance","floor":35.0},{"not_picked":["Dropkick+1","True Grit"],"picked":"Feel No Pain","floor":35.0},{"not_picked":["Searing Blow","Clothesline"],"picked":"Wild Strike","floor":36.0},{"not_picked":["Cleave","Carnage"],"picked":"Shrug It Off","floor":36.0},{"not_picked":["Battle Trance+1","Rage+1"],"picked":"Power Through","floor":38.0},{"not_picked":["Rampage","Havoc"],"picked":"Pommel Strike","floor":38.0},{"not_picked":["Clash","Anger"],"picked":"Seeing Red","floor":40.0},{"not_picked":["Bandage Up","Transmutation"],"picked":"Finesse","floor":42.0},{"not_picked":["Rage","Anger"],"picked":"Wild Strike","floor":44},{"not_picked":["Second Wind+1","Anger+1"],"picked":"Wild Strike","floor":44},{"not_picked":["Rampage","Carnage","True Grit"],"picked":"SKIP","floor":46},{"not_picked":["Bloodletting","Power Through+1"],"picked":"Perfected Strike","floor":47},{"not_picked":["Shrug It Off","Blood for Blood"],"picked":"Wild Strike","floor":47}],"player_experience":2327426,"relics_obtained":[{"floor":7.0,"key":"Regal Pillow"},{"floor":9.0,"key":"MealTicket"},{"floor":12.0,"key":"Nunchaku"},{"floor":29.0,"key":"Sundial"},{"floor":40.0,"key":"Pen Nib"},{"floor":46,"key":"Potion Belt"}],"event_choices":[{"cards_removed":["Defend_R"],"damage_healed":0.0,"max_hp_gain":0.0,"max_hp_loss":0.0,"gold_gain":0.0,"event_name":"Golden Wing","player_choice":"Card Removal","floor":5.0,"gold_loss":0.0,"damage_taken":7.0},{"damage_healed":0.0,"max_hp_gain":0.0,"max_hp_loss":0.0,"gold_gain":0.0,"event_name":"Back to Basics","player_choice":"Simplicity","floor":24.0,"gold_loss":0.0,"damage_taken":0.0,"cards_upgraded":["Strike_R","Strike_R","Strike_R","Strike_R","Defend_R","Defend_R","Defend_R"]},{"damage_healed":0.0,"max_hp_gain":0.0,"max_hp_loss":0.0,"gold_gain":0.0,"event_name":"Mysterious Sphere","player_choice":"Ignored","floor":37.0,"gold_loss":0.0,"damage_taken":0.0},{"damage_healed":0.0,"max_hp_gain":0.0,"max_hp_loss":0.0,"gold_gain":0.0,"event_name":"SensoryStone","player_choice":"Memory 3","floor":42.0,"gold_loss":0.0,"damage_taken":10.0},{"damage_healed":0,"gold_gain":0,"player_choice":"1 cards matched","damage_taken":0,"max_hp_gain":0,"max_hp_loss":0,"event_name":"Match and Keep!","floor":45,"gold_loss":0,"cards_obtained":["Exhume"]}],"is_beta":false,"boss_relics":[{"not_picked":["Runic Pyramid","Empty Cage"],"picked":"SacredBark"},{"not_picked":["Black Blood","SlaversCollar"],"picked":"Cursed Key"}],"items_purged_floors":[2],"is_endless":false,"potions_floor_spawned":[4,7,10,16,18,29,30,31,33,35,40,44,47],"killed_by":"Reptomancer","ascension_level":20}}