{"host":"tr12w2fixbnujl15","time":1610156621,"event":{"mods":["2.2 Compatiblity","BaseMod","Better Skull","BetterRewards","Clockwork Mod","Colored Powertips","Evolution","Hermit","Hubris","Infinite Spire","Koishi","Mad Scientist","Minty Spire (QoL Compilation)","Quick Restart","Replay The Spire","Shop Mod","StSLib","SuperFastMode","The Animator","The Bug Knight","The Construct","The Cursed","The Hierophant","The Necromancer","The Sage","The Senshi","The Servant 0.9.4","The Spell Scribe","TheFirefly","WarShipGirlsR/????R mod"],"gold_per_floor":[112,130,130,144,36,71,71],"floor_reached":6,"playtime":126,"items_purged":[],"score":46,"play_id":"7136720b-2498-4e10-b807-43ffe133f631","local_time":"20210108204341","is_ascension_mode":false,"campfire_choices":[],"circlet_count":0,"master_deck":["Strike_W","Strike_W","Strike_W","Defend_W","Defend_W","Defend_W","Defend_W","Negative_Energy_Arrows","Bone_Wall","Bone_Shift","Grasp_Heart","Negative_Energy_Bomb","Corrupt","Negative_Energy_Shield","Blood_for_Blood","Blood_for_Blood","Strike_from_Beyond"],"relics":["Vampire_Amulet","EVO:Axolotl","NeowsBlessing","hubris:DuctTape"],"acts_visited":["Exordium"],"potions_floor_usage":[6],"damage_taken":[{"damage":0,"enemies":"Small Slimes","floor":1,"turns":1},{"damage":0,"enemies":"Cultist","floor":2,"turns":2},{"damage":0,"enemies":"Jaw Worm","floor":4,"turns":1},{"damage":48,"enemies":"Lagavulin","floor":6,"turns":7}],"seed_played":"-4839676204244496596","potions_obtained":[{"floor":1,"key":"SteroidPotion"},{"floor":6,"key":"SmokeBomb"}],"is_trial":false,"path_per_floor":["M","M","?","M","$","E"],"character_chosen":"NECROMANCER","items_purchased":["Negative_Energy_Shield","Blood_for_Blood"],"campfire_rested":0,"item_purchase_floors":[5,5],"current_hp_per_floor":[75,75,75,75,75,29,29],"gold":71,"neow_bonus":"THREE_ENEMY_KILL","is_daily":false,"chose_seed":false,"campfire_upgraded":0,"win_rate":0.0,"timestamp":1610156621,"path_taken":["M","M","?","?","$","E"],"items_purchased_type":["Card","Card"],"build_version":"2020-12-22","purchased_purges":0,"victory":false,"max_hp_per_floor":[75,75,75,75,75,75,75],"card_choices":[{"not_picked":["Exploit","Toxic_Smoke_Screen"],"picked":"Bone_Shift","floor":1},{"not_picked":["Death_Coil","Negative_Energy_Mist"],"picked":"Grasp_Heart","floor":2},{"not_picked":["Vampiric_Strike","Blood_Curse"],"picked":"Corrupt","floor":4},{"not_picked":["Whirlwind_of_Bones","Bone_Armor"],"picked":"Strike_from_Beyond","floor":6}],"player_experience":42638,"relics_obtained":[{"floor":6,"key":"hubris:DuctTape"}],"event_choices":[{"damage_healed":0,"gold_gain":0,"cards_transformed":["Strike_W"],"player_choice":"Transformed","damage_taken":0,"max_hp_gain":0,"max_hp_loss":0,"event_name":"Transmorgrifier","floor":3,"gold_loss":0,"cards_obtained":["Negative_Energy_Bomb"]}],"is_beta":false,"boss_relics":[],"items_purged_floors":[],"is_endless":false,"potions_floor_spawned":[1,6],"killed_by":"Lagavulin","ascension_level":0}}