{"host":"8fnghcq8tvbg6z9e","time":1610162236,"event":{"mods":["BaseMod","Downfall","Minty Spire (QoL Compilation)","Quick Restart","Replay The Spire","Spicy Shops","StSLib"],"gold_per_floor":[99,99,199,199,120,120,120,152,164,164,178,205,216,243,254,358,358,133,147,147,147],"floor_reached":19,"playtime":1424,"items_purged":["Normality"],"score":210,"play_id":"a3630c12-691f-4fe3-9242-b36ff247d65f","local_time":"20210109111716","is_ascension_mode":false,"campfire_choices":[{"floor":1,"key":"RECALL"},{"data":"hexamod:SearingWound","floor":18,"key":"SMITH"}],"circlet_count":0,"master_deck":["hexamod:Strike","hexamod:Strike","hexamod:Defend","hexamod:Defend","hexamod:Defend","hexamod:Defend","hexamod:Sear","hexamod:Float","hexamod:BurningTouch","hexamod:Firestarter","hexamod:Firestarter","hexamod:TimeOfNeed+1","hexamod:AdvancingGuard","hexamod:BurningTouch","hexamod:AdvancingGuard","hexamod:EmpoweredFlame","hexamod:Rewind","hexamod:SearingWound+1","AbeCurse","hexamod:SecondSeal"],"relics":["hexamod:SpiritBrand","downfall:HeartsMalice","ReplayTheSpireMod:CursedCoin","Anchor","Pocketwatch","Vajra","Frozen Egg 2","Abe\u0027s Treasure","downfall:HeartBlessingRed","downfall:HeartBlessingGreen","downfall:HeartBlessingBlue"],"acts_visited":["Exordium","TheCity"],"potions_floor_usage":[16,16,19,19],"damage_taken":[{"damage":0,"enemies":"Jaw Worm","floor":2,"turns":1},{"damage":0,"enemies":"Cultist","floor":4,"turns":1},{"damage":0,"enemies":"downfall:FleeingMerchant","floor":5,"turns":1},{"damage":16,"enemies":"Lagavulin","floor":8,"turns":6},{"damage":7,"enemies":"Small Slimes","floor":9,"turns":4},{"damage":3,"enemies":"Red Slaver","floor":11,"turns":3},{"damage":20,"enemies":"3 Sentries","floor":12,"turns":11},{"damage":0,"enemies":"Blue Slaver","floor":13,"turns":3},{"damage":0,"enemies":"Replay:BlueRogue","floor":14,"turns":3},{"damage":0,"enemies":"Exordium Wildlife","floor":15,"turns":4},{"damage":16,"enemies":"downfall:Watcher","floor":16,"turns":9},{"damage":7,"enemies":"Shell Parasite","floor":19,"turns":4}],"seed_played":"-3833021645932897891","potions_obtained":[{"floor":9,"key":"DistilledChaos"},{"floor":11,"key":"Languid Potion"},{"floor":13,"key":"SkillPotion"},{"floor":15,"key":"Toxic Potion"},{"floor":16,"key":"Fire Potion"}],"is_trial":false,"path_per_floor":["R","M","?","M","$","?","T","E","M","?","M","E","M","E","M","B",null,"R","M"],"character_chosen":"THE_SPIRIT","items_purchased":["ReplayTheSpireMod:CursedCoin","Anchor"],"campfire_rested":0,"item_purchase_floors":[5,5],"current_hp_per_floor":[70,70,70,70,70,70,70,54,47,47,44,24,24,24,24,8,70,80,73,73,73],"gold":147,"neow_bonus":"THREE_ENEMY_KILL","is_daily":false,"chose_seed":false,"campfire_upgraded":1,"win_rate":0.0,"timestamp":1610162236,"path_taken":["R","M","?","?","$","?","T","E","M","?","M","E","M","E","M","BOSS","R","M"],"items_purchased_type":["Relic","Relic"],"build_version":"2020-12-22","purchased_purges":1,"victory":false,"max_hp_per_floor":[70,70,70,70,70,70,70,70,70,70,70,70,70,70,70,70,70,80,80,80,80],"card_choices":[{"not_picked":["hexamod:GhostShield","hexamod:SwordOfDarkness"],"picked":"hexamod:BurningTouch","floor":2},{"not_picked":["hexamod:NightmareStrike","hexamod:SpectersWail"],"picked":"hexamod:Firestarter","floor":4},{"not_picked":["hexamod:HauntingEcho","hexamod:FastForward"],"picked":"hexamod:Firestarter","floor":5},{"not_picked":["hexamod:NightmareStrike","hexamod:RetreatToShadows","hexamod:EmpoweringStance"],"picked":"SKIP","floor":8},{"not_picked":["hexamod:StepThrough","hexamod:NightmareStrike"],"picked":"hexamod:AdvancingGuard","floor":9},{"not_picked":["hexamod:ThirdSeal","hexamod:BacktrackSmack"],"picked":"hexamod:BurningTouch","floor":11},{"not_picked":["hexamod:FastForward","hexamod:RainOfEmbers"],"picked":"hexamod:AdvancingGuard","floor":12},{"not_picked":["hexamod:ThirdSeal","hexamod:InspiringFlames"],"picked":"hexamod:EmpoweredFlame","floor":13},{"not_picked":["hexamod:SpectersWail","hexamod:Hexaguard"],"picked":"hexamod:Rewind","floor":14},{"not_picked":["hexamod:HauntingEcho","hexamod:ShieldOfDarkness","hexamod:SwordOfDarkness"],"picked":"SKIP","floor":15},{"not_picked":["hexamod:TimeWarp","hexamod:ParanormalForm+1"],"picked":"hexamod:SearingWound","floor":16},{"not_picked":["hexamod:FastForward+1","hexamod:AdvancingGuard"],"picked":"hexamod:SecondSeal","floor":19}],"player_experience":132474,"relics_obtained":[{"floor":8,"key":"Pocketwatch"},{"floor":12,"key":"Vajra"},{"floor":14,"key":"Frozen Egg 2"}],"event_choices":[{"cards_removed":["hexamod:Strike"],"damage_healed":0,"gold_gain":0,"player_choice":"Purged","damage_taken":0,"max_hp_gain":0,"max_hp_loss":0,"event_name":"Purifier","floor":10,"gold_loss":0}],"is_beta":false,"boss_relics":[{"not_picked":["Philosopher\u0027s Stone","Tiny House"],"picked":"Abe\u0027s Treasure"}],"items_purged_floors":[5],"is_endless":false,"potions_floor_spawned":[9,11,13,15,16],"killed_by":"Shell Parasite","ascension_level":0}}