{"host":"e87rn453naquue3h","time":1610157246,"event":{"mods":["AchievementEnabler","BaseMod","Downfall","Minty Spire (QoL Compilation)","StSLib"],"gold_per_floor":[99,118,136,236,251,251,274,3,28,28,45,45,70,84,97,202,202,202,222,235,64,64,79,103,132,132,164,164,164,179,205,218,323,323,323,337,351,351,365,390,390,390,390,401,731,398,398,2,13,13],"floor_reached":51,"playtime":7381,"items_purged":["sneckomod:Unknown"],"score":1072,"play_id":"34c8c29f-ba9f-4b8d-880a-4b604ab27938","local_time":"20210108205406","is_ascension_mode":true,"campfire_choices":[{"data":"sneckomod:UnknownRareSkill","floor":1.0,"key":"SMITH"},{"data":"sneckomod:Unknown3Cost","floor":10.0,"key":"SMITH"},{"data":"sneckomod:UnknownRarePower","floor":12.0,"key":"SMITH"},{"data":"sneckomod:MasterEye","floor":18.0,"key":"SMITH"},{"floor":26.0,"key":"REST"},{"data":"sneckomod:UnknownRareSkill","floor":28.0,"key":"SMITH"},{"data":"sneckomod:SerpentIdol","floor":35.0,"key":"SMITH"},{"data":"sneckomod:DiceBoulder+5","floor":43.0,"key":"SMITH"},{"data":"sneckomod:DiceBoulder+6","floor":47,"key":"SMITH"}],"circlet_count":0,"master_deck":["sneckomod:TailWhip+1","sneckomod:SnekBite+1","sneckomod:UnknownRareSkill+1","sneckomod:MasterEye+1","sneckomod:WideSting+1","sneckomod:UnknownEthereal+2","sneckomod:SoulRoll+1","sneckomod:Unknown3Cost+1","sneckomod:DiceBoulder+10","sneckomod:UnknownRarePower+1","sneckomod:SerpentIdol+1","hexamod:SixthSeal","sneckomod:UnknownClassPURPLE+1","sneckomod:UnknownRareSkill+1","sneckomod:ImprovisedAttack+1","sneckomod:Rotation+1","sneckomod:UnknownClassBLUE+2","sneckomod:QuickBite+1","sneckomod:UnknownExhaust+2","sneckomod:UnknownEthereal+1","sneckomod:SoulRoll+1","sneckomod:DiceBoulder+7","sneckomod:UnknownX+2","sneckomod:UnknownX+1","sneckomod:UnknownRareAttack+1","sneckomod:UnknownUncommonAttack+1","sneckomod:ImprovisedAttack+1","sneckomod:UnknownClassSLIMEBOUND+1","sneckomod:SlitherStrike+1","expansioncontent:DecasProtection+1","expansioncontent:QuickStudy","sneckomod:MasterEye"],"relics":["sneckomod:SneckoSoul","Blood Vial","Membership Card","Orichalcum","StrikeDummy","Pandora\u0027s Box","FossilizedHelix","War Paint","Molten Egg 2","Bag of Marbles","Juzu Bracelet","Snecko Eye","Blue Candle","sneckomod:ConfusingCodex","Ornamental Fan","Nunchaku"],"acts_visited":["Exordium","TheCity","TheBeyond"],"potions_floor_usage":[50,50,50],"damage_taken":[{"damage":0.0,"enemies":"Cultist","floor":2.0,"turns":3.0},{"damage":0.0,"enemies":"2 Louse","floor":3.0,"turns":3.0},{"damage":11.0,"enemies":"Small Slimes","floor":5.0,"turns":3.0},{"damage":0.0,"enemies":"downfall:FleeingMerchant","floor":8.0,"turns":4.0},{"damage":34.0,"enemies":"3 Sentries","floor":9.0,"turns":9.0},{"damage":0.0,"enemies":"Lots of Slimes","floor":11.0,"turns":3.0},{"damage":0.0,"enemies":"Lagavulin","floor":13.0,"turns":6.0},{"damage":12.0,"enemies":"Exordium Thugs","floor":14.0,"turns":3.0},{"damage":0.0,"enemies":"2 Fungi Beasts","floor":15.0,"turns":3.0},{"damage":16.0,"enemies":"downfall:Silent","floor":16.0,"turns":7.0},{"damage":6.0,"enemies":"Chosen","floor":19.0,"turns":5.0},{"damage":0.0,"enemies":"Spheric Guardian","floor":20.0,"turns":3.0},{"damage":25.0,"enemies":"downfall:FleeingMerchant","floor":21.0,"turns":4.0},{"damage":13.0,"enemies":"Centurion and Healer","floor":23.0,"turns":4.0},{"damage":37.0,"enemies":"Slavers","floor":25.0,"turns":4.0},{"damage":28.0,"enemies":"Book of Stabbing","floor":27.0,"turns":6.0},{"damage":0.0,"enemies":"Snake Plant","floor":30.0,"turns":2.0},{"damage":11.0,"enemies":"Snecko","floor":32.0,"turns":4.0},{"damage":0.0,"enemies":"downfall:Watcher","floor":33.0,"turns":5.0},{"damage":0.0,"enemies":"3 Shapes","floor":36.0,"turns":2.0},{"damage":0.0,"enemies":"Orb Walker","floor":37.0,"turns":2.0},{"damage":0.0,"enemies":"Transient","floor":39.0,"turns":5.0},{"damage":0.0,"enemies":"Reptomancer","floor":40.0,"turns":2.0},{"damage":0.0,"enemies":"3 Darklings","floor":44.0,"turns":1.0},{"damage":9.0,"enemies":"downfall:FleeingMerchant","floor":45.0,"turns":3.0},{"damage":0,"enemies":"Maw","floor":49,"turns":4},{"damage":0,"enemies":"downfall:Defect","floor":50,"turns":3}],"seed_played":"-3326154504632943139","potions_obtained":[{"floor":3.0,"key":"FairyPotion"},{"floor":9.0,"key":"DistilledChaos"},{"floor":11.0,"key":"Strength Potion"},{"floor":16.0,"key":"Fire Potion"},{"floor":20.0,"key":"SneckoOil"},{"floor":22.0,"key":"CultistPotion"},{"floor":25.0,"key":"Dexterity Potion"},{"floor":30.0,"key":"Energy Potion"},{"floor":37.0,"key":"champ:CounterPotion"},{"floor":40.0,"key":"EssenceOfSteel"},{"floor":49,"key":"Ancient Potion"}],"is_trial":false,"path_per_floor":["R","M","M","?","M","?","T","$","E","R","M","R","E","M","M","B",null,"R","M","M","$","?","M","T","E","R","E","R","?","M","T","M","B",null,"R","M","M","?","M","E","T","?","R","M","$","?","R","$","M","B",null],"character_chosen":"THE_SNECKO","items_purchased":["Membership Card","sneckomod:Unknown3Cost","sneckomod:DiceBoulder","FossilizedHelix","sneckomod:SlitherStrike+1","expansioncontent:DecasProtection","expansioncontent:QuickStudy","sneckomod:MasterEye","Ornamental Fan","Nunchaku"],"campfire_rested":1,"item_purchase_floors":[8,8,8,21,48,48,48,48,48,48],"current_hp_per_floor":[91,91,91,91,81,81,81,84,53,53,55,55,67,57,60,54,98,98,93,95,87,87,76,76,56,85,59,59,59,62,62,54,57,102,102,103,103,95,97,99,99,99,99,102,95,117,117,117,117,117],"gold":13,"neow_bonus":"ONE_RANDOM_RARE_CARD","is_daily":false,"chose_seed":false,"campfire_upgraded":8,"win_rate":0.0,"timestamp":1610157246,"path_taken":["R","M","M","?","M","?","T","$","E","R","M","R","E","M","M","BOSS","R","M","M","?","?","M","T","E","R","E","R","?","?","?","M","BOSS","R","M","M","?","M","E","T","?","R","M","?","?","R","?","M","BOSS"],"items_purchased_type":["Relic","Card","Card","Relic","Card","Card","Card","Card","Relic","Relic"],"build_version":"2020-12-22","purchased_purges":1,"victory":true,"max_hp_per_floor":[91,91,91,91,92,92,92,93,94,94,94,94,94,94,95,96,98,98,99,99,99,99,99,99,99,99,99,99,99,100,100,101,102,102,102,103,103,103,103,103,103,103,103,104,104,117,117,117,117,117],"card_choices":[{"not_picked":["sneckomod:Nope","sneckomod:UnknownBlock"],"picked":"sneckomod:MasterEye","floor":2.0},{"not_picked":["sneckomod:Unknown1Cost","sneckomod:Nope"],"picked":"sneckomod:WideSting","floor":3.0},{"not_picked":["sneckomod:RainOfDice","sneckomod:UnknownWeak"],"picked":"sneckomod:UnknownEthereal","floor":5.0},{"not_picked":["sneckomod:UnknownUncommonSkill","sneckomod:Nope"],"picked":"sneckomod:SoulRoll","floor":8.0},{"not_picked":["sneckomod:UnknownClassGREEN","sneckomod:Transmogrify"],"picked":"sneckomod:UnknownRarePower","floor":9.0},{"not_picked":["sneckomod:SoulDraw","sneckomod:Nope"],"picked":"sneckomod:SerpentIdol","floor":11.0},{"not_picked":["hexamod:FirstSeal","hexamod:ThirdSeal"],"picked":"hexamod:SixthSeal","floor":13.0},{"not_picked":["sneckomod:UnknownClassGREEN","sneckomod:WideSting","sneckomod:QuickMove"],"picked":"SKIP","floor":13.0},{"not_picked":["sneckomod:Unknown1Cost","sneckomod:WideSting","sneckomod:DiceCrush"],"picked":"SKIP","floor":14.0},{"not_picked":["sneckomod:UnknownStrike","sneckomod:UnknownCommonAttack"],"picked":"sneckomod:UnknownClassPURPLE","floor":15.0},{"not_picked":["sneckomod:Mudshield","sneckomod:Cheat"],"picked":"sneckomod:UnknownRareSkill","floor":16.0},{"not_picked":["sneckomod:DiceCrush","sneckomod:UnknownUncommonSkill"],"picked":"sneckomod:UnknownEthereal+1","floor":19.0},{"not_picked":["sneckomod:UnknownStrike","sneckomod:UnknownClassBLUE","sneckomod:Rotation+1"],"picked":"SKIP","floor":20.0},{"not_picked":["sneckomod:UnknownWeak+1","sneckomod:DiceBlock+1","sneckomod:UnknownClassSLIMEBOUND"],"picked":"SKIP","floor":21.0},{"not_picked":["sneckomod:UnknownDexterity","sneckomod:UnknownVulnerable"],"picked":"sneckomod:SoulRoll+1","floor":23.0},{"not_picked":["sneckomod:Nope","sneckomod:UnknownDexterity+1","sneckomod:UnknownCommonAttack+1"],"picked":"SKIP","floor":25.0},{"not_picked":["sneckomod:Unknown2Cost","sneckomod:Unknown1Cost"],"picked":"sneckomod:DiceBoulder+1","floor":27.0},{"not_picked":["sneckomod:UnknownCommonSkill","sneckomod:CheapStock"],"picked":"sneckomod:UnknownX","floor":30.0},{"not_picked":["sneckomod:UnknownClassTHE_CHAMP_GRAY","sneckomod:UnknownUncommonAttack+1"],"picked":"sneckomod:UnknownX+1","floor":32.0},{"not_picked":["sneckomod:GlitteringGambit","sneckomod:SoulExchange"],"picked":"sneckomod:UnknownRareAttack+1","floor":33.0},{"not_picked":["sneckomod:Nope+1","sneckomod:Unknown1Cost"],"picked":"sneckomod:UnknownUncommonAttack+1","floor":36.0},{"not_picked":["sneckomod:ImprovisedAttack+1","sneckomod:UnknownBlock+1","sneckomod:Unknown1Cost+1"],"picked":"SKIP","floor":37.0},{"not_picked":["sneckomod:DefensiveFlair+1","sneckomod:WideSting+1","sneckomod:DiceBlock"],"picked":"SKIP","floor":39.0},{"not_picked":["sneckomod:Unknown1Cost","sneckomod:IronFang+1","sneckomod:UnknownX"],"picked":"SKIP","floor":40.0},{"not_picked":["sneckomod:UnknownBlock+1","sneckomod:UnknownExhaust+1"],"picked":"sneckomod:UnknownClassSLIMEBOUND+1","floor":44.0},{"not_picked":["sneckomod:UnknownCommonAttack+1","sneckomod:Nope","sneckomod:UnknownColorless"],"picked":"SKIP","floor":49}],"player_experience":2473552,"relics_obtained":[{"floor":7.0,"key":"Blood Vial"},{"floor":9.0,"key":"Orichalcum"},{"floor":13.0,"key":"StrikeDummy"},{"floor":24.0,"key":"War Paint"},{"floor":25.0,"key":"Molten Egg 2"},{"floor":27.0,"key":"Bag of Marbles"},{"floor":31.0,"key":"Juzu Bracelet"},{"floor":40.0,"key":"Blue Candle"},{"floor":41.0,"key":"sneckomod:ConfusingCodex"}],"event_choices":[{"cards_removed":["sneckomod:Defend"],"damage_healed":0.0,"max_hp_gain":0.0,"max_hp_loss":0.0,"gold_gain":0.0,"event_name":"Bonfire Elementals","player_choice":"Offered Basic","floor":6.0,"gold_loss":0.0,"damage_taken":0.0},{"damage_healed":0.0,"max_hp_gain":0.0,"max_hp_loss":0.0,"gold_gain":0.0,"event_name":"Accursed Blacksmith","player_choice":"Forge","floor":29.0,"gold_loss":0.0,"damage_taken":0.0,"cards_upgraded":["sneckomod:DiceBoulder"]},{"damage_healed":0.0,"max_hp_gain":0.0,"max_hp_loss":0.0,"gold_gain":0.0,"cards_transformed":["sneckomod:Unknown"],"event_name":"Transmorgrifier","player_choice":"Transformed","floor":42.0,"gold_loss":0.0,"damage_taken":0.0,"cards_obtained":["sneckomod:ImprovisedAttack"]},{"damage_healed":0,"gold_gain":0,"player_choice":"Ignored","damage_taken":0,"max_hp_gain":0,"max_hp_loss":0,"event_name":"Transmorgrifier","floor":45,"gold_loss":0}],"is_beta":false,"boss_relics":[{"not_picked":["Busted Crown","Runic Dome"],"picked":"Pandora\u0027s Box"},{"not_picked":["Fusion Hammer","Coffee Dripper"],"picked":"Snecko Eye"}],"items_purged_floors":[21],"is_endless":false,"potions_floor_spawned":[3,9,11,16,20,25,27,30,32,37,40,49],"ascension_level":4}}