{"host":"v0dnu0zs4qo0v13s","time":1610236019,"event":{"mods":["BaseMod","Colored Map","Colored Powertips","Minty Spire (QoL Compilation)","Relic Stats","StSLib","SuperFastMode","everything is the same but u backflip on backflip"],"gold_per_floor":[111,124,135,154,172,172,189,222,222,222,147,157,157,189,189,287,287,268,268,287,92,103,103,131,149,172,72,72,113,51,51,51],"floor_reached":31,"playtime":1771,"items_purged":["Defend_B","Streamline"],"score":402,"play_id":"77308d2b-5461-44f3-abcb-89e8321bb02f","local_time":"20210109184659","is_ascension_mode":true,"campfire_choices":[{"data":"Tempest","floor":6.0,"key":"SMITH"},{"floor":10.0,"key":"REST"},{"floor":13.0,"key":"REST"},{"floor":15.0,"key":"REST"},{"floor":23.0,"key":"REST"},{"data":"Echo Form","floor":28.0,"key":"SMITH"}],"circlet_count":0,"master_deck":["Zap","Dualcast","Rainbow","Capacitor","Tempest+1","Hologram","Machine Learning","Consume","Meteor Strike","Loop","Echo Form+1","Amplify","Reinforced Body","Rainbow","Double Energy","Conserve Battery","Stack","Force Field","Defragment","Static Discharge+1","Streamline+1","Echo Form","Glacier","Defragment","Buffer","Undo","Genetic Algorithm","Sunder+1","Self Repair"],"relics":["Nuclear Battery","Mercury Hourglass","CaptainsWheel","Prayer Wheel","Pandora\u0027s Box","DollysMirror","Mango","CeramicFish","Emotion Chip"],"acts_visited":["Exordium","TheCity"],"potions_floor_usage":[31],"damage_taken":[{"damage":7.0,"enemies":"Small Slimes","floor":1.0,"turns":3.0},{"damage":1.0,"enemies":"Cultist","floor":2.0,"turns":3.0},{"damage":0.0,"enemies":"2 Louse","floor":3.0,"turns":2.0},{"damage":14.0,"enemies":"Looter","floor":4.0,"turns":4.0},{"damage":4.0,"enemies":"Blue Slaver","floor":5.0,"turns":3.0},{"damage":11.0,"enemies":"Exordium Wildlife","floor":7.0,"turns":3.0},{"damage":18.0,"enemies":"Lagavulin","floor":8.0,"turns":5.0},{"damage":18.0,"enemies":"Exordium Thugs","floor":12.0,"turns":3.0},{"damage":25.0,"enemies":"3 Sentries","floor":14.0,"turns":3.0},{"damage":31.0,"enemies":"The Guardian","floor":16.0,"turns":8.0},{"damage":15.0,"enemies":"2 Thieves","floor":18.0,"turns":5.0},{"damage":0.0,"enemies":"Chosen","floor":20.0,"turns":4.0},{"damage":5.0,"enemies":"Snake Plant","floor":22.0,"turns":5.0},{"damage":23.0,"enemies":"Gremlin Leader","floor":24.0,"turns":4.0},{"damage":9.0,"enemies":"3 Cultists","floor":25.0,"turns":4.0},{"damage":28.0,"enemies":"Book of Stabbing","floor":29.0,"turns":5.0},{"damage":0,"enemies":"Gremlin Leader","floor":31,"turns":1}],"seed_played":"1545054377401936600","potions_obtained":[{"floor":3.0,"key":"Strength Potion"},{"floor":12.0,"key":"AttackPotion"},{"floor":14.0,"key":"FearPotion"},{"floor":16.0,"key":"ColorlessPotion"},{"floor":20.0,"key":"PowerPotion"},{"floor":22.0,"key":"FearPotion"},{"floor":24.0,"key":"AttackPotion"},{"floor":29.0,"key":"ColorlessPotion"}],"is_trial":false,"path_per_floor":["M","M","M","M","M","R","M","E","T","R","$","M","R","E","R","B",null,"M","?","M","$","M","R","E","M","T","$","R","E","$","E"],"character_chosen":"DEFECT","items_purchased":["DollysMirror","Glacier","Self Repair"],"campfire_rested":4,"item_purchase_floors":[21,21,30],"current_hp_per_floor":[61,60,60,46,42,42,31,13,13,35,35,17,39,14,36,5,58,43,43,43,43,38,60,51,42,42,42,42,14,14,14,14],"gold":51,"neow_bonus":"BOSS_RELIC","is_daily":false,"chose_seed":false,"campfire_upgraded":2,"win_rate":0.0,"timestamp":1610236019,"path_taken":["M","M","M","M","M","R","M","E","T","R","$","M","R","E","R","BOSS","M","?","?","$","M","R","E","M","T","$","R","E","$","E"],"items_purchased_type":["Relic","Card","Card"],"build_version":"2020-12-22","purchased_purges":2,"victory":false,"max_hp_per_floor":[75,75,75,75,75,75,75,75,75,75,75,75,75,75,75,75,75,75,75,75,75,75,75,89,89,89,89,89,89,89,89,89],"relic_stats":{"Emotion Chip":[0,0,0,0,0],"counters":[17,64],"CeramicFish":18,"Prayer Wheel":4,"Pandora\u0027s Box":["Amplify","Reinforced Body","Rainbow","Double Energy","Conserve Battery","Darkness","Stack"],"obtain_stats":[{"CaptainsWheel":9,"Emotion Chip":29,"DollysMirror":21,"CeramicFish":26,"Prayer Wheel":14,"Pandora\u0027s Box":17,"Mango":24,"Cracked Core":0,"Nuclear Battery":0,"Mercury Hourglass":8},{"CaptainsWheel":7,"Emotion Chip":16,"DollysMirror":12,"CeramicFish":15,"Prayer Wheel":9,"Pandora\u0027s Box":10,"Mango":14,"Cracked Core":0,"Nuclear Battery":0,"Mercury Hourglass":7},{"CaptainsWheel":23,"Emotion Chip":63,"DollysMirror":45,"CeramicFish":58,"Prayer Wheel":29,"Pandora\u0027s Box":37,"Mango":54,"Cracked Core":0,"Nuclear Battery":0,"Mercury Hourglass":23}],"Mercury Hourglass":[192]},"card_choices":[{"not_picked":["Conserve Battery","Beam Cell"],"picked":"Streamline","floor":1.0},{"not_picked":["Turbo","Scrape"],"picked":"Rainbow","floor":2.0},{"not_picked":["Compile Driver","Cold Snap"],"picked":"Capacitor","floor":3.0},{"not_picked":["Reprogram","Turbo"],"picked":"Tempest","floor":4.0},{"not_picked":["Redo","Ball Lightning"],"picked":"Hologram","floor":5.0},{"not_picked":["Rebound","Streamline"],"picked":"Machine Learning","floor":7.0},{"not_picked":["Redo","Compile Driver"],"picked":"Consume","floor":8.0},{"not_picked":["Leap","Capacitor"],"picked":"Meteor Strike","floor":12.0},{"not_picked":["Defragment","Hologram"],"picked":"Loop","floor":14.0},{"not_picked":["Reboot","Biased Cognition"],"picked":"Echo Form","floor":16.0},{"not_picked":["Auto Shields","Ball Lightning"],"picked":"Force Field","floor":18.0},{"not_picked":["Rebound","Beam Cell"],"picked":"Defragment","floor":18.0},{"not_picked":["Rebound","Sweeping Beam"],"picked":"Static Discharge+1","floor":20.0},{"not_picked":["Cold Snap","Beam Cell"],"picked":"Streamline+1","floor":20.0},{"not_picked":["Recycle","Beam Cell+1"],"picked":"Defragment","floor":22.0},{"not_picked":["Ball Lightning","Doom and Gloom","Beam Cell+1"],"picked":"SKIP","floor":22.0},{"not_picked":["Hologram","Chill+1"],"picked":"Buffer","floor":24.0},{"not_picked":["Beam Cell+1","Coolheaded"],"picked":"Undo","floor":25.0},{"not_picked":["Beam Cell","Go for the Eyes+1"],"picked":"Genetic Algorithm","floor":25.0},{"not_picked":["Recycle","Chill+1"],"picked":"Sunder+1","floor":29.0}],"player_experience":689894,"relics_obtained":[{"floor":8.0,"key":"Mercury Hourglass"},{"floor":9.0,"key":"CaptainsWheel"},{"floor":14.0,"key":"Prayer Wheel"},{"floor":24.0,"key":"Mango"},{"floor":26.0,"key":"CeramicFish"},{"floor":29.0,"key":"Emotion Chip"}],"event_choices":[{"cards_removed":["Darkness"],"damage_healed":0.0,"max_hp_gain":0.0,"max_hp_loss":0.0,"gold_gain":0.0,"event_name":"Purifier","player_choice":"Purged","floor":19.0,"gold_loss":0.0,"damage_taken":0.0}],"is_beta":false,"boss_relics":[{"not_picked":["Runic Dome","Calling Bell"],"picked":"Pandora\u0027s Box"}],"items_purged_floors":[11,27],"is_endless":false,"potions_floor_spawned":[3,12,14,16,20,22,24,29],"killed_by":"Gremlin Leader","ascension_level":8}}