{"host":"u0qetpmu4y58k1tf","time":1610190305,"event":{"mods":["AchievementEnabler","BaseMod","Colored Map","Colored Powertips","Hermit","Marisa£¨Ùöéë¡¡Øª×âÞÞ£©","Minty Spire (QoL Compilation)","Replay The Spire","StSLib","SuperFastMode","The Bug Knight","The Cursed","The Hierophant","The Runesmith"],"gold_per_floor":[114,94,19,37,37,37,64,78,104,150,170,170,192,192,192,299,299,335,335,335,58,79,79,114,114,140,202,30,30,62,70,70],"floor_reached":31,"playtime":877,"items_purged":["Strike_B","Parasite","Strike_B"],"score":329,"play_id":"485b234f-2e23-469b-a161-29da11cfaa39","local_time":"20210109200505","is_ascension_mode":true,"campfire_choices":[{"data":"Zap","floor":6,"key":"SMITH"},{"data":"Dualcast","floor":12,"key":"SMITH"},{"data":"Gash","floor":15,"key":"SMITH"},{"floor":23,"key":"RECALL"},{"floor":29,"key":"REST"}],"circlet_count":0,"master_deck":["Strike_B","Strike_B","Defend_B","Defend_B","Defend_B","Defend_B","Zap+1","Dualcast+1","Gash+1","Beam Cell","Streamline","Chill","All For One","Streamline","ReplayTheSpireMod:System Scan","Scrape","Turbo","Zap","Double Energy","Gash","Gash"],"relics":["Cracked Core","NeowsBlessing","Pet Ghost","Replay:Bandana","Gremlin Horn","Ring of Hypnosis","Ring of Misfortune","ChewingGum","HollowMod:PaleOreRelic"],"acts_visited":["Exordium","TheCity"],"potions_floor_usage":[10,10,16,27,31,31],"damage_taken":[{"damage":0,"enemies":"2 Louse","floor":1,"turns":1},{"damage":0,"enemies":"Cultist","floor":4,"turns":1},{"damage":0,"enemies":"Lagavulin","floor":7,"turns":1},{"damage":2,"enemies":"Small Slimes","floor":8,"turns":2},{"damage":0,"enemies":"Gremlin Nob","floor":10,"turns":2},{"damage":3,"enemies":"Red Slaver","floor":11,"turns":3},{"damage":5,"enemies":"Looter","floor":13,"turns":2},{"damage":32,"enemies":"Slime Boss","floor":16,"turns":10},{"damage":0,"enemies":"Spheric Guardian","floor":18,"turns":3},{"damage":7,"enemies":"2 Thieves","floor":22,"turns":3},{"damage":19,"enemies":"Snake Plant","floor":24,"turns":3},{"damage":29,"enemies":"Gremlin Leader","floor":27,"turns":4},{"damage":32,"enemies":"Shelled Parasite and Fungi","floor":30,"turns":4},{"damage":9,"enemies":"Slavers","floor":31,"turns":1}],"seed_played":"7903725520522837291","potions_obtained":[{"floor":2,"key":"Fire Potion"},{"floor":4,"key":"FocusPotion"},{"floor":8,"key":"Fire Potion"},{"floor":11,"key":"Milkshake"},{"floor":20,"key":"Fire Potion"},{"floor":20,"key":"LiquidMemories"},{"floor":20,"key":"EssenceOfDarkness"},{"floor":27,"key":"SkillPotion"}],"is_trial":false,"path_per_floor":["M","?","$","M","$","R","E","M","T","E","M","R","M","?","R","B",null,"M","?","?","$","M","R","M","?","T","E","$","R","M","E"],"character_chosen":"DEFECT","items_purchased":["All For One","Streamline","Gash"],"campfire_rested":1,"item_purchase_floors":[21,21,28],"current_hp_per_floor":[75,75,75,75,75,75,75,73,73,73,70,70,65,65,65,33,75,75,75,75,72,65,65,46,46,46,17,17,38,6,0,0],"gold":70,"neow_bonus":"THREE_ENEMY_KILL","is_daily":false,"chose_seed":false,"campfire_upgraded":3,"win_rate":0.0,"timestamp":1610190305,"path_taken":["M","?","$","?","?","R","E","M","T","E","M","R","?","?","R","BOSS","M","?","?","$","M","R","?","?","T","E","$","R","M","E"],"items_purchased_type":["Card","Card","Card"],"build_version":"2020-12-22","purchased_purges":3,"victory":false,"max_hp_per_floor":[75,75,75,75,75,75,75,75,75,75,75,75,75,75,75,75,75,75,75,75,72,72,72,72,72,72,72,72,72,72,72,72],"card_choices":[{"not_picked":["Streamline","Ball Lightning"],"picked":"Gash","floor":1},{"not_picked":["Hologram","ReplayTheSpireMod:System Scan","Compile Driver"],"picked":"SKIP","floor":4},{"not_picked":["Meteor Strike","Ball Lightning","Storm"],"picked":"SKIP","floor":7},{"not_picked":["Ball Lightning","ReplaySolidLightProjector"],"picked":"Beam Cell","floor":8},{"not_picked":["Ball Lightning","Rebound","Lockon"],"picked":"SKIP","floor":10},{"not_picked":["Panic Button","Cold Snap","Blizzard"],"picked":"SKIP","floor":11},{"not_picked":["Redo","ReplayRNGCard"],"picked":"Streamline","floor":13},{"not_picked":["Hologram","Ball Lightning"],"picked":"Chill","floor":18},{"not_picked":["Rip and Tear","Panic Button"],"picked":"ReplayTheSpireMod:System Scan","floor":22},{"not_picked":["ReplayTheSpireMod:GoodbyeWorld","Glacier"],"picked":"Scrape","floor":24},{"not_picked":["ReplayTheSpireMod:Calculation Training","Capacitor"],"picked":"Double Energy","floor":27},{"not_picked":["Ball Lightning","ReplayTheSpireMod:GoodbyeWorld"],"picked":"Gash","floor":30}],"player_experience":38638,"relics_obtained":[{"floor":7,"key":"Pet Ghost"},{"floor":9,"key":"Replay:Bandana"},{"floor":10,"key":"Gremlin Horn"},{"floor":14,"key":"Ring of Hypnosis"},{"floor":14,"key":"Ring of Misfortune"},{"floor":27,"key":"HollowMod:PaleOreRelic"}],"event_choices":[{"damage_healed":0,"gold_gain":0,"player_choice":"Bought 1 Potion","damage_taken":0,"max_hp_gain":0,"max_hp_loss":0,"event_name":"The Woman in Blue","floor":2,"gold_loss":0},{"damage_healed":0,"gold_gain":0,"player_choice":"Ignored","damage_taken":0,"max_hp_gain":0,"max_hp_loss":0,"event_name":"Ghosts","floor":19,"gold_loss":0},{"damage_healed":0,"gold_gain":0,"player_choice":"Got Potions","damage_taken":0,"max_hp_gain":0,"max_hp_loss":0,"event_name":"Lab","floor":20,"gold_loss":0},{"damage_healed":0,"gold_gain":0,"player_choice":"2 cards matched","damage_taken":0,"max_hp_gain":0,"max_hp_loss":0,"event_name":"Match and Keep!","floor":25,"gold_loss":0,"cards_obtained":["Turbo","Zap"]}],"is_beta":false,"boss_relics":[{"not_picked":["Ring of Chaos","SacredBark"],"picked":"ChewingGum"}],"items_purged_floors":[3,21,28],"is_endless":false,"potions_floor_spawned":[4,8,11,24,27,30],"killed_by":"Slavers","ascension_level":1}}