{"host":"55yei7x27djrlaep","time":1610189130,"event":{"mods":["Act Like it!","BaseMod","Better Altar","Better Match","Better Note","Better Sensory Stone","Better Skull","Better Third Choice","BetterRewards","Colored Map","Evolution","Friendly Minions","GifTheSpireLib","Halation","Hubris","Minty Spire (QoL Compilation)","StSLib","The Bladedancer","The Hierophant","The Runesmith","The Trickster","TheBandit"],"gold_per_floor":[109,31,31,48,61,61,73,83,83,83,99,132,32,32,32,128,128,144,159,69,183,233,233,262,262,285,285,5,19,38,55,55,151,151,162,207,219,219,42,42,74,74,150,167,202,202,237,251,251,251,251,251,21,46,46],"floor_reached":56,"playtime":4707,"items_purged":["Runesmith:Defend_RS","Runesmith:Strike_RS","Runesmith:Strike_RS","Runesmith:Strike_RS"],"score":1555,"play_id":"d749241b-6220-426d-b769-d1207e69299f","local_time":"20210109134530","is_ascension_mode":false,"campfire_choices":[{"floor":6.0,"key":"REST"},{"floor":10,"key":"REST"},{"floor":15,"key":"REST"},{"floor":23,"key":"REST"},{"data":"Runesmith:HammerThrow","floor":25,"key":"SMITH"},{"data":"Runesmith:PoweredAnvil","floor":27,"key":"SMITH"},{"data":"Runesmith:Reinforce","floor":32,"key":"SMITH"},{"floor":40,"key":"RECALL"},{"data":"Runesmith:Reinforce","floor":42,"key":"SMITH"},{"data":"Runesmith:HammerThrow","floor":49,"key":"SMITH"},{"data":"Runesmith:Grindstone","floor":52,"key":"SMITH"}],"circlet_count":0,"master_deck":["Runesmith:Defend_RS","Runesmith:Defend_RS","Runesmith:Defend_RS+1","Runesmith:CraftFirestone","Runesmith:Fortify","Runesmith:DuctTape","Runesmith:EarthShield","Runesmith:UnstableHammer","Runesmith:HammerThrow+1","Runesmith:PoweredAnvil+1","Runesmith:Reinforce+1","Runesmith:FieryHammer","Runesmith:HammerThrow+1","Runesmith:CraftProtectio+1","Runesmith:CraftMagma","Runesmith:Permafrost","Runesmith:ArcReactor","Runesmith:Reinforce+1","Runesmith:ArcReactor","Runesmith:RuneHurl","Runesmith:RunicBlueprint+1","Runesmith:OneForEveryone+1","Runesmith:CraftMedicinae","Runesmith:Grindstone+1","Runesmith:Grindstone+1","Runesmith:HammerThrow+1","Runesmith:PoweredAnvil"],"relics":["Runesmith:BrokenRuby","EVO:Axolotl","Runesmith:AutoHammer","hubris:64BitClover","Ornamental Fan","halation:Toothbrush","Dream Catcher","Bag of Marbles","Singing Bowl","Boot","Sozu","Strawberry","Omamori","Anchor","MealTicket","Happy Flower","hubris:ScarierMask","InkBottle","halation:LettersToHer","Mango","halation:TwoAmDonut","halation:BlackBeret","Bronze Scales","hubris:SlimyHat"],"acts_visited":["Exordium","TheCity","TheBeyond","TheEnding"],"potions_floor_usage":[12,12,12],"damage_taken":[{"damage":0.0,"enemies":"Cultist","floor":1.0,"turns":3.0},{"damage":7.0,"enemies":"2 Louse","floor":4.0,"turns":4.0},{"damage":8.0,"enemies":"Small Slimes","floor":5.0,"turns":3.0},{"damage":3.0,"enemies":"3 Louse","floor":7.0,"turns":3.0},{"damage":4.0,"enemies":"Blue Slaver","floor":8.0,"turns":4.0},{"damage":2,"enemies":"Looter","floor":11,"turns":4},{"damage":40,"enemies":"Gremlin Nob","floor":12,"turns":5},{"damage":35,"enemies":"The Guardian","floor":16,"turns":10},{"damage":7,"enemies":"Spheric Guardian","floor":18,"turns":5},{"damage":14,"enemies":"Shell Parasite","floor":19,"turns":6},{"damage":0,"enemies":"Gremlin Leader","floor":24,"turns":8},{"damage":6,"enemies":"Chosen and Byrds","floor":29,"turns":5},{"damage":0,"enemies":"Cultist and Chosen","floor":30,"turns":4},{"damage":0,"enemies":"Snecko","floor":31,"turns":4},{"damage":16,"enemies":"Automaton","floor":33,"turns":7},{"damage":0,"enemies":"Orb Walker","floor":35,"turns":2},{"damage":0,"enemies":"3 Darklings","floor":37,"turns":4},{"damage":23,"enemies":"Nemesis","floor":41,"turns":5},{"damage":0,"enemies":"Sphere and 2 Shapes","floor":44,"turns":3},{"damage":30,"enemies":"Reptomancer","floor":45,"turns":6},{"damage":0,"enemies":"Giant Head","floor":47,"turns":9},{"damage":15,"enemies":"Maw","floor":48,"turns":8},{"damage":34,"enemies":"Awakened One","floor":50,"turns":12},{"damage":15,"enemies":"Shield and Spear","floor":54,"turns":5},{"damage":78,"enemies":"The Heart","floor":55,"turns":14}],"seed_played":"-4759102138464800839","potions_obtained":[{"floor":4.0,"key":"DuplicationPotion"},{"floor":8.0,"key":"FearPotion"},{"floor":11,"key":"Swift Potion"}],"is_trial":false,"path_per_floor":["M","$","?","M","M","R","M","M","T","R","M","E","$","T","R","B",null,"M","M","?","?","?","R","E","R","T","R","$","M","M","M","R","B",null,"M","T","M","?","$","R","E","R","T","M","E","?","E","M","R","B",null,"R","$","E","B",null],"character_chosen":"RUNESMITH_CLASS","items_purchased":["Runesmith:AutoHammer","Ornamental Fan","Runesmith:DuctTape","Runesmith:EarthShield","Runesmith:UnstableHammer","Runesmith:PoweredAnvil","Happy Flower","Runesmith:Grindstone","Bronze Scales","Runesmith:PoweredAnvil"],"campfire_rested":4,"item_purchase_floors":[0,0,0,0,0,2,28,39,53,53],"current_hp_per_floor":[38,38,38,31,23,44,41,37,37,58,56,16,19,19,42,7,75,70,56,59,12,12,38,38,38,38,38,56,50,50,52,52,36,92,94,94,96,100,103,103,96,96,96,96,75,75,101,100,100,66,125,125,125,112,74],"gold":46,"neow_bonus":"","is_daily":false,"chose_seed":false,"campfire_upgraded":6,"win_rate":0.0,"timestamp":1610189130,"path_taken":["M","?","?","M","M","R","M","?","T","R","M","E","$","?","R","BOSS","M","M","?","?","?","R","E","R","T","R","?","M","M","M","R","BOSS","M","?","M","?","$","R","E","R","T","M","E","?","E","?","R","BOSS","R","$","E","BOSS"],"items_purchased_type":["Relic","Relic","Card","Card","Card","Card","Relic","Card","Relic","Card"],"build_version":"2020-12-22","purchased_purges":4,"victory":true,"max_hp_per_floor":[70,70,70,70,70,70,70,70,70,70,70,70,73,73,75,75,75,77,77,80,87,87,87,87,87,87,87,90,90,90,92,92,92,92,94,94,96,100,103,103,119,119,119,119,121,121,123,125,125,125,125,125,125,127,127],"card_choices":[{"not_picked":["Runesmith:Overpower","Runesmith:ElementalConversion"],"picked":"Runesmith:HammerThrow","floor":1.0},{"not_picked":["Runesmith:GoWithTheFlow","Runesmith:Terraform"],"picked":"Runesmith:Reinforce","floor":4.0},{"not_picked":["Runesmith:RunicBlueprint","Runesmith:Malloc"],"picked":"Runesmith:FieryHammer","floor":5.0},{"not_picked":["Runesmith:HeatedChisel","Runesmith:Overpower"],"picked":"Runesmith:HammerThrow","floor":7.0},{"not_picked":["Runesmith:ShiftingStrike","Runesmith:Attraction","Runesmith:Repurpose"],"picked":"SKIP","floor":8.0},{"not_picked":["Runesmith:EnergizedChisel","Runesmith:EarthShield"],"picked":"Runesmith:CraftProtectio","floor":10},{"not_picked":["Runesmith:ShiftingStrike","Runesmith:Repurpose"],"picked":"Runesmith:CraftMagma","floor":11},{"not_picked":["Runesmith:CraftReservo","Runesmith:CraftIncendium"],"picked":"Runesmith:Permafrost","floor":12},{"not_picked":["Runesmith:Repurpose","Runesmith:EnergizedChisel","Runesmith:Empowerment"],"picked":"Singing Bowl","floor":15},{"not_picked":["Runesmith:GenerateForcefield","Runesmith:LightningRod"],"picked":"Runesmith:ArcReactor","floor":16},{"not_picked":["Runesmith:Overpower","Runesmith:MakeshiftArmor","Runesmith:BackupBattery"],"picked":"Singing Bowl","floor":18},{"not_picked":["Runesmith:WhiteBalance","Runesmith:ShiftingStrike"],"picked":"Runesmith:Reinforce","floor":19},{"not_picked":["Runesmith:HammerThrow","Runesmith:MakeshiftArmor"],"picked":"Runesmith:ArcReactor","floor":23},{"not_picked":["Runesmith:HeatExchange+1","Runesmith:ChiselStab"],"picked":"Runesmith:RuneHurl","floor":24},{"not_picked":["Runesmith:Overpower","Runesmith:HammerThrow"],"picked":"Runesmith:RunicBlueprint+1","floor":29},{"not_picked":["Runesmith:Grindstone+1","Runesmith:Discharge"],"picked":"Runesmith:OneForEveryone+1","floor":30},{"not_picked":["Runesmith:Firestorm","Runesmith:Refine","Runesmith:Firewall"],"picked":"Singing Bowl","floor":31},{"not_picked":["Runesmith:LightningRod","Runesmith:ReplicatingBarrier"],"picked":"Runesmith:CraftMedicinae","floor":33},{"not_picked":["Runesmith:CraftObretio+1","Runesmith:ShiftingStrike+1","Runesmith:Prism"],"picked":"Singing Bowl","floor":35},{"not_picked":["Runesmith:Repurpose","Runesmith:CraftMagma","Runesmith:CraftProtectio"],"picked":"Singing Bowl","floor":37},{"not_picked":["Impatience","Mind Blast","PanicButton"],"picked":"Singing Bowl","floor":38},{"not_picked":["Blind","Deep Breath","Discovery"],"picked":"Singing Bowl","floor":38},{"not_picked":["Runesmith:HeatedChisel","Runesmith:RuneHurl","Runesmith:Firestorm+1"],"picked":"Singing Bowl","floor":41},{"not_picked":["Runesmith:ShiftingStrike","Runesmith:RuneHurl+1"],"picked":"Runesmith:Grindstone+1","floor":44},{"not_picked":["Runesmith:Supernova","Runesmith:Discharge+1","Runesmith:BackupBattery+1"],"picked":"Singing Bowl","floor":45},{"not_picked":["Runesmith:ChaoticBlast","Runesmith:ChiselStab+1","Runesmith:NanitesCloud"],"picked":"Singing Bowl","floor":47},{"not_picked":["Runesmith:BackupBattery","Runesmith:MakeshiftArmor","Runesmith:CraftProtectio+1"],"picked":"Singing Bowl","floor":48},{"not_picked":["Runesmith:CraftObretio","Runesmith:CraftSpiculum+1","Runesmith:Attraction"],"picked":"Singing Bowl","floor":54}],"player_experience":402976,"relics_obtained":[{"floor":9,"key":"Dream Catcher"},{"floor":12,"key":"Bag of Marbles"},{"floor":14,"key":"Singing Bowl"},{"floor":16,"key":"Boot"},{"floor":24,"key":"Anchor"},{"floor":26,"key":"MealTicket"},{"floor":35,"key":"InkBottle"},{"floor":36,"key":"halation:LettersToHer"},{"floor":41,"key":"Mango"},{"floor":43,"key":"halation:LettersToHer"},{"floor":45,"key":"halation:TwoAmDonut"},{"floor":47,"key":"halation:BlackBeret"},{"floor":54,"key":"hubris:SlimyHat"}],"event_choices":[{"damage_healed":0.0,"max_hp_gain":0.0,"max_hp_loss":0.0,"gold_gain":0.0,"event_name":"WeMeetAgain","player_choice":"Ignored","floor":3.0,"gold_loss":0.0,"damage_taken":0.0},{"cards_removed":["Runesmith:Strike_RS"],"damage_healed":0,"gold_gain":0,"player_choice":"Upgrade and Remove","damage_taken":0,"max_hp_gain":0,"max_hp_loss":0,"event_name":"Designer","floor":20,"gold_loss":90,"cards_upgraded":["Runesmith:Defend_RS"]},{"damage_healed":0,"gold_gain":114,"player_choice":"RE RE UP GO ","damage_taken":61,"relics_obtained":["Strawberry","Omamori"],"max_hp_gain":0,"max_hp_loss":0,"event_name":"betterSkull:BetterSkull","floor":21,"gold_loss":0,"cards_upgraded":["Runesmith:CraftProtectio"]},{"damage_healed":0,"gold_gain":100,"player_choice":"Bet on Murderer","damage_taken":0,"max_hp_gain":0,"max_hp_loss":0,"event_name":"The Joust","floor":22,"gold_loss":50},{"damage_healed":0,"gold_gain":3,"player_choice":"1","damage_taken":0,"max_hp_gain":0,"max_hp_loss":0,"event_name":"betterStone:BetterStone","floor":38,"gold_loss":0},{"damage_healed":0,"gold_gain":0,"player_choice":"Copied","damage_taken":0,"max_hp_gain":0,"max_hp_loss":0,"event_name":"Duplicator","floor":46,"gold_loss":0,"cards_obtained":["Runesmith:HammerThrow"]}],"is_beta":false,"boss_relics":[{"not_picked":["Runesmith:UraniumAnvil","halation:Prosthetics"],"picked":"Sozu"},{"not_picked":["hubris:GrandSneckoEye","Runic Pyramid"],"picked":"hubris:ScarierMask"}],"items_purged_floors":[0,13,28,39],"is_endless":false,"potions_floor_spawned":[4,8,11,29,31,33,41,44,47],"ascension_level":0}}