{"host":"taazmjmli6ma7loo","time":1610202904,"event":{"mods":["AchievementEnabler","Arknights The Spire","BaseMod","Hermit","Minty Spire (QoL Compilation)","StSLib","The Bug Knight","The Hierophant"],"gold_per_floor":[118,118,129,139,139,139,151,151,151,151,4,33,33,33,33,33,33],"floor_reached":16,"playtime":640,"items_purged":["Defend_B"],"score":92,"play_id":"9d7edb99-8ca6-4028-b9bd-5dbd53cb013d","local_time":"20210109233504","is_ascension_mode":true,"campfire_choices":[{"data":"Double Energy","floor":6,"key":"SMITH"},{"data":"Zap","floor":10,"key":"SMITH"},{"floor":15,"key":"REST"}],"circlet_count":0,"master_deck":["Strike_B","Strike_B","Defend_B","Defend_B","Defend_B","Zap+1","Dualcast","Machine Learning","Redo+1","Double Energy","Double Energy+1","Compile Driver","Double Energy"],"relics":["Cracked Core","HollowMod:LifeEnderRelic","Frozen Egg 2","Akabeko"],"acts_visited":["Exordium"],"potions_floor_usage":[12,12],"damage_taken":[{"damage":6,"enemies":"Jaw Worm","floor":1,"turns":4},{"damage":0,"enemies":"Cultist","floor":3,"turns":4},{"damage":1,"enemies":"2 Louse","floor":4,"turns":2},{"damage":5,"enemies":"Looter","floor":7,"turns":3},{"damage":17,"enemies":"The Mushroom Lair","floor":12,"turns":4},{"damage":40,"enemies":"The Guardian","floor":16,"turns":7}],"seed_played":"-1521842514701687946","potions_obtained":[{"floor":4,"key":"Block Potion"},{"floor":7,"key":"Explosive Potion"}],"is_trial":false,"path_per_floor":["M","?","M","M","?","R","M","?","T","R","$","?","?","T","R","B"],"character_chosen":"DEFECT","items_purchased":["Double Energy"],"campfire_rested":1,"item_purchase_floors":[11],"current_hp_per_floor":[48,48,48,47,47,47,42,39,39,39,39,22,15,15,37,0,0],"gold":33,"neow_bonus":"THREE_RARE_CARDS","is_daily":false,"chose_seed":false,"campfire_upgraded":2,"win_rate":0.0,"timestamp":1610202904,"path_taken":["M","?","?","?","?","R","M","?","T","R","$","?","?","?","R","BOSS"],"items_purchased_type":["Card"],"build_version":"2020-12-22","purchased_purges":1,"victory":false,"max_hp_per_floor":[75,75,75,75,75,75,75,75,75,75,75,75,75,75,75,75,75],"card_choices":[{"not_picked":["Fission","Meteor Strike"],"picked":"Machine Learning","floor":0},{"not_picked":["Cold Snap","White Noise"],"picked":"Redo","floor":1},{"not_picked":["Beam Cell","Sweeping Beam"],"picked":"Double Energy","floor":3},{"not_picked":["Coolheaded","Leap"],"picked":"Double Energy","floor":4},{"not_picked":["Hologram","Conserve Battery"],"picked":"Compile Driver","floor":7}],"player_experience":453277,"relics_obtained":[{"floor":9,"key":"Frozen Egg 2"},{"floor":14,"key":"Akabeko"}],"event_choices":[{"damage_healed":0,"gold_gain":0,"player_choice":"Upgraded","damage_taken":0,"max_hp_gain":0,"max_hp_loss":0,"event_name":"Upgrade Shrine","floor":2,"gold_loss":0,"cards_upgraded":["Redo"]},{"cards_removed":["Strike_B"],"damage_healed":0,"gold_gain":0,"player_choice":"Forget","damage_taken":0,"max_hp_gain":0,"max_hp_loss":0,"event_name":"Living Wall","floor":5,"gold_loss":0},{"damage_healed":0,"gold_gain":0,"player_choice":"Success","damage_taken":3,"relics_obtained":["HollowMod:LifeEnderRelic"],"max_hp_gain":0,"max_hp_loss":0,"event_name":"Scrap Ooze","floor":8,"gold_loss":0},{"damage_healed":0,"gold_gain":0,"player_choice":"Fought Mushrooms","damage_taken":0,"max_hp_gain":0,"max_hp_loss":0,"event_name":"Mushrooms","floor":12,"gold_loss":0},{"cards_removed":["Strike_B"],"damage_healed":0,"gold_gain":0,"player_choice":"Card Removal","damage_taken":7,"max_hp_gain":0,"max_hp_loss":0,"event_name":"Golden Wing","floor":13,"gold_loss":0}],"is_beta":false,"boss_relics":[],"items_purged_floors":[11],"is_endless":false,"potions_floor_spawned":[4,7],"killed_by":"The Guardian","ascension_level":1}}