{"host":"nkolxg4se00n20yf","time":1610221615,"event":{"mods":["BaseMod","CatGirl Mod","Chen","Colored Map","Colored Powertips","Downfall","Friendly Minions","Infinite Spire","Kiyohime????","Marisa????????","Minty Spire (QoL Compilation)","StSLib","Td1madao Mod","The Administrix","The Cursed","The Exalted","The Hierophant","The Servant 0.9.4"],"gold_per_floor":[116,116,136,150,300,300,56,56,56],"floor_reached":8,"playtime":317,"items_purged":["Doubt"],"score":90,"play_id":"f5bbfa42-bd6c-40af-baba-70a0f544a012","local_time":"20210109204655","is_ascension_mode":true,"campfire_choices":[{"data":"expansioncontent:DashGenerateEvil","floor":6.0,"key":"SMITH"}],"circlet_count":0,"master_deck":["AscendersBane","Strike_G","Strike_G","Strike_G","Strike_G","Strike_G","Defend_G","Defend_G","Defend_G","Defend_G","Defend_G","Survivor","Neutralize","Slimebound:Icky","expansioncontent:DashGenerateEvil+1","Masterful Stab","Injury","Crippling Poison","PiercingWail"],"relics":["Ring of the Snake","Golden Idol","ClockworkSouvenir"],"acts_visited":["Exordium"],"potions_floor_usage":[],"damage_taken":[{"damage":0.0,"enemies":"Small Slimes","floor":1.0,"turns":3.0},{"damage":9.0,"enemies":"Jaw Worm","floor":3.0,"turns":4.0},{"damage":0.0,"enemies":"2 Louse","floor":4.0,"turns":1.0},{"damage":50,"enemies":"3 Sentries","floor":8,"turns":10}],"seed_played":"2379132573675141604","potions_obtained":[],"is_trial":false,"path_per_floor":["M","?","M","M","?","R","$","E"],"character_chosen":"THE_SILENT","items_purchased":["ClockworkSouvenir"],"campfire_rested":0,"item_purchase_floors":[7],"current_hp_per_floor":[59,59,50,50,50,50,50,0,0],"gold":56,"neow_bonus":"RANDOM_COLORLESS_2","is_daily":false,"chose_seed":false,"campfire_upgraded":1,"win_rate":0.0,"timestamp":1610221615,"path_taken":["M","?","M","M","?","R","$","E"],"items_purchased_type":["Relic"],"build_version":"2020-12-22","purchased_purges":1,"victory":false,"max_hp_per_floor":[66,66,66,66,66,66,66,66,66],"card_choices":[{"not_picked":["expansioncontent:QuickStudy","Mayhem"],"picked":"expansioncontent:DashGenerateEvil","floor":0.0},{"not_picked":["Leg Sweep","Slice"],"picked":"Masterful Stab","floor":1.0},{"not_picked":["Quick Slash","Bane"],"picked":"Crippling Poison","floor":3.0},{"not_picked":["Slice","Choke"],"picked":"PiercingWail","floor":4.0}],"player_experience":1093174,"relics_obtained":[],"event_choices":[{"damage_healed":0.0,"max_hp_gain":0.0,"max_hp_loss":0.0,"gold_gain":0.0,"event_name":"Golden Idol","player_choice":"Take Wound","floor":2.0,"gold_loss":0.0,"damage_taken":0.0,"relics_obtained":["Golden Idol"],"cards_obtained":["Injury"]},{"damage_healed":0.0,"max_hp_gain":0.0,"max_hp_loss":0.0,"gold_gain":150.0,"event_name":"Liars Game","player_choice":"AGREE","floor":5.0,"gold_loss":0.0,"damage_taken":0.0,"cards_obtained":["Doubt"]}],"is_beta":false,"boss_relics":[],"items_purged_floors":[7],"is_endless":false,"potions_floor_spawned":[],"killed_by":"3 Sentries","ascension_level":19}}