{"host":"9d9dhukr2jywmy0f","time":1610217211,"event":{"mods":["2.2 Compatiblity","Alarm Clock","BaseMod","Bestiary","Block Reminder","Colored Map","Colored Powertips","Curses Come First","DeckTracker","Energized Spire","Highlight Path","Key Reminder","Minty Spire (QoL Compilation)","Quick Restart","Rare Cards Sparkle","Relic Sorter","Relic Stats","Spire Birthday Party","StSLib","SuperFastMode","Synergy Search","Unceasing Turn Reminder","Unknown Chances"],"gold_per_floor":[110,110,32,32,57,57,91,91,114,114,138,156,180,25,25,121,121,102,152,168,58,76,76,17,30,84,84,84,104,104,124,124,124,124],"floor_reached":33,"playtime":1234,"items_purged":["Defend_B"],"score":494,"play_id":"37f117f5-20c8-485c-9612-68e4d8e9c6c6","local_time":"20210110023331","is_ascension_mode":true,"campfire_choices":[{"data":"Sunder","floor":6.0,"key":"SMITH"},{"data":"Dualcast","floor":8.0,"key":"SMITH"},{"data":"Zap","floor":10.0,"key":"SMITH"},{"data":"Defragment","floor":15.0,"key":"SMITH"},{"data":"Buffer","floor":23.0,"key":"SMITH"},{"data":"Defragment","floor":27.0,"key":"SMITH"},{"data":"Coolheaded","floor":30,"key":"SMITH"},{"floor":32,"key":"REST"}],"circlet_count":0,"master_deck":["AscendersBane","Strike_B","Strike_B","Defend_B","Defend_B","Defend_B","Zap+1","Dualcast+1","Sunder+1","Glacier+1","Defragment+1","Buffer+1","Turbo","Compile Driver","Hologram","Coolheaded+1","Conserve Battery","Stack","Defragment+1"],"relics":["Cracked Core","Bag of Marbles","Golden Idol","Art of War","Orichalcum","energizedSpire:StickyHand","Ancient Tea Set"],"acts_visited":["Exordium","TheCity"],"potions_floor_usage":[31],"damage_taken":[{"damage":4.0,"enemies":"Jaw Worm","floor":1.0,"turns":4.0},{"damage":0.0,"enemies":"Cultist","floor":5.0,"turns":3.0},{"damage":31.0,"enemies":"Gremlin Nob","floor":7.0,"turns":4.0},{"damage":0.0,"enemies":"Small Slimes","floor":11.0,"turns":1.0},{"damage":0.0,"enemies":"Looter","floor":12.0,"turns":1.0},{"damage":0.0,"enemies":"3 Louse","floor":13.0,"turns":2.0},{"damage":18.0,"enemies":"Hexaghost","floor":16.0,"turns":9.0},{"damage":12.0,"enemies":"2 Thieves","floor":18.0,"turns":4.0},{"damage":6.0,"enemies":"Shell Parasite","floor":20.0,"turns":4.0},{"damage":3.0,"enemies":"Shelled Parasite and Fungi","floor":22.0,"turns":7.0},{"damage":8.0,"enemies":"Snake Plant","floor":25.0,"turns":3.0},{"damage":0,"enemies":"Snecko","floor":29,"turns":5},{"damage":12,"enemies":"Shelled Parasite and Fungi","floor":31,"turns":8},{"damage":10,"enemies":"Automaton","floor":33,"turns":14}],"seed_played":"1628253436342399180","potions_obtained":[{"floor":1.0,"key":"Energy Potion"},{"floor":11.0,"key":"Fruit Juice"},{"floor":12.0,"key":"Fire Potion"},{"floor":25.0,"key":"Weak Potion"}],"is_trial":false,"path_per_floor":["M","?","$","?","M","R","E","R","T","R","M","M","M","$","R","B",null,"M","?","M","?","M","R","$","M","T","R","?","M","R","M","R","B"],"character_chosen":"DEFECT","items_purchased":["Sunder","Defragment","Coolheaded"],"campfire_rested":1,"item_purchase_floors":[3,14,24],"current_hp_per_floor":[60,53,53,53,53,53,22,22,22,22,27,27,27,27,27,9,54,42,42,36,36,33,33,33,25,25,25,25,25,25,13,33,23,23],"gold":124,"neow_bonus":"RANDOM_COMMON_RELIC","is_daily":false,"chose_seed":false,"campfire_upgraded":7,"win_rate":0.0,"timestamp":1610217211,"path_taken":["M","?","?","?","M","R","E","R","T","R","M","M","M","$","R","BOSS","M","?","M","?","?","R","$","M","T","R","?","M","R","M","R","BOSS"],"items_purchased_type":["Card","Card","Card"],"build_version":"2020-11-30","purchased_purges":1,"victory":false,"max_hp_per_floor":[71,71,71,64,64,64,64,64,64,64,69,69,69,69,69,69,69,69,69,69,69,69,69,69,69,69,69,69,69,69,69,69,69,69],"relic_stats":{"counters":[14,69],"Golden Idol":70,"Art of War":[8],"Orichalcum":[84],"obtain_stats":[{"Golden Idol":4,"Bag of Marbles":0,"Art of War":7,"Orichalcum":9,"energizedSpire:StickyHand":17,"Cracked Core":0,"Ancient Tea Set":26},{"Golden Idol":1,"Bag of Marbles":0,"Art of War":3,"Orichalcum":3,"energizedSpire:StickyHand":7,"Cracked Core":0,"Ancient Tea Set":11},{"Golden Idol":4,"Bag of Marbles":0,"Art of War":11,"Orichalcum":11,"energizedSpire:StickyHand":24,"Cracked Core":0,"Ancient Tea Set":42}]},"card_choices":[{"not_picked":["Aggregate","Barrage","Gash"],"picked":"SKIP","floor":1.0},{"not_picked":["Sweeping Beam","Compile Driver","Consume"],"picked":"SKIP","floor":5.0},{"not_picked":["Steam","Compile Driver","Hologram"],"picked":"SKIP","floor":7.0},{"not_picked":["Steam","Barrage","Rip and Tear"],"picked":"SKIP","floor":11.0},{"not_picked":["Static Discharge","Cold Snap","Stack"],"picked":"SKIP","floor":12.0},{"not_picked":["Turbo","Reinforced Body"],"picked":"Glacier","floor":13.0},{"not_picked":["Fission","Seek"],"picked":"Buffer","floor":16.0},{"not_picked":["Compile Driver","Hologram"],"picked":"Turbo","floor":18.0},{"not_picked":["Steam","Defragment","Beam Cell"],"picked":"SKIP","floor":20.0},{"not_picked":["Redo","Storm","Tempest"],"picked":"SKIP","floor":22.0},{"not_picked":["Conserve Battery","Stack"],"picked":"Defragment","floor":25.0},{"not_picked":["Creative AI","Turbo","Rebound"],"picked":"SKIP","floor":29},{"not_picked":["Loop","Redo","Turbo"],"picked":"SKIP","floor":31}],"player_experience":801344,"relics_obtained":[{"floor":7.0,"key":"Art of War"},{"floor":9.0,"key":"Orichalcum"},{"floor":26.0,"key":"Ancient Tea Set"}],"event_choices":[{"cards_removed":["Strike_B"],"damage_healed":0.0,"max_hp_gain":0.0,"max_hp_loss":0.0,"gold_gain":0.0,"event_name":"Golden Wing","player_choice":"Card Removal","floor":2.0,"gold_loss":0.0,"damage_taken":7.0},{"damage_healed":0.0,"max_hp_gain":0.0,"max_hp_loss":7.0,"gold_gain":0.0,"event_name":"Golden Idol","player_choice":"Lose Max HP","floor":4.0,"gold_loss":0.0,"damage_taken":0.0,"relics_obtained":["Golden Idol"]},{"damage_healed":0.0,"max_hp_gain":0.0,"max_hp_loss":0.0,"gold_gain":50.0,"event_name":"Nest","player_choice":"Stole From Cult","floor":19.0,"gold_loss":0.0,"damage_taken":0.0},{"cards_removed":["Strike_B"],"damage_healed":0.0,"max_hp_gain":0.0,"max_hp_loss":0.0,"gold_gain":0.0,"event_name":"Designer","player_choice":"Upgrade and Remove","floor":21.0,"gold_loss":110.0,"damage_taken":0.0,"cards_upgraded":["Glacier"]}],"is_beta":false,"boss_relics":[{"not_picked":["Busted Crown","Fusion Hammer"],"picked":"energizedSpire:StickyHand"}],"items_purged_floors":[14],"is_endless":false,"potions_floor_spawned":[1,11,12,25],"killed_by":"Automaton","ascension_level":20}}