{"host":"fxrgx7wt2cpkbhka","time":1610166512,"event":{"mods":["AchievementEnabler","BaseMod","Colored Powertips","Minty Spire (QoL Compilation)","Permanent Neow","Slay-I","StSLib","Waifu the Spire"],"gold_per_floor":[118,118,118,46,64,96,112,112,112,124,299,299,354,371,371,447,447,461,461,471,482,24,24,24],"floor_reached":23,"playtime":631,"items_purged":["Doubt"],"score":315,"play_id":"1bbf8653-2b2d-4c60-bdff-3da848318131","local_time":"20210108202832","is_ascension_mode":true,"campfire_choices":[{"data":"Go for the Eyes","floor":8,"key":"SMITH"},{"data":"Zap","floor":12,"key":"SMITH"},{"data":"Static Discharge","floor":15,"key":"SMITH"}],"circlet_count":0,"master_deck":["AscendersBane","Strike_B","Strike_B","Strike_B","Defend_B","Defend_B","Defend_B","Defend_B","Zap+1","Dualcast+1","Ball Lightning","Static Discharge+1","Go for the Eyes+1","Core Surge","Static Discharge+1","Conserve Battery","Conserve Battery","Leap","Defragment","Glacier","Capacitor"],"relics":["Cracked Core","Lantern","Cables","Shuriken","Happy Flower","Sozu","MealTicket","Akabeko"],"acts_visited":["Exordium","TheCity"],"potions_floor_usage":[],"damage_taken":[{"damage":0,"enemies":"2 Louse","floor":1,"turns":4},{"damage":4,"enemies":"Jaw Worm","floor":5,"turns":2},{"damage":15,"enemies":"Lagavulin","floor":6,"turns":6},{"damage":0,"enemies":"Cultist","floor":7,"turns":2},{"damage":10,"enemies":"Large Slime","floor":10,"turns":4},{"damage":13,"enemies":"Exordium Wildlife","floor":14,"turns":4},{"damage":12,"enemies":"Hexaghost","floor":16,"turns":9},{"damage":19,"enemies":"Spheric Guardian","floor":18,"turns":3},{"damage":5,"enemies":"Shell Parasite","floor":20,"turns":5},{"damage":26,"enemies":"Shelled Parasite and Fungi","floor":21,"turns":3},{"damage":16,"enemies":"Book of Stabbing","floor":23,"turns":3}],"seed_played":"-4992329637736126981","potions_obtained":[{"floor":6,"key":"FocusPotion"},{"floor":10,"key":"BlessingOfTheForge"}],"is_trial":false,"path_per_floor":["M","?","?","$","M","E","M","R","T","M","?","R","T","M","R","B",null,"M","?","M","M","$","E"],"character_chosen":"DEFECT","items_purchased":["Static Discharge","MealTicket","Akabeko","Capacitor"],"campfire_rested":0,"item_purchase_floors":[4,22,22,22],"current_hp_per_floor":[68,68,68,68,64,49,49,49,49,39,39,39,39,26,26,14,60,41,41,36,10,10,0,0],"gold":24,"neow_bonus":"RANDOM_COMMON_RELIC","is_daily":false,"chose_seed":false,"campfire_upgraded":3,"win_rate":0.0,"timestamp":1610166512,"path_taken":["M","?","?","$","?","E","M","R","T","M","?","R","?","M","R","BOSS","M","?","?","M","$","E"],"items_purchased_type":["Card","Relic","Relic","Card"],"build_version":"2020-12-22","purchased_purges":1,"victory":false,"max_hp_per_floor":[75,75,75,75,75,75,75,75,75,75,75,75,75,75,75,75,75,75,75,75,75,75,75,75],"card_choices":[{"not_picked":["Redo","Beam Cell"],"picked":"Ball Lightning","floor":1},{"not_picked":["Streamline","Gash"],"picked":"Go for the Eyes","floor":5},{"not_picked":["Turbo","Sweeping Beam"],"picked":"Core Surge","floor":6},{"not_picked":["Redo","Stack"],"picked":"Static Discharge","floor":7},{"not_picked":["Go for the Eyes","Hologram"],"picked":"Conserve Battery","floor":10},{"not_picked":["Hologram","Barrage"],"picked":"Conserve Battery","floor":14},{"not_picked":["Stack","Streamline"],"picked":"Leap","floor":18},{"not_picked":["Undo","Go for the Eyes"],"picked":"Defragment","floor":20},{"not_picked":["Rebound","Gash"],"picked":"Glacier","floor":21}],"player_experience":692660,"relics_obtained":[{"floor":6,"key":"Cables"},{"floor":9,"key":"Shuriken"},{"floor":13,"key":"Happy Flower"}],"event_choices":[{"damage_healed":0,"gold_gain":0,"player_choice":"Grow","damage_taken":0,"max_hp_gain":0,"max_hp_loss":0,"event_name":"Living Wall","floor":2,"gold_loss":0,"cards_upgraded":["Dualcast"]},{"cards_removed":["Strike_B"],"damage_healed":0,"gold_gain":0,"player_choice":"Offered Basic","damage_taken":0,"max_hp_gain":0,"max_hp_loss":0,"event_name":"Bonfire Elementals","floor":3,"gold_loss":0},{"damage_healed":0,"gold_gain":175,"player_choice":"AGREE","damage_taken":0,"max_hp_gain":0,"max_hp_loss":0,"event_name":"Liars Game","floor":11,"gold_loss":0,"cards_obtained":["Doubt"]},{"damage_healed":0,"gold_gain":0,"player_choice":"Upgraded","damage_taken":0,"max_hp_gain":0,"max_hp_loss":0,"event_name":"Upgrade Shrine","floor":19,"gold_loss":0,"cards_upgraded":["Static Discharge"]}],"is_beta":false,"boss_relics":[{"not_picked":["Fusion Hammer","SacredBark"],"picked":"Sozu"}],"items_purged_floors":[22],"is_endless":false,"potions_floor_spawned":[6,10,14,18],"killed_by":"Book of Stabbing","ascension_level":13}}