{"host":"m5bsg12zcyqnofur","time":1610180107,"event":{"mods":["BaseMod","BetterRewards","Colored Powertips","Downfall","Highlight Path","Minty Spire (QoL Compilation)","Quick Restart","Replay The Spire","Shop Mod","StSLib"],"gold_per_floor":[109,123,73,83,96,127,127,156,156,182,182,57,88,88,88,193,243,254,264,299,299,314,341,341,668,692,702,702,427,442,622,622,717,717,731,424,424,424,470,490,490,490,490],"floor_reached":42,"playtime":4181,"items_purged":["Strike_R","Strike_R","Strike_R","Defend_R"],"score":929,"play_id":"878fa89d-eabc-4310-88e3-3f81afa98c5b","local_time":"20210109021507","is_ascension_mode":true,"campfire_choices":[{"data":"Demonic Infusion","floor":7,"key":"SMITH"},{"data":"Metallicize","floor":11,"key":"SMITH"},{"data":"Body Slam","floor":15,"key":"SMITH"},{"data":"Body Slam","floor":24,"key":"SMITH"},{"data":"Juggernaut","floor":28,"key":"SMITH"},{"data":"Strike_R","floor":32,"key":"PURGE"}],"circlet_count":0,"master_deck":["Defend_R","Defend_R+1","Defend_R","Bash+1","Demonic Infusion+1","Metallicize+1","Ghostly Armor","Iron Wave","Body Slam+1","Flame Barrier+1","Demonic Infusion","Body Slam+1","Juggernaut+1","Double Tap","Juggernaut","ReplayTheSpireMod:Stacked+1"],"relics":["Burning Blood","Regal Pillow","Vajra","Mango","Mercury Hourglass","Tiny House","Magic Flower","Another Sword","Old Coin","Replay:Wax Seal","PreservedInsect","Runic Pyramid","Art of War","Bird Faced Urn"],"acts_visited":["Exordium","TheCity","TheBeyond"],"potions_floor_usage":[8,8,8,10,33,33,33],"damage_taken":[{"damage":0,"enemies":"Small Slimes","floor":1,"turns":3},{"damage":0,"enemies":"Jaw Worm","floor":2,"turns":7},{"damage":6,"enemies":"Cultist","floor":4,"turns":4},{"damage":6,"enemies":"3 Louse","floor":5,"turns":4},{"damage":0,"enemies":"Replay:BlueRogue","floor":6,"turns":8},{"damage":13,"enemies":"Gremlin Nob","floor":8,"turns":5},{"damage":14,"enemies":"Lagavulin","floor":10,"turns":9},{"damage":12,"enemies":"Gremlin Nob","floor":13,"turns":5},{"damage":4,"enemies":"The Guardian","floor":16,"turns":12},{"damage":10,"enemies":"Spheric Guardian","floor":18,"turns":9},{"damage":4,"enemies":"Shell Parasite","floor":19,"turns":6},{"damage":12,"enemies":"Chosen and Byrds","floor":22,"turns":7},{"damage":22,"enemies":"Replay:Snechameleon","floor":23,"turns":8},{"damage":2,"enemies":"Book of Stabbing","floor":25,"turns":8},{"damage":21,"enemies":"3 Cultists","floor":27,"turns":6},{"damage":26,"enemies":"Snake Plant","floor":30,"turns":5},{"damage":34,"enemies":"Pondfish","floor":33,"turns":11},{"damage":14,"enemies":"3 Darklings","floor":35,"turns":4},{"damage":85,"enemies":"2 Orb Walkers","floor":39,"turns":5},{"damage":2,"enemies":"Orb Walker","floor":40,"turns":5},{"damage":35,"enemies":"Reptomancer","floor":42,"turns":2}],"seed_played":"6885029918207648411","potions_obtained":[{"floor":1,"key":"SteroidPotion"},{"floor":4,"key":"Strength Potion"},{"floor":6,"key":"Flashbang"},{"floor":8,"key":"Strength Potion"},{"floor":16,"key":"AttackPotion"},{"floor":17,"key":"FearPotion"},{"floor":18,"key":"Toxic Potion"},{"floor":22,"key":"Dexterity Potion"},{"floor":30,"key":"SpeedPotion"}],"is_trial":false,"path_per_floor":["M","M","?","M","M","E","R","E","T","E","R","$","E","?","R","B",null,"M","M","?","?","M","E","R","E","T","M","R","$","M","?","R","B",null,"M","$","PTL","PTL","?","M","?","E"],"character_chosen":"IRONCLAD","items_purchased":["Demonic Infusion","Body Slam","PreservedInsect","Art of War"],"campfire_rested":0,"item_purchase_floors":[0,12,29,36],"current_hp_per_floor":[80,80,80,80,80,80,80,73,73,79,79,79,73,54,54,56,99,95,97,97,97,94,81,81,88,88,76,76,76,59,40,40,15,99,94,94,94,94,18,28,28,0,0],"gold":490,"neow_bonus":"","is_daily":false,"chose_seed":false,"campfire_upgraded":5,"win_rate":0.0,"timestamp":1610180107,"path_taken":["M","M","?","M","M","E","R","E","T","E","R","$","E","?","R","BOSS","M","M","?","?","M","E","R","E","T","M","R","$","M","?","R","BOSS","M","?","PTL","PTL","?","M","?","E"],"items_purchased_type":["Card","Card","Relic","Relic"],"build_version":"2020-12-22","purchased_purges":4,"victory":false,"max_hp_per_floor":[80,80,80,80,80,80,80,80,80,94,94,94,94,94,94,94,99,99,99,99,99,99,99,99,99,99,99,99,99,99,99,99,99,99,99,99,99,99,99,99,99,99,99],"card_choices":[{"not_picked":["Whirlwind","Wild Strike"],"picked":"Metallicize","floor":1},{"not_picked":["Clothesline","ReplayTheSpireMod:Strike From Hell"],"picked":"Ghostly Armor","floor":2},{"not_picked":["Twin Strike","ReplayTheSpireMod:Muscle Training"],"picked":"Iron Wave","floor":4},{"not_picked":["Massacre","Replay:Undeath\u0027s Touch","Perfected Strike"],"picked":"SKIP","floor":5},{"not_picked":["Disarm","Clothesline","Sword Boomerang"],"picked":"SKIP","floor":6},{"not_picked":["Clash","Bludgeon","Anger"],"picked":"SKIP","floor":8},{"not_picked":["Perfected Strike","Wild Strike","Armaments"],"picked":"SKIP","floor":10},{"not_picked":["Heavy Blade","Pommel Strike"],"picked":"Flame Barrier","floor":13},{"not_picked":["Corruption","Replay:Many Hands"],"picked":"Demonic Infusion","floor":16},{"not_picked":["Wild Strike","Flex"],"picked":"Body Slam","floor":17},{"not_picked":["Sword Boomerang","Perfected Strike"],"picked":"Juggernaut","floor":18},{"not_picked":["Warcry+1","ReplayTheSpireMod:Limb From Limb","Uppercut+1"],"picked":"SKIP","floor":19},{"not_picked":["Warcry+1","Pommel Strike","Carnage"],"picked":"SKIP","floor":22},{"not_picked":["Flame Barrier","Sword Boomerang"],"picked":"Double Tap","floor":23},{"not_picked":["Headbutt+1","Thunderclap","ReplayTheSpireMod:Strike From Hell+1"],"picked":"SKIP","floor":25},{"not_picked":["Carnage","Spot Weakness","Pummel"],"picked":"SKIP","floor":27},{"not_picked":["Thunderclap+1","Inflame","True Grit"],"picked":"SKIP","floor":30},{"not_picked":["Demonic Infusion","Reaper"],"picked":"Juggernaut","floor":33},{"not_picked":["Armaments","Disarm+1","Headbutt+1"],"picked":"SKIP","floor":35},{"not_picked":["Iron Wave","Shrug It Off"],"picked":"ReplayTheSpireMod:Stacked+1","floor":40}],"player_experience":107732,"relics_obtained":[{"floor":6,"key":"Regal Pillow"},{"floor":8,"key":"Vajra"},{"floor":10,"key":"Mango"},{"floor":13,"key":"Mercury Hourglass"},{"floor":20,"key":"Magic Flower"},{"floor":23,"key":"Another Sword"},{"floor":25,"key":"Old Coin"},{"floor":26,"key":"Replay:Wax Seal"},{"floor":39,"key":"Bird Faced Urn"}],"event_choices":[{"cards_removed":["Strike_R"],"damage_healed":0,"gold_gain":0,"player_choice":"Card Removal","damage_taken":0,"max_hp_gain":0,"max_hp_loss":0,"event_name":"The Cleric","floor":3,"gold_loss":50},{"damage_healed":0,"gold_gain":0,"player_choice":"Entered Light","damage_taken":19,"max_hp_gain":0,"max_hp_loss":0,"event_name":"Shining Light","floor":14,"gold_loss":0,"cards_upgraded":["Bash","Flame Barrier"]},{"damage_healed":0,"gold_gain":0,"player_choice":"Ignored","damage_taken":0,"max_hp_gain":0,"max_hp_loss":0,"event_name":"Ghosts","floor":21,"gold_loss":0},{"damage_healed":0,"gold_gain":180,"player_choice":"GOLD GOLD ","damage_taken":19,"max_hp_gain":0,"max_hp_loss":0,"event_name":"Knowing Skull","floor":31,"potions_obtained":[],"gold_loss":0,"cards_obtained":[]},{"damage_healed":0,"gold_gain":0,"player_choice":"Fight","damage_taken":0,"max_hp_gain":0,"max_hp_loss":0,"event_name":"Mysterious Sphere","floor":39,"gold_loss":0},{"damage_healed":0,"gold_gain":0,"player_choice":"Ignored","damage_taken":0,"max_hp_gain":0,"max_hp_loss":0,"event_name":"Tomb of Lord Red Mask","floor":41,"gold_loss":0}],"is_beta":false,"boss_relics":[{"not_picked":["SacredBark","ChewingGum"],"picked":"Tiny House"},{"not_picked":["Snecko Eye","Replay:Ancient Bell"],"picked":"Runic Pyramid"}],"items_purged_floors":[0,12,29,36],"is_endless":false,"potions_floor_spawned":[1,4,6,8,16,18,22,30],"killed_by":"Reptomancer","ascension_level":1}}