{"host":"l60rmjjsfi0fipmi","time":1610208227,"event":{"mods":["BaseMod","Colored Map","DeckTracker","Highlight Path","Minty Spire (QoL Compilation)"],"gold_per_floor":[110,125,140,155,16,16,46,58,58,75,0,25,36,55,55,154,154,170,170,20,39,39,39,59,59,84,118,118,149,57,157,157,254,254,285,304,155,155,0,0,0,0,23,39,73,73,90,107,107,107],"floor_reached":51,"playtime":4966,"items_purged":["Strike_P"],"score":736,"play_id":"ac65f194-d64f-400f-8f7a-79f015376127","local_time":"20210109110347","is_ascension_mode":true,"campfire_choices":[{"floor":6,"key":"REST"},{"floor":15,"key":"REST"},{"data":"Vault","floor":23,"key":"SMITH"},{"data":"BattleHymn","floor":25,"key":"SMITH"},{"floor":28,"key":"REST"},{"floor":32,"key":"REST"},{"data":"DevaForm","floor":40,"key":"SMITH"},{"data":"MasterReality","floor":42,"key":"SMITH"},{"floor":49,"key":"REST"}],"circlet_count":0,"master_deck":["Eruption","Vigilance","Prostrate","BattleHymn+1","Halt","MasterReality+1","Consecrate","Tantrum","Wallop","EmptyBody","SashWhip","Pray","DeceiveReality","FlurryOfBlows","Vault+1","WaveOfTheHand","Scrawl","ForeignInfluence","Swivel","JustLucky","Halt","EmptyFist+1","LikeWater","Wallop+1","Forethought","DevaForm+1","TalkToTheHand+1"],"relics":["PureWater","Toy Ornithopter","Mummified Hand","Singing Bowl","Pandora\u0027s Box","Centennial Puzzle","PreservedInsect","Shuriken","Sundial","Ice Cream","Question Card","Runic Pyramid","Akabeko","Red Mask","Strawberry","Damaru"],"acts_visited":["Exordium","TheCity","TheBeyond"],"potions_floor_usage":[8,12,14,14,24],"damage_taken":[{"damage":13,"enemies":"Cultist","floor":1,"turns":8},{"damage":20,"enemies":"Small Slimes","floor":2,"turns":3},{"damage":0,"enemies":"Jaw Worm","floor":3,"turns":5},{"damage":2,"enemies":"2 Fungi Beasts","floor":4,"turns":4},{"damage":19,"enemies":"Gremlin Nob","floor":7,"turns":4},{"damage":1,"enemies":"Large Slime","floor":8,"turns":5},{"damage":0,"enemies":"3 Louse","floor":10,"turns":2},{"damage":12,"enemies":"Lagavulin","floor":12,"turns":6},{"damage":0,"enemies":"2 Fungi Beasts","floor":13,"turns":4},{"damage":6,"enemies":"Gremlin Gang","floor":14,"turns":5},{"damage":8,"enemies":"Hexaghost","floor":16,"turns":8},{"damage":0,"enemies":"Chosen","floor":18,"turns":3},{"damage":13,"enemies":"3 Byrds","floor":21,"turns":5},{"damage":17,"enemies":"Cultist and Chosen","floor":24,"turns":5},{"damage":28,"enemies":"Gremlin Leader","floor":27,"turns":8},{"damage":3,"enemies":"Book of Stabbing","floor":29,"turns":3},{"damage":0,"enemies":"Colosseum Slavers","floor":31,"turns":4},{"damage":15,"enemies":"Colosseum Nobs","floor":31,"turns":3},{"damage":15,"enemies":"Champ","floor":33,"turns":8},{"damage":12,"enemies":"3 Shapes","floor":35,"turns":4},{"damage":1,"enemies":"Orb Walker","floor":36,"turns":5},{"damage":0,"enemies":"Maw","floor":44,"turns":6},{"damage":28,"enemies":"Reptomancer","floor":45,"turns":5},{"damage":35,"enemies":"Sphere and 2 Shapes","floor":47,"turns":6},{"damage":0,"enemies":"Jaw Worm Horde","floor":48,"turns":3},{"damage":10,"enemies":"Donu and Deca","floor":50,"turns":8}],"seed_played":"-3436112136983558143","potions_obtained":[{"floor":1,"key":"Energy Potion"},{"floor":4,"key":"Strength Potion"},{"floor":7,"key":"Fire Potion"},{"floor":8,"key":"StancePotion"},{"floor":12,"key":"Fire Potion"},{"floor":18,"key":"GamblersBrew"},{"floor":27,"key":"Swift Potion"},{"floor":29,"key":"Explosive Potion"},{"floor":33,"key":"Energy Potion"},{"floor":48,"key":"SteroidPotion"}],"is_trial":false,"path_per_floor":["M","M","M","M","$","R","E","M","T","M","$","E","M","M","R","B",null,"M","?","$","M","?","R","M","R","T","E","R","E","$","?","R","B",null,"M","M","$","?","?","R","?","R","T","M","E","$","M","M","R","B",null],"character_chosen":"WATCHER","items_purchased":["Tantrum","Wallop","Centennial Puzzle","Forethought","Akabeko"],"campfire_rested":5,"item_purchase_floors":[5,5,20,30,37],"current_hp_per_floor":[59,39,39,37,37,58,39,43,43,43,43,38,38,42,64,56,74,74,74,74,63,63,63,51,51,51,25,48,47,47,34,58,43,82,72,71,71,71,71,71,71,71,78,80,54,54,21,23,51,41],"gold":107,"neow_bonus":"THREE_CARDS","is_daily":false,"chose_seed":false,"campfire_upgraded":4,"win_rate":0.0,"timestamp":1610208227,"path_taken":["M","M","M","M","?","R","E","M","T","M","?","E","M","M","R","BOSS","M","?","$","M","?","R","M","R","T","E","R","E","$","?","R","BOSS","M","M","$","?","?","R","?","R","T","?","E","$","M","M","R","BOSS"],"items_purchased_type":["Card","Card","Relic","Card","Relic"],"build_version":"2020-12-22","purchased_purges":1,"victory":true,"max_hp_per_floor":[72,72,72,72,72,72,72,72,72,72,72,74,74,74,74,74,74,74,74,74,76,76,76,76,76,76,78,78,80,80,82,82,82,82,84,84,84,80,80,80,80,80,87,89,91,91,93,95,95,95],"card_choices":[{"not_picked":["FlyingSleeves","ClearTheMind"],"picked":"Prostrate","floor":0},{"not_picked":["Meditate","CutThroughFate"],"picked":"BattleHymn","floor":1},{"not_picked":["ClearTheMind","Evaluate"],"picked":"Halt","floor":2},{"not_picked":["ClearTheMind","ThirdEye"],"picked":"MasterReality","floor":3},{"not_picked":["WaveOfTheHand","FollowUp"],"picked":"Consecrate","floor":4},{"not_picked":["WindmillStrike","Swivel"],"picked":"EmptyBody","floor":7},{"not_picked":["Evaluate","JustLucky"],"picked":"SashWhip","floor":8},{"not_picked":["Consecrate","SashWhip"],"picked":"Pray","floor":10},{"not_picked":["Weave","Tantrum","FlyingSleeves"],"picked":"Singing Bowl","floor":12},{"not_picked":["InnerPeace","Protect"],"picked":"DeceiveReality","floor":13},{"not_picked":["JustLucky","TalkToTheHand"],"picked":"FlurryOfBlows","floor":14},{"not_picked":["Devotion","Judgement"],"picked":"Vault","floor":16},{"not_picked":["Pray","EmptyMind"],"picked":"EmptyFist+1","floor":18},{"not_picked":["Consecrate+1","FlyingSleeves","Study"],"picked":"Singing Bowl","floor":21},{"not_picked":["Prostrate+1","Weave+1"],"picked":"Wallop+1","floor":24},{"not_picked":["Prostrate","SignatureMove+1","WreathOfFlame"],"picked":"Singing Bowl","floor":27},{"not_picked":["SashWhip","Prostrate+1","PathToVictory"],"picked":"Singing Bowl","floor":29},{"not_picked":["LikeWater","JustLucky","Protect"],"picked":"Singing Bowl","floor":31},{"not_picked":["Omniscience","MasterReality","Blasphemy"],"picked":"DevaForm","floor":33},{"not_picked":["FlyingSleeves+1","Vengeance","CrushJoints+1","Crescendo"],"picked":"Singing Bowl","floor":35},{"not_picked":["Evaluate","Study+1","ThirdEye"],"picked":"TalkToTheHand+1","floor":36},{"not_picked":["ThirdEye+1","Collect+1","Alpha","EmptyFist"],"picked":"Singing Bowl","floor":44},{"not_picked":["TalkToTheHand+1","EmptyBody","WheelKick+1","Worship+1"],"picked":"Singing Bowl","floor":45},{"not_picked":["EmptyBody+1","CarveReality+1","CutThroughFate","FollowUp"],"picked":"Singing Bowl","floor":47},{"not_picked":["InnerPeace+1","ReachHeaven","Halt","Worship"],"picked":"Singing Bowl","floor":48}],"player_experience":293196,"relics_obtained":[{"floor":7,"key":"Toy Ornithopter"},{"floor":9,"key":"Mummified Hand"},{"floor":12,"key":"Singing Bowl"},{"floor":26,"key":"PreservedInsect"},{"floor":27,"key":"Shuriken"},{"floor":29,"key":"Sundial"},{"floor":31,"key":"Ice Cream"},{"floor":31,"key":"Question Card"},{"floor":43,"key":"Strawberry"},{"floor":45,"key":"Damaru"}],"event_choices":[{"cards_removed":["BattleHymn"],"damage_healed":0,"gold_gain":0,"player_choice":"Elegance","damage_taken":0,"max_hp_gain":0,"max_hp_loss":0,"event_name":"Back to Basics","floor":19,"gold_loss":0},{"damage_healed":0,"gold_gain":0,"player_choice":"Read","damage_taken":0,"max_hp_gain":0,"max_hp_loss":0,"event_name":"The Library","floor":22,"gold_loss":0,"cards_obtained":["LikeWater"]},{"damage_healed":0,"gold_gain":0,"player_choice":"Fight","damage_taken":0,"max_hp_gain":0,"max_hp_loss":0,"event_name":"Colosseum","floor":31,"gold_loss":0},{"damage_healed":0,"gold_gain":0,"player_choice":"Fought Nobs","damage_taken":0,"max_hp_gain":0,"max_hp_loss":0,"event_name":"Colosseum","floor":31,"gold_loss":0},{"damage_healed":0,"gold_gain":0,"player_choice":"Max HP","damage_taken":0,"max_hp_gain":0,"max_hp_loss":4,"event_name":"Winding Halls","floor":38,"gold_loss":0},{"damage_healed":0,"gold_gain":0,"player_choice":"Paid","damage_taken":0,"relics_obtained":["Red Mask"],"max_hp_gain":0,"max_hp_loss":0,"event_name":"Tomb of Lord Red Mask","floor":39,"gold_loss":155},{"damage_healed":0,"gold_gain":0,"player_choice":"Ignored","damage_taken":0,"max_hp_gain":0,"max_hp_loss":0,"event_name":"Purifier","floor":41,"gold_loss":0}],"is_beta":false,"boss_relics":[{"not_picked":["Busted Crown","Philosopher\u0027s Stone"],"picked":"Pandora\u0027s Box"},{"not_picked":["SacredBark","Velvet Choker"],"picked":"Runic Pyramid"}],"items_purged_floors":[11],"is_endless":false,"potions_floor_spawned":[1,4,7,8,12,13,18,27,29,33,35,47,48],"ascension_level":1}}