{"host":"oigynbtg272c19pw","time":1610181259,"event":{"mods":["BaseMod","Colored Map","Minty Spire (QoL Compilation)","Relic Stats","StSLib"],"gold_per_floor":[118,138,22,22,39,39,53,53,53],"floor_reached":8,"playtime":372,"items_purged":["Strike_R"],"score":96,"play_id":"d201e0d9-d46d-4752-b478-401ae7b6697a","local_time":"20210109093419","is_ascension_mode":true,"campfire_choices":[{"data":"True Grit","floor":6.0,"key":"SMITH"}],"circlet_count":0,"master_deck":["AscendersBane","Strike_R","Strike_R","Strike_R","Strike_R","Defend_R+1","Defend_R","Defend_R","Defend_R","Bash","Violence+1","Thunderclap","Intimidate","Blood for Blood","True Grit+1","Flex"],"relics":["Burning Blood"],"acts_visited":["Exordium"],"potions_floor_usage":[8],"damage_taken":[{"damage":4.0,"enemies":"Jaw Worm","floor":1.0,"turns":5.0},{"damage":4.0,"enemies":"Small Slimes","floor":2.0,"turns":3.0},{"damage":9.0,"enemies":"Cultist","floor":5.0,"turns":4.0},{"damage":19.0,"enemies":"Lots of Slimes","floor":7.0,"turns":5.0},{"damage":19,"enemies":"3 Sentries","floor":8,"turns":5}],"seed_played":"7474542540973832920","potions_obtained":[{"floor":5.0,"key":"Dexterity Potion"}],"is_trial":false,"path_per_floor":["M","M","$","?","M","R","M","E"],"character_chosen":"IRONCLAD","items_purchased":["Blood for Blood"],"campfire_rested":0,"item_purchase_floors":[3],"current_hp_per_floor":[52,54,54,31,28,28,15,0,0],"gold":53,"neow_bonus":"RANDOM_COLORLESS_2","is_daily":false,"chose_seed":false,"campfire_upgraded":1,"win_rate":0.0,"timestamp":1610181259,"path_taken":["M","M","$","?","M","R","M","E"],"items_purchased_type":["Card"],"build_version":"2020-12-13","purchased_purges":1,"victory":false,"max_hp_per_floor":[75,75,75,75,75,75,75,75,75],"relic_stats":{"counters":[5,22],"obtain_stats":[{"Burning Blood":0},{"Burning Blood":0},{"Burning Blood":0}],"Burning Blood":24},"card_choices":[{"not_picked":["Mayhem","Secret Weapon"],"picked":"Violence","floor":0.0},{"not_picked":["Cleave","Second Wind"],"picked":"Thunderclap","floor":1.0},{"not_picked":["Fire Breathing","Sword Boomerang"],"picked":"Intimidate","floor":2.0},{"not_picked":["Armaments","Anger"],"picked":"True Grit","floor":5.0},{"not_picked":["Evolve","Twin Strike"],"picked":"Flex","floor":7.0}],"player_experience":1351536,"relics_obtained":[],"event_choices":[{"damage_healed":0.0,"max_hp_gain":0.0,"max_hp_loss":0.0,"gold_gain":0.0,"event_name":"Shining Light","player_choice":"Entered Light","floor":4.0,"gold_loss":0.0,"damage_taken":23.0,"cards_upgraded":["Violence","Defend_R"]}],"is_beta":false,"boss_relics":[],"items_purged_floors":[3],"is_endless":false,"potions_floor_spawned":[5],"killed_by":"3 Sentries","ascension_level":20}}