{"host":"ct28ocsd8g8yr2ah","time":1610200605,"event":{"mods":["BaseMod","Better Third Choice","Hero for Fun","Lobotomy","LobotomyExtend","Mimic Mod","Minty Spire (QoL Compilation)","Replay The Spire","StSLib","Waifu the Spire","egg"],"gold_per_floor":[116,116,116,34,46,46,78,78,78,97,123,123,48,65,98,113,113,217,217,227,277,277,30,41,69,69,84,108,108,127,127,127],"floor_reached":31,"playtime":4452,"items_purged":["Parasite","Doubt"],"score":391,"play_id":"5e3ea6de-3fbc-453f-b05b-f958867fd341","local_time":"20210109185645","is_ascension_mode":true,"campfire_choices":[{"data":"Eruption","floor":6,"key":"SMITH"},{"floor":26,"key":"REST"}],"circlet_count":0,"master_deck":["QueenOfHatred","Strike_P+1","Strike_P+1","Strike_P+1","Strike_P+1","Defend_P+1","Defend_P+1","Defend_P+1","Defend_P+1","Eruption+1","Vigilance","CutThroughFate","CherryBlossoms","Enlightenment","FlurryOfBlows","FairyFestival","InnerPeace","FollowUp+1","EmptyFist","Murderer","Tantrum","ForeignInfluence","BlueStar","ConjureBlade","Consecrate","FlurryOfBlows","VoidDream","Prepared+1","Replay:Vibes","Wellcheers"],"relics":["PureWater","CogitoBucket","LetterFromLob","Bronze Scales","MealTicket","Kunai","HellTrain","Replay:Ancient Bell","Omamori","Onion Ring","Replay:Arrowhead","Replay:Bottled Flurry","PrismaticShard","InTheNameOfLoveAndHate_r","Shuriken","Happy Flower","Iron Hammer"],"acts_visited":["Exordium","TheCity"],"potions_floor_usage":[16,21,25,25,25,31],"damage_taken":[{"damage":4,"enemies":"Jaw Worm","floor":1,"turns":3},{"damage":0,"enemies":"Cultist","floor":5,"turns":3},{"damage":7,"enemies":"Gremlin Nob","floor":7,"turns":4},{"damage":33,"enemies":"2 Louse","floor":10,"turns":3},{"damage":24,"enemies":"Large Slime","floor":14,"turns":4},{"damage":12,"enemies":"3 Sentries","floor":15,"turns":4},{"damage":20,"enemies":"Blue Slaver","floor":16,"turns":1},{"damage":0,"enemies":"Slime Boss","floor":18,"turns":4},{"damage":7,"enemies":"3 Byrds","floor":20,"turns":3},{"damage":3,"enemies":"Chosen","floor":24,"turns":3},{"damage":36,"enemies":"Gremlin Leader","floor":25,"turns":4},{"damage":54,"enemies":"Centurion and Healer","floor":27,"turns":4},{"damage":0,"enemies":"Snecko","floor":30,"turns":2},{"damage":8,"enemies":"Snake Plant","floor":31,"turns":2}],"seed_played":"-3631411935661762074","potions_obtained":[{"floor":1,"key":"Explosive Potion"},{"floor":10,"key":"BlessingOfTheForge"},{"floor":16,"key":"AttackPotion"},{"floor":21,"key":"Fruit Juice"},{"floor":24,"key":"GamblersBrew"},{"floor":30,"key":"DistilledChaos"}],"is_trial":false,"path_per_floor":["M","?","?","$","M","R","E","PTL","PTL","M","T","?","$","M","E","M","R","B",null,"M","?","?","$","M","E","R","M","T","T","M","M"],"character_chosen":"WATCHER","items_purchased":["Enlightenment","PrismaticShard"],"campfire_rested":1,"item_purchase_floors":[4,23],"current_hp_per_floor":[68,72,77,77,77,77,70,70,70,45,45,64,74,56,47,33,55,61,71,72,59,59,74,71,35,58,4,4,4,4,0,0],"gold":127,"neow_bonus":"","is_daily":false,"chose_seed":false,"campfire_upgraded":1,"win_rate":0.0,"timestamp":1610200605,"path_taken":["M","?","?","$","M","R","E","PTL","PTL","M","T","?","?","?","E","M","R","BOSS","M","?","?","?","?","E","R","M","T","?","M","M"],"items_purchased_type":["Card","Relic"],"build_version":"2020-12-22","purchased_purges":2,"victory":false,"max_hp_per_floor":[72,72,77,77,77,77,77,77,77,77,77,77,74,74,74,74,74,74,74,74,79,79,79,79,79,79,79,79,79,79,79,79],"card_choices":[{"not_picked":["JustLucky","Crescendo"],"picked":"CutThroughFate","floor":1},{"not_picked":["VoidDream","NakedNest"],"picked":"CherryBlossoms","floor":1},{"not_picked":["MentalFortress","SashWhip"],"picked":"FlurryOfBlows","floor":5},{"not_picked":["Yin","Murderer"],"picked":"QueenOfHatred","floor":5},{"not_picked":["MHz","CrumblingArmor"],"picked":"FairyFestival","floor":7},{"not_picked":["BowlingBash","ClearTheMind"],"picked":"InnerPeace","floor":7},{"not_picked":["FearNoEvil","ClearTheMind"],"picked":"FollowUp","floor":10},{"not_picked":["Replay:Battleflow","TalkToTheHand"],"picked":"EmptyFist","floor":14},{"not_picked":["MHz","OldLady"],"picked":"Murderer","floor":14},{"not_picked":["WheelKick","PathToVictory"],"picked":"Tantrum","floor":15},{"not_picked":["Consecrate","WheelKick"],"picked":"ForeignInfluence","floor":16},{"not_picked":["MHz","VoidDream"],"picked":"BlueStar","floor":18},{"not_picked":["Scrawl","Vault"],"picked":"ConjureBlade","floor":18},{"not_picked":["Amnesia","Voices"],"picked":"Regret","floor":19},{"not_picked":["Voices","Parasite"],"picked":"ReplayTheSpireMod:Doomed","floor":19},{"not_picked":["Replay:Hysterical Blindness","ReplayTheSpireMod:Faulty Equipment"],"picked":"Doubt","floor":19},{"not_picked":["BowlingBash+1","Fasting2+1"],"picked":"Consecrate","floor":20},{"not_picked":["JustLucky","ThirdEye"],"picked":"FlurryOfBlows","floor":21},{"not_picked":["Regret_ego","Perfected Strike","Finesse"],"picked":"SKIP","floor":24},{"not_picked":["LittlePrince","Scorched"],"picked":"VoidDream","floor":25},{"not_picked":["ClearTheMind+1","CutThroughFate+1"],"picked":"Prepared+1","floor":25},{"not_picked":["Streamline","Secret Technique","Horn+1"],"picked":"SKIP","floor":27},{"not_picked":["Body Slam","Deep Breath+1"],"picked":"Replay:Vibes","floor":30},{"not_picked":["Laetitia","DespairKnight"],"picked":"Wellcheers","floor":30}],"player_experience":436862,"relics_obtained":[{"floor":1,"key":"LetterFromLob"},{"floor":7,"key":"Bronze Scales"},{"floor":11,"key":"MealTicket"},{"floor":15,"key":"Kunai"},{"floor":21,"key":"Replay:Bottled Flurry"},{"floor":25,"key":"Shuriken"},{"floor":28,"key":"Happy Flower"},{"floor":29,"key":"Iron Hammer"}],"event_choices":[{"damage_healed":0,"gold_gain":0,"player_choice":"Donut","damage_taken":0,"max_hp_gain":5,"max_hp_loss":0,"event_name":"Big Fish","floor":3,"gold_loss":0},{"damage_healed":19,"gold_gain":0,"player_choice":"Healed and dodged fight","damage_taken":0,"max_hp_gain":0,"max_hp_loss":0,"event_name":"Mushrooms","floor":12,"gold_loss":0,"cards_obtained":["Parasite"]},{"damage_healed":0,"gold_gain":0,"player_choice":"Simplicity","damage_taken":0,"max_hp_gain":0,"max_hp_loss":8,"event_name":"betterThird:BetterWriting","floor":22,"gold_loss":0}],"is_beta":false,"boss_relics":[{"not_picked":["Astrolabe","Kintsugi"],"picked":"Replay:Ancient Bell"},{"not_picked":["Replay:Rubber Ducky","Blue Doll"],"picked":"Omamori"},{"not_picked":["Garlic","Darkstone Periapt"],"picked":"Onion Ring"},{"not_picked":["Gambling Chip","Replay:PocketPolymizer"],"picked":"Replay:Arrowhead"}],"items_purged_floors":[13,23],"is_endless":false,"potions_floor_spawned":[1,10,16,24,30],"killed_by":"Snake Plant","ascension_level":5}}