{"host":"d61fcf2p3sjwe6yo","time":1610229743,"event":{"mods":["AchievementEnabler","BaseMod","Colored Map","Minty Spire (QoL Compilation)","StSLib","SuperFastMode"],"gold_per_floor":[118,133,152,164,183,215,215,215,215,228,254,271,271,304,304,403,403,422,422,438,449,462,495,495,510,510,541,386,406,437,470,470,470,470],"floor_reached":33,"playtime":1691,"items_purged":["Decay"],"score":505,"play_id":"d63e3759-bafb-4506-ab58-8965266de102","local_time":"20210110010223","is_ascension_mode":true,"campfire_choices":[{"data":"Dualcast","floor":7.0,"key":"SMITH"},{"data":"Undo","floor":13.0,"key":"SMITH"},{"data":"Coolheaded","floor":15.0,"key":"SMITH"},{"data":"Coolheaded","floor":24.0,"key":"SMITH"},{"floor":32.0,"key":"REST"}],"circlet_count":0,"master_deck":["Strike_B","Strike_B","Strike_B","Strike_B","Defend_B","Defend_B","Defend_B","Defend_B","Zap+1","Dualcast+1","Ball Lightning","Undo+1","Glacier","Ball Lightning","Undo+1","Coolheaded+1","Electrodynamics","Coolheaded+1","Loop+1","Reboot","Defragment","Defragment+1"],"relics":["Oddly Smooth Stone","Ornamental Fan","Darkstone Periapt","Cursed Key","Nloth\u0027s Gift","HornCleat","Singing Bowl","Mango","Sundial","Red Mask"],"acts_visited":["Exordium","TheCity"],"potions_floor_usage":[33],"damage_taken":[{"damage":2.0,"enemies":"Jaw Worm","floor":1.0,"turns":3.0},{"damage":0.0,"enemies":"Cultist","floor":2.0,"turns":3.0},{"damage":12.0,"enemies":"Small Slimes","floor":3.0,"turns":2.0},{"damage":1.0,"enemies":"Looter","floor":4.0,"turns":3.0},{"damage":1.0,"enemies":"Large Slime","floor":5.0,"turns":4.0},{"damage":14.0,"enemies":"3 Sentries","floor":6.0,"turns":7.0},{"damage":1.0,"enemies":"Blue Slaver","floor":10.0,"turns":3.0},{"damage":8.0,"enemies":"Lagavulin","floor":11.0,"turns":6.0},{"damage":0.0,"enemies":"3 Louse","floor":12.0,"turns":3.0},{"damage":8.0,"enemies":"3 Sentries","floor":14.0,"turns":6.0},{"damage":4.0,"enemies":"Hexaghost","floor":16.0,"turns":14.0},{"damage":3.0,"enemies":"Chosen","floor":18.0,"turns":5.0},{"damage":7.0,"enemies":"Spheric Guardian","floor":20.0,"turns":4.0},{"damage":2.0,"enemies":"3 Cultists","floor":21.0,"turns":3.0},{"damage":0.0,"enemies":"Centurion and Healer","floor":22.0,"turns":8.0},{"damage":7.0,"enemies":"Gremlin Leader","floor":23.0,"turns":7.0},{"damage":5.0,"enemies":"Sentry and Sphere","floor":25.0,"turns":7.0},{"damage":15.0,"enemies":"Book of Stabbing","floor":27.0,"turns":6.0},{"damage":7.0,"enemies":"Shelled Parasite and Fungi","floor":29.0,"turns":5.0},{"damage":29.0,"enemies":"Slavers","floor":30.0,"turns":5.0},{"damage":1.0,"enemies":"Masked Bandits","floor":31.0,"turns":3.0},{"damage":47,"enemies":"Champ","floor":33,"turns":9}],"seed_played":"5265148766178582686","potions_obtained":[{"floor":1.0,"key":"Fire Potion"},{"floor":6.0,"key":"SpeedPotion"},{"floor":10.0,"key":"Energy Potion"},{"floor":11.0,"key":"LiquidMemories"},{"floor":16.0,"key":"SteroidPotion"},{"floor":27.0,"key":"BlessingOfTheForge"},{"floor":30.0,"key":"Fire Potion"},{"floor":31.0,"key":"FearPotion"}],"is_trial":false,"path_per_floor":["M","M","M","M","M","E","R","?","T","M","E","M","R","E","R","B",null,"M","?","M","M","M","E","R","M","T","E","$","M","E","?","R","B"],"character_chosen":"DEFECT","items_purchased":["Defragment"],"campfire_rested":1,"item_purchase_floors":[28],"current_hp_per_floor":[66,66,54,53,52,38,38,38,38,37,29,29,29,21,21,17,61,58,58,51,49,49,42,42,37,43,44,44,37,10,11,41,0,0],"gold":470,"neow_bonus":"UPGRADE_CARD","is_daily":false,"chose_seed":false,"campfire_upgraded":4,"win_rate":0.0,"timestamp":1610229743,"path_taken":["M","M","M","M","M","E","R","?","T","M","E","?","R","E","R","BOSS","M","?","M","M","M","E","R","?","T","E","$","M","E","?","R","BOSS"],"items_purchased_type":["Card"],"build_version":"2020-12-22","purchased_purges":1,"victory":false,"max_hp_per_floor":[75,75,75,75,75,75,75,75,75,75,75,75,75,75,75,75,75,75,75,75,75,75,75,75,75,81,97,97,97,99,101,101,101,101],"card_choices":[{"not_picked":["Genetic Algorithm","Melter"],"picked":"Ball Lightning","floor":1.0},{"not_picked":["Sweeping Beam","Streamline"],"picked":"Undo","floor":2.0},{"not_picked":["Self Repair","Streamline"],"picked":"Glacier","floor":3.0},{"not_picked":["Rebound","Leap"],"picked":"Ball Lightning","floor":4.0},{"not_picked":["Tempest","Beam Cell","Go for the Eyes"],"picked":"SKIP","floor":5.0},{"not_picked":["Streamline","Blizzard","Barrage"],"picked":"SKIP","floor":6.0},{"not_picked":["Cold Snap","Genetic Algorithm","Static Discharge"],"picked":"SKIP","floor":10.0},{"not_picked":["Barrage","Turbo","Leap"],"picked":"SKIP","floor":11.0},{"not_picked":["Go for the Eyes","Creative AI"],"picked":"Undo","floor":12.0},{"not_picked":["Leap","Steam"],"picked":"Coolheaded","floor":14.0},{"not_picked":["Multi-Cast","Creative AI"],"picked":"Electrodynamics","floor":16.0},{"not_picked":["Steam","Steam Power","Rebound+1"],"picked":"SKIP","floor":18.0},{"not_picked":["Cold Snap","Darkness","Recycle+1"],"picked":"SKIP","floor":20.0},{"not_picked":["Scrape","Conserve Battery"],"picked":"Coolheaded","floor":21.0},{"not_picked":["Conserve Battery","Redo"],"picked":"Loop+1","floor":22.0},{"not_picked":["Machine Learning","Amplify"],"picked":"Reboot","floor":23.0},{"not_picked":["Go for the Eyes","Barrage","FTL"],"picked":"SKIP","floor":25.0},{"not_picked":["Rainbow","Undo","FTL"],"picked":"Singing Bowl","floor":27.0},{"not_picked":["BootSequence","Consume"],"picked":"Defragment+1","floor":29.0},{"not_picked":["Skim","Auto Shields","Reinforced Body"],"picked":"Singing Bowl","floor":30.0},{"not_picked":["Creative AI","Fusion+1","Meteor Strike"],"picked":"Singing Bowl","floor":31.0}],"player_experience":170996,"relics_obtained":[{"floor":6.0,"key":"Oddly Smooth Stone"},{"floor":11.0,"key":"Ornamental Fan"},{"floor":14.0,"key":"Darkstone Periapt"},{"floor":23.0,"key":"HornCleat"},{"floor":26.0,"key":"Singing Bowl"},{"floor":27.0,"key":"Mango"},{"floor":30.0,"key":"Sundial"},{"floor":31.0,"key":"Red Mask"}],"event_choices":[{"damage_healed":0.0,"max_hp_gain":0.0,"max_hp_loss":0.0,"gold_gain":0.0,"event_name":"Upgrade Shrine","player_choice":"Upgraded","floor":8.0,"gold_loss":0.0,"damage_taken":0.0,"cards_upgraded":["Undo"]},{"damage_healed":0.0,"max_hp_gain":0.0,"max_hp_loss":0.0,"gold_gain":0.0,"event_name":"N\u0027loth","player_choice":"Traded Relic","floor":19.0,"relics_lost":["Cracked Core"],"gold_loss":0.0,"damage_taken":0.0,"relics_obtained":["Nloth\u0027s Gift"]},{"damage_healed":0.0,"max_hp_gain":0.0,"max_hp_loss":0.0,"gold_gain":0.0,"event_name":"Masked Bandits","player_choice":"Fought Bandits","floor":31.0,"gold_loss":0.0,"damage_taken":0.0}],"is_beta":false,"boss_relics":[{"not_picked":["Tiny House","Pandora\u0027s Box"],"picked":"Cursed Key"}],"items_purged_floors":[28],"is_endless":false,"potions_floor_spawned":[1,6,10,11,16,20,21,27,30,31],"killed_by":"Champ","ascension_level":9}}