{"host":"s6mlqkqtr3ey2mm2","time":1610231751,"event":{"mods":["2.2 Compatiblity","AchievementEnabler","Aspiration","BaseMod","Beaked The Cultist","Better Note","Better Vampires","BetterRewards","Challenge The Spire","Colored Map","Colored Powertips","Conspire","Curses Come First","Downfall","Emptier Cage","Energized Spire","GifTheSpireLib","GungeonMod","Halation","Hermit","Hubris","Infinite Spire","Ironclad Rager","Magitek Elite","Marked Mod","Minty Spire (QoL Compilation)","Quick Restart","RatMod","Replay The Spire","Retaliation","Robot Space Explorer","Shade Mod","Somnambulant","Spicy Shops","StSLib","Stuff the Spire","The Blue Laboratory","The Druid","The IronCluck","The Necromancer","The Valiant","vexMod"],"gold_per_floor":[116,89,105,139,149,149,149,149,149],"floor_reached":8,"playtime":667,"items_purged":[],"score":46,"play_id":"61ee72cf-09b8-4f31-8f70-9770ffd71807","local_time":"20210109173551","is_ascension_mode":false,"campfire_choices":[{"data":"StuffTheSpire:Resist","floor":6,"key":"SMITH"}],"circlet_count":0,"master_deck":["Bash","ICR:RageStrike","ICR:RageStrike","ICR:RageStrike","ICR:RageStrike","ICR:RageStrike","ICR:ShieldBash","ICR:ShieldBash","ICR:ShieldBash","ICR:ShieldBash","Bloodletting","Flex","DDmod:SpikeInjectionSkill","ReplayTheSpireMod:Stacked","StuffTheSpire:Resist+1"],"relics":["Burning Blood","halation:PromiseList","hubris:TinFlute"],"acts_visited":["Exordium"],"potions_floor_usage":[],"damage_taken":[{"damage":8,"enemies":"conspire:RoseBush","floor":1,"turns":2},{"damage":10,"enemies":"Small Slimes","floor":3,"turns":3},{"damage":36,"enemies":"conspire:MimicChest","floor":4,"turns":5},{"damage":3,"enemies":"Cultist","floor":5,"turns":3},{"damage":53,"enemies":"Lagavulin","floor":8,"turns":6}],"seed_played":"-8918700281391382515","potions_obtained":[{"floor":3,"key":"DemoMod:BlankPotion"},{"floor":5,"key":"sneckomod:MuddlingPotion"}],"is_trial":false,"path_per_floor":["M","$","M","?","M","R","T","E"],"character_chosen":"IRONCLAD","items_purchased":["Flex"],"campfire_rested":0,"item_purchase_floors":[2],"current_hp_per_floor":[78,78,74,44,47,47,47,0,0],"gold":149,"neow_bonus":"IRONCLAD_RAGER","is_daily":false,"chose_seed":false,"campfire_upgraded":1,"win_rate":0.0,"timestamp":1610231751,"path_taken":["M","$","M","?","?","R","?","E"],"items_purchased_type":["Card"],"build_version":"2020-12-22","purchased_purges":0,"victory":false,"max_hp_per_floor":[80,80,80,80,80,80,80,80,80],"card_choices":[{"not_picked":["DDmod:BurningFumesPowerCard","Iron Wave"],"picked":"Bloodletting","floor":1},{"not_picked":["StuffTheSpire:BloodClot","Shrug It Off"],"picked":"DDmod:SpikeInjectionSkill","floor":3},{"not_picked":["Second Wind","DDmod:PokeAttack"],"picked":"ReplayTheSpireMod:Stacked","floor":4},{"not_picked":["DDmod:CallousedSkill","Clash"],"picked":"StuffTheSpire:Resist","floor":5}],"player_experience":67566,"relics_obtained":[{"floor":4,"key":"halation:PromiseList"},{"floor":7,"key":"hubris:TinFlute"}],"event_choices":[],"is_beta":false,"boss_relics":[],"items_purged_floors":[],"is_endless":false,"potions_floor_spawned":[3,5],"killed_by":"Lagavulin","ascension_level":0}}