{"host":"d8d3jqle49sogkjv","time":1610227943,"event":{"mods":["BaseMod","Colored Map","Colored Powertips","Minty Spire (QoL Compilation)","StSLib"],"gold_per_floor":[113,288,288,301,55,82,99,99,99,118,130,149,175,195,195,290,290,301,301,301,58,58,58,92,92,92,126,140,156,31,49,49,154,154,166,166,216,216,66,66,83,83,83],"floor_reached":42,"playtime":1586,"items_purged":["Doubt","Writhe","Shame","Defend_P"],"score":595,"play_id":"c8d5ea19-2e70-433e-8347-51e5669624e0","local_time":"20210109223223","is_ascension_mode":true,"campfire_choices":[{"data":"Apotheosis","floor":8,"key":"SMITH"},{"data":"Alpha","floor":15,"key":"SMITH"},{"floor":23,"key":"RECALL"},{"data":"Vigilance","floor":25,"key":"SMITH"},{"floor":32,"key":"REST"},{"floor":40,"key":"REST"}],"circlet_count":0,"master_deck":["Strike_P","Strike_P","Strike_P+1","Defend_P","Defend_P","Defend_P","Eruption","Vigilance+1","FollowUp+1","CutThroughFate","Apotheosis+1","DeceiveReality","DeceiveReality","FollowUp","Alpha+1","FollowUp","Devotion","Evaluate+1","LikeWater","Prostrate","Prostrate","SpiritShield","Consecrate+1"],"relics":["PureWater","NeowsBlessing","CloakClasp","Darkstone Periapt","Lantern","SlaversCollar","Potion Belt","PreservedInsect","Ornamental Fan","Centennial Puzzle","Sundial","Whetstone","Philosopher\u0027s Stone","FossilizedHelix"],"acts_visited":["Exordium","TheCity","TheBeyond"],"potions_floor_usage":[27,27,31],"damage_taken":[{"damage":0,"enemies":"Cultist","floor":1,"turns":1},{"damage":0,"enemies":"Small Slimes","floor":4,"turns":1},{"damage":0,"enemies":"Lagavulin","floor":6,"turns":1},{"damage":0,"enemies":"2 Louse","floor":7,"turns":1},{"damage":0,"enemies":"Exordium Wildlife","floor":10,"turns":5},{"damage":0,"enemies":"Looter","floor":11,"turns":3},{"damage":11,"enemies":"Exordium Thugs","floor":12,"turns":4},{"damage":0,"enemies":"3 Sentries","floor":13,"turns":4},{"damage":0,"enemies":"Large Slime","floor":14,"turns":3},{"damage":17,"enemies":"The Guardian","floor":16,"turns":8},{"damage":0,"enemies":"Chosen","floor":18,"turns":4},{"damage":11,"enemies":"Book of Stabbing","floor":24,"turns":5},{"damage":6,"enemies":"Slavers","floor":27,"turns":4},{"damage":8,"enemies":"Spheric Guardian","floor":28,"turns":5},{"damage":30,"enemies":"Snake Plant","floor":29,"turns":4},{"damage":19,"enemies":"Cultist and Chosen","floor":31,"turns":6},{"damage":27,"enemies":"Champ","floor":33,"turns":9},{"damage":37,"enemies":"3 Shapes","floor":35,"turns":4},{"damage":39,"enemies":"2 Orb Walkers","floor":37,"turns":4},{"damage":12,"enemies":"3 Darklings","floor":41,"turns":4},{"damage":28,"enemies":"Jaw Worm Horde","floor":42,"turns":2}],"seed_played":"3168774208354423036","potions_obtained":[{"floor":4,"key":"Ancient Potion"},{"floor":7,"key":"Weak Potion"},{"floor":11,"key":"ColorlessPotion"},{"floor":18,"key":"LiquidMemories"},{"floor":24,"key":"Dexterity Potion"},{"floor":29,"key":"Strength Potion"},{"floor":37,"key":"Strength Potion"}],"is_trial":false,"path_per_floor":["M","?","?","M","$","E","M","R","T","M","M","M","E","M","R","B",null,"M","?","?","$","?","R","E","R","T","E","M","M","$","M","R","B",null,"M","?","?","?","$","R","M","M"],"character_chosen":"WATCHER","items_purchased":["Apotheosis","PreservedInsect"],"campfire_rested":2,"item_purchase_floors":[5,21],"current_hp_per_floor":[72,72,72,72,72,72,72,72,72,72,72,61,61,61,61,44,72,72,72,78,78,84,84,73,73,73,67,59,29,29,10,35,8,84,47,47,8,8,8,33,21,0,0],"gold":83,"neow_bonus":"THREE_ENEMY_KILL","is_daily":false,"chose_seed":false,"campfire_upgraded":3,"win_rate":0.0,"timestamp":1610227943,"path_taken":["M","?","?","M","$","E","M","R","T","M","?","M","E","M","R","BOSS","M","?","?","$","?","R","E","R","T","E","M","?","$","M","R","BOSS","M","?","?","?","$","R","M","?"],"items_purchased_type":["Card","Relic"],"build_version":"2020-12-22","purchased_purges":4,"victory":false,"max_hp_per_floor":[72,72,72,72,72,72,72,72,72,72,72,72,72,72,72,72,72,72,72,78,78,84,84,84,84,84,84,84,84,84,84,84,84,84,84,84,84,84,84,84,84,84,84],"card_choices":[{"not_picked":["Prostrate","BowlingBash"],"picked":"FollowUp","floor":1},{"not_picked":["BowlingBash","Wallop","Consecrate"],"picked":"SKIP","floor":4},{"not_picked":["Establishment","CutThroughFate"],"picked":"DeceiveReality","floor":6},{"not_picked":["Weave","SashWhip"],"picked":"DeceiveReality","floor":7},{"not_picked":["EmptyFist","ThirdEye"],"picked":"FollowUp","floor":10},{"not_picked":["Crescendo","Evaluate"],"picked":"Alpha","floor":11},{"not_picked":["Evaluate","Adaptation","ClearTheMind"],"picked":"SKIP","floor":12},{"not_picked":["Judgement","ThirdEye"],"picked":"FollowUp","floor":13},{"not_picked":["CarveReality","Crescendo","FlyingSleeves"],"picked":"SKIP","floor":14},{"not_picked":["Judgement","SpiritShield"],"picked":"Devotion","floor":16},{"not_picked":["SashWhip","CarveReality"],"picked":"Evaluate+1","floor":18},{"not_picked":["ForeignInfluence+1","PathToVictory","EmptyBody"],"picked":"SKIP","floor":24},{"not_picked":["Judgement","Crescendo"],"picked":"LikeWater","floor":27},{"not_picked":["TalkToTheHand","Study"],"picked":"Prostrate","floor":28},{"not_picked":["Evaluate","ClearTheMind"],"picked":"Prostrate","floor":29},{"not_picked":["Vengeance","Fasting2","ThirdEye"],"picked":"SKIP","floor":31},{"not_picked":["Scrawl","DevaForm"],"picked":"SpiritShield","floor":33},{"not_picked":["SandsOfTime","ClearTheMind+1","BowlingBash"],"picked":"SKIP","floor":35},{"not_picked":["FlurryOfBlows","JustLucky"],"picked":"Consecrate+1","floor":41}],"player_experience":413375,"relics_obtained":[{"floor":6,"key":"CloakClasp"},{"floor":9,"key":"Darkstone Periapt"},{"floor":13,"key":"Lantern"},{"floor":24,"key":"Centennial Puzzle"},{"floor":26,"key":"Sundial"},{"floor":27,"key":"Whetstone"},{"floor":37,"key":"FossilizedHelix"}],"event_choices":[{"damage_healed":0,"gold_gain":175,"player_choice":"AGREE","damage_taken":0,"max_hp_gain":0,"max_hp_loss":0,"event_name":"Liars Game","floor":2,"gold_loss":0,"cards_obtained":["Doubt"]},{"damage_healed":0,"gold_gain":0,"cards_transformed":["Strike_P"],"player_choice":"Transformed","damage_taken":0,"max_hp_gain":0,"max_hp_loss":0,"event_name":"Transmorgrifier","floor":3,"gold_loss":0,"cards_obtained":["CutThroughFate"]},{"damage_healed":0,"gold_gain":0,"player_choice":"Ignored","damage_taken":0,"max_hp_gain":0,"max_hp_loss":0,"event_name":"Cursed Tome","floor":19,"gold_loss":0},{"damage_healed":0,"gold_gain":0,"player_choice":"Opened","damage_taken":0,"relics_obtained":["Potion Belt"],"max_hp_gain":0,"max_hp_loss":0,"event_name":"The Mausoleum","floor":20,"gold_loss":0,"cards_obtained":["Writhe"]},{"damage_healed":0,"gold_gain":0,"player_choice":"Stole Relic","damage_taken":0,"relics_obtained":["Ornamental Fan"],"max_hp_gain":0,"max_hp_loss":0,"event_name":"Addict","floor":22,"gold_loss":0,"cards_obtained":["Shame"]},{"damage_healed":0,"gold_gain":0,"player_choice":"Ignored","damage_taken":0,"max_hp_gain":0,"max_hp_loss":0,"event_name":"Tomb of Lord Red Mask","floor":36,"gold_loss":0},{"damage_healed":0,"gold_gain":0,"player_choice":"Fight","damage_taken":0,"max_hp_gain":0,"max_hp_loss":0,"event_name":"Mysterious Sphere","floor":37,"gold_loss":0},{"damage_healed":0,"gold_gain":0,"player_choice":"Bought 0 Potions","damage_taken":0,"max_hp_gain":0,"max_hp_loss":0,"event_name":"The Woman in Blue","floor":38,"gold_loss":0}],"is_beta":false,"boss_relics":[{"not_picked":["VioletLotus","Snecko Eye"],"picked":"SlaversCollar"},{"not_picked":["Runic Dome","Velvet Choker"],"picked":"Philosopher\u0027s Stone"}],"items_purged_floors":[5,21,30,39],"is_endless":false,"potions_floor_spawned":[4,7,11,12,16,18,24,29,37],"killed_by":"Jaw Worm Horde","ascension_level":4}}