{"host":"s7l2a3wroivred6i","time":1610230939,"event":{"mods":["AchievementEnabler","BaseMod","Better Altar","Better Match","Better Note","Better Sensory Stone","Better Skull","Better Synergies","Better Third Choice","BetterRewards","Conspire","Downfall","GifTheSpireLib","Hubris","Infinite Spire","Minty Spire (QoL Compilation)","Replay The Spire","Retaliation","StSLib","Stuff the Spire","The Blue Laboratory"],"gold_per_floor":[109,122,133,133,58,90,90,103,103,103,128,128,157,169,169,169,169],"floor_reached":16,"playtime":1011,"items_purged":[],"score":120,"play_id":"ad17ad9c-3ab6-43f0-876a-a94f59acf968","local_time":"20210109172219","is_ascension_mode":false,"campfire_choices":[{"data":"Perseverance","floor":7,"key":"SMITH"},{"floor":10,"key":"REST"},{"floor":12,"key":"REST"},{"floor":15,"key":"REST"}],"circlet_count":0,"master_deck":["Strike_P","Strike_P","Strike_P","Strike_P","Defend_P","Defend_P","Defend_P","Defend_P","Eruption","Vigilance","Perseverance+1","ReachHeaven","Prostrate","ClearTheMind+1","DeusExMachina+1","BowlingBash"],"relics":["PureWater","NeowsBlessing","Toxic Egg 2","hubris:DisguiseKit","Toy Ornithopter"],"acts_visited":["Exordium"],"potions_floor_usage":[6,16,16],"damage_taken":[{"damage":0,"enemies":"Small Slimes","floor":1,"turns":1},{"damage":0,"enemies":"Jaw Worm","floor":2,"turns":1},{"damage":0,"enemies":"Cultist","floor":3,"turns":1},{"damage":27,"enemies":"3 Sentries","floor":6,"turns":8},{"damage":22,"enemies":"Exordium Thugs","floor":8,"turns":5},{"damage":23,"enemies":"Lagavulin","floor":11,"turns":6},{"damage":14,"enemies":"Gremlin Nob","floor":13,"turns":3},{"damage":0,"enemies":"Looter","floor":14,"turns":3},{"damage":56,"enemies":"Hexaghost","floor":16,"turns":16}],"seed_played":"-1347203349131282866","potions_obtained":[{"floor":2,"key":"blueLaboratory:LouseDecoction"},{"floor":13,"key":"blueLaboratory:BottledHope"},{"floor":14,"key":"blueLaboratory:FrostheartPotion"}],"is_trial":false,"path_per_floor":["M","M","M","?","?","E","R","M","T","R","E","R","E","M","R","B"],"character_chosen":"WATCHER","items_purchased":[],"campfire_rested":3,"item_purchase_floors":[],"current_hp_per_floor":[72,72,72,77,77,50,50,28,28,51,28,51,37,37,60,14,14],"gold":169,"neow_bonus":"THREE_ENEMY_KILL","is_daily":false,"chose_seed":false,"campfire_upgraded":1,"win_rate":0.0,"timestamp":1610230939,"path_taken":["M","M","M","?","?","E","R","M","T","R","E","R","E","?","R","BOSS"],"items_purchased_type":[],"build_version":"2020-12-22","purchased_purges":0,"victory":false,"max_hp_per_floor":[72,72,72,77,77,77,77,77,77,77,77,77,77,77,77,77,77],"card_choices":[{"not_picked":["BowlingBash","ClearTheMind"],"picked":"Perseverance","floor":1},{"not_picked":["Replay:Cycle","CutThroughFate","SashWhip"],"picked":"SKIP","floor":2},{"not_picked":["EmptyBody","Perseverance"],"picked":"ReachHeaven","floor":3},{"not_picked":["Indignation","Replay:Hum","Wallop"],"picked":"SKIP","floor":6},{"not_picked":["MentalFortress","Replay:BluntJabs"],"picked":"Prostrate","floor":8},{"not_picked":["JustLucky","DeceiveReality+1"],"picked":"ClearTheMind+1","floor":11},{"not_picked":["Consecrate","Devotion","Clothesline"],"picked":"DeusExMachina+1","floor":13},{"not_picked":["WreathOfFlame+1","Swivel+1","Anger"],"picked":"BowlingBash","floor":14}],"player_experience":324466,"relics_obtained":[{"floor":9,"key":"Toxic Egg 2"},{"floor":11,"key":"hubris:DisguiseKit"},{"floor":13,"key":"Toy Ornithopter"}],"event_choices":[{"damage_healed":0,"gold_gain":0,"player_choice":"Donut","damage_taken":0,"max_hp_gain":5,"max_hp_loss":0,"event_name":"Big Fish","floor":4,"gold_loss":0},{"damage_healed":0,"gold_gain":0,"player_choice":"3","damage_taken":0,"max_hp_gain":0,"max_hp_loss":0,"event_name":"betterMatch:BetterMatch","floor":5,"gold_loss":0,"cards_obtained":[]}],"is_beta":false,"boss_relics":[],"items_purged_floors":[],"is_endless":false,"potions_floor_spawned":[2,13,14],"killed_by":"Hexaghost","ascension_level":0}}