{"host":"kh6fvhxn285ncg0o","time":1610216904,"event":{"mods":["Act Like it!","BaseMod","Colored Map","Friendly Minions","Keyboard Shortcuts","Minty Spire (QoL Compilation)","Quick Restart","Relic Stats","StSLib","SuperFastMode"],"gold_per_floor":[110,35,35,35,35,35,35,45,68,68,83,95,113,140,140,140,140],"floor_reached":16,"playtime":166,"items_purged":["Strike_R"],"score":200,"play_id":"eb274c1e-207a-4a0e-a645-b0d121d732c5","local_time":"20210110032824","is_ascension_mode":true,"campfire_choices":[{"floor":6,"key":"RECALL"},{"data":"Rage","floor":10,"key":"SMITH"},{"data":"Dropkick","floor":15,"key":"SMITH"}],"circlet_count":0,"master_deck":["AscendersBane","Strike_R","Strike_R","Strike_R","Defend_R","Defend_R","Defend_R+1","Defend_R","Bash+1","Rage+1","Dropkick+1"],"relics":["Burning Blood","NeowsBlessing","Bag of Marbles","Toy Ornithopter"],"acts_visited":["Exordium"],"potions_floor_usage":[13,14],"damage_taken":[{"damage":0,"enemies":"Jaw Worm","floor":1,"turns":1},{"damage":0,"enemies":"Small Slimes","floor":8,"turns":1},{"damage":0,"enemies":"2 Louse","floor":11,"turns":2},{"damage":3,"enemies":"Blue Slaver","floor":12,"turns":5},{"damage":0,"enemies":"Lots of Slimes","floor":13,"turns":7},{"damage":25,"enemies":"Lagavulin","floor":14,"turns":6},{"damage":0,"enemies":"Hexaghost","floor":16,"turns":1}],"seed_played":"-6361186937936767662","potions_obtained":[{"floor":1,"key":"AttackPotion"},{"floor":8,"key":"SkillPotion"},{"floor":14,"key":"BloodPotion"}],"is_trial":false,"path_per_floor":["M","$","?","?","?","R","$","M","T","R","M","M","M","E","R","B"],"character_chosen":"IRONCLAD","items_purchased":[],"campfire_rested":0,"item_purchase_floors":[],"current_hp_per_floor":[74,74,79,72,48,48,48,54,54,54,60,63,69,50,50,50,50],"gold":140,"neow_bonus":"THREE_ENEMY_KILL","is_daily":false,"chose_seed":false,"campfire_upgraded":2,"win_rate":0.0,"timestamp":1610216904,"path_taken":["M","$","?","?","?","R","?","M","T","R","M","M","M","E","R","BOSS"],"items_purchased_type":[],"build_version":"2020-12-22","purchased_purges":1,"victory":false,"max_hp_per_floor":[75,75,80,80,80,80,80,80,80,80,80,80,80,80,80,80,80],"relic_stats":{"counters":[7,23],"obtain_stats":[{"NeowsBlessing":0,"Bag of Marbles":9,"Burning Blood":0,"Toy Ornithopter":14},{"NeowsBlessing":0,"Bag of Marbles":2,"Burning Blood":0,"Toy Ornithopter":6},{"NeowsBlessing":0,"Bag of Marbles":2,"Burning Blood":0,"Toy Ornithopter":22}],"Burning Blood":36,"Toy Ornithopter":0},"card_choices":[{"not_picked":["Entrench","Reckless Charge"],"picked":"Rage","floor":8},{"not_picked":["Perfected Strike","Clash"],"picked":"Dropkick","floor":12},{"not_picked":["Thunderclap","Iron Wave","Sentinel"],"picked":"SKIP","floor":14}],"player_experience":3402621,"relics_obtained":[{"floor":9,"key":"Bag of Marbles"},{"floor":14,"key":"Toy Ornithopter"}],"event_choices":[{"damage_healed":0,"gold_gain":0,"player_choice":"Donut","damage_taken":0,"max_hp_gain":5,"max_hp_loss":0,"event_name":"Big Fish","floor":3,"gold_loss":0},{"cards_removed":["Strike_R"],"damage_healed":0,"gold_gain":0,"player_choice":"Card Removal","damage_taken":7,"max_hp_gain":0,"max_hp_loss":0,"event_name":"Golden Wing","floor":4,"gold_loss":0},{"damage_healed":0,"gold_gain":0,"player_choice":"Entered Light","damage_taken":24,"max_hp_gain":0,"max_hp_loss":0,"event_name":"Shining Light","floor":5,"gold_loss":0,"cards_upgraded":["Defend_R","Bash"]}],"is_beta":false,"boss_relics":[],"items_purged_floors":[2],"is_endless":false,"potions_floor_spawned":[1,8,14],"killed_by":"Hexaghost","ascension_level":20}}