{"host":"4rvakrj1idbgia3f","time":1610186370,"event":{"mods":["BaseMod","Colored Map","Colored Powertips","DeckTracker","Highlight Path","Minty Spire (QoL Compilation)","Random Character Button","StSLib"],"gold_per_floor":[214,42,42,42,62,62,105,129,129,148,148,172,192,227,227,322,322,322],"floor_reached":17,"playtime":788,"items_purged":[],"score":384,"play_id":"d469b1e7-31e8-4fa6-b88d-301d87c17af4","local_time":"20210109185930","is_ascension_mode":true,"campfire_choices":[{"data":"TalkToTheHand","floor":6,"key":"SMITH"},{"data":"Scrawl","floor":11,"key":"SMITH"},{"data":"Adaptation","floor":15,"key":"SMITH"}],"circlet_count":0,"master_deck":["AscendersBane","Vigilance","TalkToTheHand+1","Scrawl+1","Conclude","Tantrum","Nirvana","Weave","FearNoEvil","Consecrate","EmptyFist","CutThroughFate","ThirdEye","Adaptation+1","DevaForm","InnerPeace","Consecrate","DevaForm","Crescendo","Halt","EmptyMind","Pray","Swivel"],"relics":["PureWater","Orrery","Golden Idol","Peace Pipe","Ice Cream","Pantograph","Pandora\u0027s Box"],"acts_visited":["Exordium","TheCity"],"potions_floor_usage":[],"damage_taken":[{"damage":1,"enemies":"Cultist","floor":1,"turns":3},{"damage":6,"enemies":"2 Louse","floor":5,"turns":2},{"damage":22,"enemies":"3 Sentries","floor":7,"turns":4},{"damage":0,"enemies":"Jaw Worm","floor":8,"turns":4},{"damage":0,"enemies":"Lots of Slimes","floor":10,"turns":1},{"damage":8,"enemies":"Exordium Wildlife","floor":12,"turns":3},{"damage":0,"enemies":"3 Louse","floor":13,"turns":2},{"damage":0,"enemies":"Gremlin Nob","floor":14,"turns":3},{"damage":45,"enemies":"The Guardian","floor":16,"turns":11}],"seed_played":"8383681793079971278","potions_obtained":[{"floor":1,"key":"Ancient Potion"},{"floor":8,"key":"FearPotion"}],"is_trial":false,"path_per_floor":["M","$","?","?","M","R","E","M","T","M","R","M","M","E","R","B",null],"character_chosen":"WATCHER","items_purchased":["Orrery"],"campfire_rested":0,"item_purchase_floors":[2],"current_hp_per_floor":[60,60,60,60,54,54,32,32,32,32,32,24,24,24,24,4,48,48],"gold":322,"neow_bonus":"HUNDRED_GOLD","is_daily":false,"chose_seed":false,"campfire_upgraded":3,"win_rate":0.0,"timestamp":1610186370,"path_taken":["M","?","?","?","M","R","E","M","T","M","R","M","M","E","R","BOSS"],"items_purchased_type":["Relic"],"build_version":"2020-12-22","purchased_purges":0,"victory":false,"max_hp_per_floor":[68,68,68,62,62,62,62,62,62,62,62,62,62,62,62,62,62,62],"card_choices":[{"not_picked":["Pray","ThirdEye"],"picked":"TalkToTheHand","floor":1},{"not_picked":["Prostrate","FlyingSleeves"],"picked":"Scrawl","floor":2},{"not_picked":["SashWhip","WreathOfFlame"],"picked":"Conclude","floor":2},{"not_picked":["ThirdEye","TalkToTheHand"],"picked":"Tantrum","floor":2},{"not_picked":["Evaluate","Crescendo"],"picked":"Nirvana","floor":2},{"not_picked":["CrushJoints","Halt"],"picked":"Weave","floor":2},{"not_picked":["Protect","LikeWater","FlyingSleeves"],"picked":"SKIP","floor":5},{"not_picked":["SashWhip","WaveOfTheHand"],"picked":"FearNoEvil","floor":7},{"not_picked":["Prostrate","Protect"],"picked":"Consecrate","floor":8},{"not_picked":["FlurryOfBlows","CrushJoints"],"picked":"EmptyFist","floor":10},{"not_picked":["InnerPeace","DeceiveReality"],"picked":"CutThroughFate","floor":12},{"not_picked":["JustLucky","PathToVictory"],"picked":"ThirdEye","floor":13},{"not_picked":["FearNoEvil","Tantrum"],"picked":"Adaptation","floor":14},{"not_picked":["Devotion","Brilliance"],"picked":"DevaForm","floor":16}],"player_experience":1980394,"relics_obtained":[{"floor":7,"key":"Peace Pipe"},{"floor":9,"key":"Ice Cream"},{"floor":14,"key":"Pantograph"}],"event_choices":[{"cards_removed":["Eruption"],"damage_healed":0,"gold_gain":0,"player_choice":"Forget","damage_taken":0,"max_hp_gain":0,"max_hp_loss":0,"event_name":"Living Wall","floor":3,"gold_loss":0},{"damage_healed":0,"gold_gain":0,"player_choice":"Lose Max HP","damage_taken":0,"relics_obtained":["Golden Idol"],"max_hp_gain":0,"max_hp_loss":6,"event_name":"Golden Idol","floor":4,"gold_loss":0}],"is_beta":false,"boss_relics":[{"not_picked":["Calling Bell","Runic Pyramid"],"picked":"Pandora\u0027s Box"}],"items_purged_floors":[],"is_endless":false,"potions_floor_spawned":[1,8,10,12],"ascension_level":20}}