{"host":"gqcohn9v5baj3dmw","time":1610220796,"event":{"mods":["BaseMod","Better Note","Better Sensory Stone","Better Skull","Colored Map","Downfall","Marked Mod","Minty Spire (QoL Compilation)","Rare Cards Sparkle","Relic Stats","StSLib"],"gold_per_floor":[99,113,129,139,289,29,54,66,81,81,139,10,10,29,39,135,135,135,145,145,164,175,187,268,268,278,308,308,324,324,324,324],"floor_reached":30,"playtime":1645,"items_purged":["Slimebound:Icky"],"score":271,"play_id":"c7b75418-8169-45be-98f8-58f80684bb29","local_time":"20210109203316","is_ascension_mode":true,"campfire_choices":[{"data":"champ:Taunt","floor":1.0,"key":"SMITH"},{"data":"champ:DefensiveShout","floor":10.0,"key":"SMITH"},{"data":"champ:ViciousMockery","floor":13.0,"key":"SMITH"},{"data":"champ:ShieldWall","floor":18.0,"key":"SMITH"},{"data":"champ:Backstep","floor":25.0,"key":"SMITH"}],"circlet_count":0,"master_deck":["champ:Strike","champ:Strike","champ:Strike","champ:Strike","champ:Defend","champ:Defend","champ:Defend","champ:Defend","champ:Taunt+1","champ:BringItOn","champ:ViciousMockery+1","champ:ShieldWall+1","champ:TornadoPunch","champ:Circumvent","champ:EnGarde","champ:DefensiveShout+1","champ:BringItOn","champ:DefensiveStyle","champ:Circumvent","champ:Backstep+1","champ:FocusedDefense","champ:CalledShot+1","champ:StanceDance+1","champ:FalseCounter","champ:ShieldSigil+1","champ:HoldFirm"],"relics":["champ:ChampionCrown","Strawberry","Tiny Chest","Runic Pyramid","Eternal Feather","HornCleat","champ:GladiatorsBookOfMartialProwess"],"acts_visited":["Exordium","TheCity"],"potions_floor_usage":[30],"damage_taken":[{"damage":4.0,"enemies":"2 Louse","floor":2.0,"turns":4.0},{"damage":2.0,"enemies":"Jaw Worm","floor":3.0,"turns":5.0},{"damage":5.0,"enemies":"Cultist","floor":4.0,"turns":6.0},{"damage":0.0,"enemies":"downfall:FleeingMerchant","floor":6.0,"turns":4.0},{"damage":7.0,"enemies":"3 Louse","floor":8.0,"turns":5.0},{"damage":8.0,"enemies":"Large Slime","floor":9.0,"turns":8.0},{"damage":36.0,"enemies":"Gremlin Nob","floor":11.0,"turns":5.0},{"damage":0.0,"enemies":"downfall:FleeingMerchant","floor":12.0,"turns":4.0},{"damage":3.0,"enemies":"Exordium Wildlife","floor":14.0,"turns":4.0},{"damage":2.0,"enemies":"3 Louse","floor":15.0,"turns":5.0},{"damage":13.0,"enemies":"downfall:Ironclad","floor":16.0,"turns":12.0},{"damage":0.0,"enemies":"3 Byrds","floor":19.0,"turns":5.0},{"damage":20.0,"enemies":"Shelled Parasite and Fungi","floor":21.0,"turns":6.0},{"damage":9.0,"enemies":"Snake Plant","floor":22.0,"turns":4.0},{"damage":4.0,"enemies":"Chosen and Byrds","floor":23.0,"turns":5.0},{"damage":3.0,"enemies":"3 Cultists","floor":26.0,"turns":5.0},{"damage":31.0,"enemies":"Slavers","floor":27.0,"turns":6.0},{"damage":0,"enemies":"Sentry and Sphere","floor":29,"turns":6},{"damage":57,"enemies":"Gremlin Leader","floor":30,"turns":4}],"seed_played":"4893560464611887797","potions_obtained":[{"floor":2.0,"key":"EssenceOfSteel"},{"floor":8.0,"key":"Block Potion"},{"floor":14.0,"key":"Explosive Potion"},{"floor":16.0,"key":"Energy Potion"},{"floor":19.0,"key":"ColorlessPotion"},{"floor":23.0,"key":"Regen Potion"}],"is_trial":false,"path_per_floor":["R","M","M","M","?","$","T","M","M","R","?","$","R","M","M","B",null,"R","M","?","M","M","M","T","R","M","E","?","M","E"],"character_chosen":"THE_CHAMP","items_purchased":["champ:TornadoPunch","champ:Circumvent","GamblersBrew","champ:DefensiveStyle","champ:Circumvent"],"campfire_rested":0,"item_purchase_floors":[6,6,6,12,12],"current_hp_per_floor":[90,86,84,79,79,79,86,79,71,71,35,35,35,32,30,17,97,97,97,97,77,68,64,64,76,73,42,42,42,0,0,0],"gold":324,"neow_bonus":"REMOVE_CARD","is_daily":false,"chose_seed":false,"campfire_upgraded":5,"win_rate":0.0,"timestamp":1610220796,"path_taken":["R","M","M","M","?","$","T","M","M","R","?","$","R","?","M","BOSS","R","M","?","M","M","M","T","R","M","E","?","M","E"],"items_purchased_type":["Card","Card","Potion","Card","Card"],"build_version":"2020-12-22","purchased_purges":1,"victory":false,"max_hp_per_floor":[90,90,90,90,90,90,97,97,97,97,97,97,97,97,97,97,97,97,97,97,97,97,97,97,97,97,97,97,97,97,97,97],"relic_stats":{"counters":[19,103],"Tiny Chest":0,"Eternal Feather":12,"obtain_stats":[{"HornCleat":27,"Strawberry":7,"champ:ChampionCrown":0,"Tiny Chest":11,"Eternal Feather":24,"Runic Pyramid":17,"champ:GladiatorsBookOfMartialProwess":28},{"HornCleat":17,"Strawberry":4,"champ:ChampionCrown":0,"Tiny Chest":7,"Eternal Feather":15,"Runic Pyramid":11,"champ:GladiatorsBookOfMartialProwess":17},{"HornCleat":93,"Strawberry":19,"champ:ChampionCrown":0,"Tiny Chest":37,"Eternal Feather":82,"Runic Pyramid":62,"champ:GladiatorsBookOfMartialProwess":93}]},"card_choices":[{"not_picked":["champ:BerserkersShout","champ:ShieldSigil"],"picked":"champ:BringItOn","floor":2.0},{"not_picked":["champ:DefensiveShout","champ:PreciseThrust"],"picked":"champ:ViciousMockery","floor":3.0},{"not_picked":["champ:RecklessLeap","champ:Backstep","champ:Haymaker"],"picked":"SKIP","floor":4.0},{"not_picked":["champ:Circumvent","champ:EnragedBash"],"picked":"champ:ShieldWall","floor":6.0},{"not_picked":["champ:PerfectedStrike","champ:Encircle"],"picked":"champ:EnGarde","floor":8.0},{"not_picked":["champ:BerserkerStyle","champ:LastStand"],"picked":"champ:DefensiveShout","floor":9.0},{"not_picked":["champ:BladeFlurry","champ:Haymaker"],"picked":"champ:BringItOn","floor":12.0},{"not_picked":["champ:ShieldSigil","champ:Haymaker"],"picked":"champ:Backstep","floor":14.0},{"not_picked":["champ:FaceSlap","champ:Backstep"],"picked":"champ:FocusedDefense","floor":15.0},{"not_picked":["champ:Backstep","champ:StanceDance","champ:RecklessLeap"],"picked":"SKIP","floor":19.0},{"not_picked":["champ:BringItOn","champ:SwordSigil","champ:GutPunch"],"picked":"SKIP","floor":21.0},{"not_picked":["champ:GladiatorsShout","champ:ArenaPreparation+1","champ:CalledShot+1"],"picked":"SKIP","floor":22.0},{"not_picked":["champ:GladiatorsShout","champ:ArenaPreparation+1"],"picked":"champ:CalledShot+1","floor":22.0},{"not_picked":["champ:RageSigil+1","champ:Backstep"],"picked":"champ:StanceDance+1","floor":23.0},{"not_picked":["champ:DefensiveShout","champ:Encircle"],"picked":"champ:FalseCounter","floor":26.0},{"not_picked":["champ:Backstep+1","champ:BerserkersShout+1"],"picked":"champ:ShieldSigil+1","floor":27},{"not_picked":["champ:ViciousMockery+1","champ:RageSigil"],"picked":"champ:HoldFirm","floor":29}],"player_experience":482654,"relics_obtained":[{"floor":7.0,"key":"Strawberry"},{"floor":11.0,"key":"Tiny Chest"},{"floor":24.0,"key":"Eternal Feather"},{"floor":27,"key":"HornCleat"}],"event_choices":[],"is_beta":false,"boss_relics":[{"not_picked":["SacredBark","SlaversCollar"],"picked":"Runic Pyramid"}],"items_purged_floors":[6],"is_endless":false,"potions_floor_spawned":[2,8,14,16,19,23],"killed_by":"Gremlin Leader","ascension_level":2}}