{"host":"ta9mufxydm4vkknf","time":1610216224,"event":{"mods":["AchievementEnabler","BaseMod","Minty Spire (QoL Compilation)","Quick Restart"],"gold_per_floor":[118,134,134,134,146,146,176,176,176,53,82,97,114,0,0,0,0],"floor_reached":16,"playtime":503,"items_purged":["Strike_R"],"score":138,"play_id":"debcafe1-4298-428d-9d51-d8da9f5e19f6","local_time":"20210109191704","is_ascension_mode":true,"campfire_choices":[{"data":"Seeing Red","floor":6,"key":"SMITH"},{"data":"Cleave","floor":8,"key":"SMITH"},{"data":"Flex","floor":15,"key":"SMITH"}],"circlet_count":0,"master_deck":["Strike_R","Strike_R","Strike_R","Strike_R","Defend_R","Defend_R","Defend_R+1","Defend_R+1","Bash","Uppercut","Cleave+1","Seeing Red+1","Shrug It Off","Flex+1","Dark Embrace"],"relics":["Burning Blood","Gremlin Horn","MealTicket","Self Forming Clay","The Courier","Toy Ornithopter"],"acts_visited":["Exordium"],"potions_floor_usage":[16,16],"damage_taken":[{"damage":1,"enemies":"Cultist","floor":1,"turns":3},{"damage":0,"enemies":"2 Louse","floor":2,"turns":3},{"damage":3,"enemies":"Jaw Worm","floor":5,"turns":4},{"damage":21,"enemies":"3 Sentries","floor":7,"turns":7},{"damage":28,"enemies":"Gremlin Nob","floor":11,"turns":4},{"damage":4,"enemies":"Exordium Wildlife","floor":12,"turns":3},{"damage":4,"enemies":"Blue Slaver","floor":13,"turns":3},{"damage":52,"enemies":"Slime Boss","floor":16,"turns":9}],"seed_played":"294133631681401706","potions_obtained":[{"floor":1,"key":"SkillPotion"},{"floor":5,"key":"Ancient Potion"},{"floor":12,"key":"BlessingOfTheForge"}],"is_trial":false,"path_per_floor":["M","M","?","?","M","R","E","R","T","$","E","M","M","$","R","B"],"character_chosen":"IRONCLAD","items_purchased":["Flex","Toy Ornithopter"],"campfire_rested":0,"item_purchase_floors":[10,14],"current_hp_per_floor":[88,88,70,52,55,55,40,40,40,55,33,35,37,52,52,10,10],"gold":0,"neow_bonus":"TEN_PERCENT_HP_BONUS","is_daily":false,"chose_seed":false,"campfire_upgraded":3,"win_rate":0.0,"timestamp":1610216224,"path_taken":["M","M","?","?","M","R","E","R","T","?","E","M","M","$","R","BOSS"],"items_purchased_type":["Card","Relic"],"build_version":"2020-12-22","purchased_purges":1,"victory":false,"max_hp_per_floor":[88,88,88,88,88,88,88,88,88,88,88,88,88,88,88,88,88],"card_choices":[{"not_picked":["Shockwave","Sword Boomerang"],"picked":"Uppercut","floor":1},{"not_picked":["Headbutt","Feel No Pain"],"picked":"Cleave","floor":2},{"not_picked":["Anger","Sentinel"],"picked":"Seeing Red","floor":5},{"not_picked":["Flame Barrier","Power Through"],"picked":"Shrug It Off","floor":7},{"not_picked":["Perfected Strike","Searing Blow","Iron Wave"],"picked":"SKIP","floor":11},{"not_picked":["Sword Boomerang","Warcry","Rupture"],"picked":"SKIP","floor":12},{"not_picked":["Bludgeon","Flame Barrier"],"picked":"Dark Embrace","floor":13}],"player_experience":258029,"relics_obtained":[{"floor":7,"key":"MealTicket"},{"floor":9,"key":"Self Forming Clay"},{"floor":11,"key":"The Courier"}],"event_choices":[{"damage_healed":0,"gold_gain":0,"player_choice":"Success","damage_taken":18,"relics_obtained":["Gremlin Horn"],"max_hp_gain":0,"max_hp_loss":0,"event_name":"Scrap Ooze","floor":3,"gold_loss":0},{"damage_healed":0,"gold_gain":0,"player_choice":"Entered Light","damage_taken":18,"max_hp_gain":0,"max_hp_loss":0,"event_name":"Shining Light","floor":4,"gold_loss":0,"cards_upgraded":["Defend_R","Defend_R"]}],"is_beta":false,"boss_relics":[],"items_purged_floors":[10],"is_endless":false,"potions_floor_spawned":[1,5,12,13],"killed_by":"Slime Boss","ascension_level":5}}