{"host":"mmqs5ul2bvb60kyc","time":1610152162,"event":{"mods":["AchievementEnabler","BaseMod","Minty Spire (QoL Compilation)","StSLib"],"gold_per_floor":[117,117,117,117,42,83,83,130,130,130,57,90,90,99,99,204,204,231,156,181,200,221,274,319,319,374,374,65,81,81,122,122,227,227,251,318,318,339,368,401,401,446,512,568,580,615,651,678,690,702,714,726,97,131,131],"floor_reached":56,"playtime":3145,"items_purged":["Strike_G","Strike_G+1","Strike_G+1"],"score":2651,"play_id":"e036837e-e78d-45c8-9f01-bc8eed72c338","local_time":"20210109082922","is_ascension_mode":true,"campfire_choices":[{"floor":7.0,"key":"REST"},{"floor":10.0,"key":"REST"},{"floor":13.0,"key":"REST"},{"data":"Acrobatics","floor":15.0,"key":"SMITH"},{"data":"Accuracy","floor":25.0,"key":"SMITH"},{"data":"Well Laid Plans","floor":27.0,"key":"SMITH"},{"data":"Storm of Steel","floor":30.0,"key":"SMITH"},{"data":"Reflex","floor":32.0,"key":"SMITH"},{"floor":45,"key":"RECALL"},{"data":"Malaise","floor":49,"key":"SMITH"},{"data":"Terror","floor":52,"key":"SMITH"}],"circlet_count":0,"master_deck":["AscendersBane","Defend_G+1","Defend_G+1","Defend_G+1","Defend_G+1","Defend_G+1","Survivor+1","Neutralize+1","Infinite Blades+1","Acrobatics+1","Cloak And Dagger+1","Accuracy+1","Well Laid Plans+1","Storm of Steel+1","Calculated Gamble+1","Blade Dance+1","Concentrate+1","Ghostly+1","Ghostly+1","Ghostly+1","Ghostly+1","Ghostly+1","Clumsy","Reflex+1","After Image+1","Outmaneuver+1","Escape Plan","Terror+1","Malaise+1","Reflex"],"relics":["Black Star","Golden Idol","Whetstone","Tough Bandages","CeramicFish","Unceasing Top","Paper Crane","TungstenRod","War Paint","Cursed Key","Shuriken","Orichalcum","Vajra","Medical Kit","Bag of Preparation","Happy Flower","HoveringKite","Turnip","Mark of the Bloom","Pear","Pantograph","MawBank","Omamori","Thread and Needle","The Specimen","Toolbox","Pen Nib","Art of War","White Beast Statue","Lantern"],"acts_visited":["Exordium","TheCity","TheBeyond","TheEnding"],"potions_floor_usage":[55,55,55],"damage_taken":[{"damage":3.0,"enemies":"Jaw Worm","floor":1.0,"turns":5.0},{"damage":34.0,"enemies":"Gremlin Nob","floor":6.0,"turns":5.0},{"damage":27.0,"enemies":"3 Sentries","floor":8.0,"turns":11.0},{"damage":4.0,"enemies":"Lagavulin","floor":12.0,"turns":9.0},{"damage":32.0,"enemies":"Slime Boss","floor":16.0,"turns":10.0},{"damage":0.0,"enemies":"Shell Parasite","floor":18.0,"turns":4.0},{"damage":0.0,"enemies":"Chosen","floor":20.0,"turns":4.0},{"damage":0.0,"enemies":"Shelled Parasite and Fungi","floor":21.0,"turns":4.0},{"damage":0.0,"enemies":"Snake Plant","floor":22.0,"turns":5.0},{"damage":0.0,"enemies":"Gremlin Leader","floor":23.0,"turns":6.0},{"damage":0.0,"enemies":"3 Cultists","floor":29.0,"turns":3.0},{"damage":0.0,"enemies":"Book of Stabbing","floor":31.0,"turns":6.0},{"damage":0.0,"enemies":"Champ","floor":33.0,"turns":5.0},{"damage":11.0,"enemies":"3 Shapes","floor":35.0,"turns":5.0},{"damage":0.0,"enemies":"2 Orb Walkers","floor":36.0,"turns":5.0},{"damage":0.0,"enemies":"Orb Walker","floor":38.0,"turns":3.0},{"damage":0.0,"enemies":"Sphere and 2 Shapes","floor":39.0,"turns":4.0},{"damage":0.0,"enemies":"Nemesis","floor":40.0,"turns":5.0},{"damage":0.0,"enemies":"Reptomancer","floor":42.0,"turns":5.0},{"damage":0,"enemies":"Giant Head","floor":44,"turns":4},{"damage":0,"enemies":"Jaw Worm Horde","floor":46,"turns":4},{"damage":0,"enemies":"Spire Growth","floor":47,"turns":5},{"damage":0,"enemies":"4 Shapes","floor":48,"turns":4},{"damage":0,"enemies":"Awakened One","floor":50,"turns":7},{"damage":0,"enemies":"Shield and Spear","floor":54,"turns":5},{"damage":0,"enemies":"The Heart","floor":55,"turns":7}],"seed_played":"4741635614097850350","potions_obtained":[{"floor":1.0,"key":"SmokeBomb"},{"floor":16.0,"key":"Swift Potion"},{"floor":31.0,"key":"EntropicBrew"}],"is_trial":false,"path_per_floor":["M","?","?","?","$","E","R","E","T","R","$","E","R","?","R","B",null,"M","?","M","M","M","E","?","R","T","R","$","M","R","E","R","B",null,"M","?","?","M","M","E","?","E","T","E","R","M","M","M","R","B",null,"R","$","E","B",null],"character_chosen":"THE_SILENT","items_purchased":["Accuracy","Medical Kit","Reflex","Toolbox","Pen Nib","Art of War","Reflex"],"campfire_rested":3,"item_purchase_floors":[11,28,28,53,53,53,53],"current_hp_per_floor":[56,56,61,48,48,14,33,6,6,25,25,21,40,40,40,8,52,52,52,52,52,52,52,33,33,33,33,33,33,33,33,33,33,33,22,22,22,22,22,22,22,22,22,22,22,22,22,22,22,22,22,22,22,22,22],"gold":131,"neow_bonus":"BOSS_RELIC","is_daily":false,"chose_seed":false,"campfire_upgraded":7,"win_rate":0.0,"timestamp":1610152162,"path_taken":["M","?","?","?","?","E","R","E","T","R","$","E","R","?","R","BOSS","M","?","M","M","M","E","?","R","T","R","$","M","R","E","R","BOSS","M","?","?","M","M","E","?","E","T","E","R","M","M","?","R","BOSS","R","$","E","BOSS"],"items_purchased_type":["Card","Relic","Card","Relic","Relic","Relic","Card"],"build_version":"2020-12-22","purchased_purges":3,"victory":true,"max_hp_per_floor":[66,61,66,66,66,66,66,66,66,66,66,66,66,66,66,66,66,66,66,66,66,66,66,33,33,33,33,33,33,33,33,33,33,33,33,33,33,33,33,43,43,43,43,43,43,43,43,43,43,43,43,43,43,43,43],"card_choices":[{"not_picked":["Cloak And Dagger","Outmaneuver"],"picked":"Infinite Blades","floor":1.0},{"not_picked":["Cloak And Dagger","Bane"],"picked":"Acrobatics","floor":6.0},{"not_picked":["Sucker Punch","Infinite Blades"],"picked":"Cloak And Dagger","floor":8.0},{"not_picked":["Finisher","Dagger Spray","Quick Slash"],"picked":"SKIP","floor":12.0},{"not_picked":["Doppelganger","Envenom"],"picked":"Storm of Steel","floor":16.0},{"not_picked":["Crippling Poison","Underhanded Strike"],"picked":"Calculated Gamble+1","floor":18.0},{"not_picked":["Distraction","Choke"],"picked":"Blade Dance","floor":20.0},{"not_picked":["Backstab","Bouncing Flask","Underhanded Strike"],"picked":"SKIP","floor":21.0},{"not_picked":["Dodge and Roll","Quick Slash","Dagger Spray"],"picked":"SKIP","floor":22.0},{"not_picked":["Backstab","Outmaneuver"],"picked":"Concentrate","floor":23.0},{"not_picked":["Underhanded Strike","Skewer","Dagger Throw"],"picked":"SKIP","floor":29.0},{"not_picked":["Dodge and Roll","Well Laid Plans","Leg Sweep"],"picked":"SKIP","floor":31.0},{"not_picked":["Unload","Tools of the Trade"],"picked":"After Image","floor":33.0},{"not_picked":["Cloak And Dagger","Dagger Spray","Poisoned Stab"],"picked":"SKIP","floor":35.0},{"not_picked":["Cloak And Dagger+1","Blade Dance"],"picked":"Outmaneuver+1","floor":36.0},{"not_picked":["Backflip","Quick Slash+1","Slice"],"picked":"SKIP","floor":38.0},{"not_picked":["A Thousand Cuts","Slice"],"picked":"Escape Plan","floor":39.0},{"not_picked":["Heel Hook","Dagger Throw","Crippling Poison"],"picked":"SKIP","floor":40.0},{"not_picked":["Skewer+1","Dodge and Roll+1"],"picked":"Terror","floor":42.0},{"not_picked":["Reflex","Tools of the Trade"],"picked":"Malaise","floor":44},{"not_picked":["Dagger Spray","Finisher","Riddle With Holes+1"],"picked":"SKIP","floor":46},{"not_picked":["Leg Sweep","Cloak And Dagger","Underhanded Strike"],"picked":"SKIP","floor":47},{"not_picked":["Prepared","Leg Sweep","Glass Knife"],"picked":"SKIP","floor":48},{"not_picked":["Corpse Explosion","Flying Knee+1","Dodge and Roll"],"picked":"SKIP","floor":54}],"player_experience":244888,"relics_obtained":[{"floor":6.0,"key":"Whetstone"},{"floor":6.0,"key":"Tough Bandages"},{"floor":8.0,"key":"CeramicFish"},{"floor":8.0,"key":"Unceasing Top"},{"floor":9.0,"key":"Paper Crane"},{"floor":12.0,"key":"TungstenRod"},{"floor":12.0,"key":"War Paint"},{"floor":23.0,"key":"Shuriken"},{"floor":23.0,"key":"Orichalcum"},{"floor":26.0,"key":"Vajra"},{"floor":31.0,"key":"Bag of Preparation"},{"floor":31.0,"key":"Happy Flower"},{"floor":36.0,"key":"Turnip"},{"floor":40.0,"key":"Pear"},{"floor":40.0,"key":"Pantograph"},{"floor":42.0,"key":"MawBank"},{"floor":42.0,"key":"Omamori"},{"floor":44,"key":"Thread and Needle"},{"floor":44,"key":"The Specimen"},{"floor":54,"key":"White Beast Statue"},{"floor":54,"key":"Lantern"}],"event_choices":[{"damage_healed":0.0,"max_hp_gain":0.0,"max_hp_loss":5.0,"gold_gain":0.0,"event_name":"Golden Idol","player_choice":"Lose Max HP","floor":2.0,"gold_loss":0.0,"damage_taken":0.0,"relics_obtained":["Golden Idol"]},{"damage_healed":0.0,"max_hp_gain":5.0,"max_hp_loss":0.0,"gold_gain":0.0,"event_name":"Big Fish","player_choice":"Donut","floor":3.0,"gold_loss":0.0,"damage_taken":0.0},{"damage_healed":0.0,"max_hp_gain":0.0,"max_hp_loss":0.0,"gold_gain":0.0,"event_name":"Shining Light","player_choice":"Entered Light","floor":4.0,"gold_loss":0.0,"damage_taken":13.0,"cards_upgraded":["Strike_G","Strike_G"]},{"damage_healed":0.0,"max_hp_gain":0.0,"max_hp_loss":0.0,"gold_gain":0.0,"cards_transformed":["Strike_G"],"event_name":"Living Wall","player_choice":"Change","floor":14.0,"gold_loss":0.0,"damage_taken":0.0,"cards_obtained":["Well Laid Plans"]},{"cards_removed":["Strike_G"],"damage_healed":0.0,"max_hp_gain":0.0,"max_hp_loss":0.0,"gold_gain":0.0,"event_name":"Beggar","player_choice":"Gave Gold","floor":19.0,"gold_loss":75.0,"damage_taken":0.0},{"damage_healed":0.0,"max_hp_gain":0.0,"max_hp_loss":33.0,"gold_gain":0.0,"event_name":"Ghosts","player_choice":"Became a Ghost","floor":24.0,"gold_loss":0.0,"damage_taken":0.0,"cards_obtained":["Ghostly","Ghostly","Ghostly","Ghostly","Ghostly"]},{"damage_healed":0.0,"max_hp_gain":0.0,"max_hp_loss":0.0,"gold_gain":0.0,"event_name":"Mysterious Sphere","player_choice":"Fight","floor":36.0,"gold_loss":0.0,"damage_taken":0.0},{"damage_healed":0.0,"max_hp_gain":0.0,"max_hp_loss":0.0,"gold_gain":0.0,"event_name":"MindBloom","player_choice":"Upgrade","floor":37.0,"gold_loss":0.0,"damage_taken":0.0,"cards_upgraded":["Defend_G","Defend_G","Defend_G","Defend_G","Survivor","Infinite Blades","Blade Dance","Concentrate","Ghostly","Ghostly","Ghostly","Ghostly","Ghostly","After Image"],"relics_obtained":["Mark of the Bloom"]},{"damage_healed":0.0,"max_hp_gain":0.0,"max_hp_loss":0.0,"gold_gain":0.0,"event_name":"SecretPortal","player_choice":"Ignored","floor":41.0,"gold_loss":0.0,"damage_taken":0.0}],"is_beta":false,"boss_relics":[{"not_picked":["Snecko Eye","Runic Dome"],"picked":"Cursed Key"},{"not_picked":["SacredBark","Philosopher\u0027s Stone"],"picked":"HoveringKite"}],"items_purged_floors":[5,28,53],"is_endless":false,"potions_floor_spawned":[1,16,18,22,31,35,36,38,42,54],"ascension_level":14}}