{"host":"vdpaduzlq0qlaikq","time":1610216025,"event":{"mods":["AchievementEnabler","BaseMod","Better Third Choice","BetterRewards","Colored Map","Downfall","Gold Saver","Hermit","Jorbs\u0027s Wanderer Trilogy","Minty Spire (QoL Compilation)","Relic Filter","Spicy Shops","StSLib","The Necromancer"],"gold_per_floor":[1254,1274,1285,1285,321,335,335,363,377,652,669,94,19,32,48,151,151,151,166,185,198,198,198,225,210,60,89,108,108,108,127,147,248,248,248,266,286,28,28,28,54,54,54,88,138,138,157,157,174,174,174,174,174,174],"floor_reached":52,"playtime":3961,"items_purged":["champ:Strike","Regret","champ:Defend"],"score":816,"play_id":"bd6a590f-e5cf-4586-b4b1-b13c21c26322","local_time":"20210109161345","is_ascension_mode":true,"campfire_choices":[{"data":"champ:Taunt","floor":1,"key":"SMITH"},{"data":"champ:DefensiveStyle","floor":13,"key":"SMITH"},{"floor":18,"key":"RECALL"},{"data":"champ:StrikeOfGenius","floor":23,"key":"SMITH"},{"data":"champ:FanOfKnives","floor":26,"key":"SMITH"},{"data":"champ:SteelEdge","floor":29,"key":"SMITH"},{"data":"champ:TornadoPunch","floor":35,"key":"SMITH"},{"data":"champ:StanceDance","floor":43,"key":"SMITH"},{"data":"champ:BringItOn","floor":46,"key":"SMITH"}],"circlet_count":0,"master_deck":["champ:Strike","champ:Strike","champ:Defend","champ:Defend","champ:Defend","champ:Execute","champ:Taunt+1","champ:TornadoPunch+1","champ:FanOfKnives+1","champ:Haymaker","champ:IgnorePain","champ:SteelEdge+1","champ:BringItOn+1","champ:StanceDance+1","champ:DefensiveStyle+1","champ:Devastate","champ:StrikeOfGenius+1","Necronomicurse","champ:MurderStrike","champ:FocusedGladiator","champ:Balance+1","champ:Improvising","champ:FlashCut+1","champ:SwordSigil"],"relics":["Snecko Eye","Guardian:PocketSentry","Singing Bowl","Ornamental Fan","MealTicket","Bag of Marbles","champ:FightingForDummies","champ:DefensiveTrainingManual","Incense Burner","downfall:HeartBlessingGreen","Sozu","Necronomicon","downfall:HeartBlessingBlue","downfall:HeartBlessingRed","Torii","SlaversCollar","Mango","HornCleat","Unceasing Top","Blood Vial","Du-Vu Doll","FossilizedHelix","Mercury Hourglass"],"acts_visited":["Exordium","TheCity","TheBeyond","TheEnding"],"potions_floor_usage":[],"damage_taken":[{"damage":11,"enemies":"Jaw Worm","floor":2,"turns":3},{"damage":5,"enemies":"Cultist","floor":3,"turns":2},{"damage":5,"enemies":"downfall:FleeingMerchant","floor":5,"turns":4},{"damage":5,"enemies":"Small Slimes","floor":6,"turns":2},{"damage":3,"enemies":"Gremlin Nob","floor":8,"turns":3},{"damage":5,"enemies":"Gremlin Gang","floor":9,"turns":2},{"damage":3,"enemies":"Blue Slaver","floor":11,"turns":2},{"damage":16,"enemies":"downfall:FleeingMerchant","floor":12,"turns":4},{"damage":0,"enemies":"3 Louse","floor":14,"turns":1},{"damage":0,"enemies":"Exordium Thugs","floor":15,"turns":2},{"damage":42,"enemies":"downfall:Defect","floor":16,"turns":8},{"damage":12,"enemies":"3 Byrds","floor":19,"turns":5},{"damage":10,"enemies":"Sentry and Sphere","floor":20,"turns":4},{"damage":3,"enemies":"3 Cultists","floor":21,"turns":3},{"damage":12,"enemies":"downfall:FleeingMerchant","floor":25,"turns":4},{"damage":1,"enemies":"Book of Stabbing","floor":27,"turns":3},{"damage":0,"enemies":"Snake Plant","floor":28,"turns":1},{"damage":0,"enemies":"Centurion and Healer","floor":31,"turns":2},{"damage":5,"enemies":"Snecko","floor":32,"turns":3},{"damage":21,"enemies":"downfall:Watcher","floor":33,"turns":6},{"damage":8,"enemies":"3 Darklings","floor":36,"turns":4},{"damage":0,"enemies":"Orb Walker","floor":37,"turns":3},{"damage":3,"enemies":"downfall:FleeingMerchant","floor":38,"turns":3},{"damage":0,"enemies":"Sphere and 2 Shapes","floor":40,"turns":2},{"damage":10,"enemies":"Reptomancer","floor":44,"turns":3},{"damage":0,"enemies":"2 Orb Walkers","floor":45,"turns":2},{"damage":0,"enemies":"4 Shapes","floor":47,"turns":2},{"damage":0,"enemies":"Spire Growth","floor":49,"turns":3},{"damage":28,"enemies":"downfall:Silent","floor":50,"turns":5},{"damage":150,"enemies":"downfall:CharBossMerchant","floor":52,"turns":7}],"seed_played":"9217199739828211698","potions_obtained":[{"floor":6,"key":"hexamod:EctoCoolerPotion"},{"floor":8,"key":"Guardian:BlockOnCardUsePotion"},{"floor":11,"key":"champ:UltimateStancePotion"},{"floor":16,"key":"LiquidMemories"}],"is_trial":false,"path_per_floor":["R","M","M","?","$","M","T","E","M","?","M","$","R","M","M","B",null,"R","M","M","M","?","R","T","$","R","E","M","R","?","M","M","B",null,"R","M","M","$","$","M","T","?","R","E","?","R","M","T","M","B",null,"E"],"character_chosen":"THE_CHAMP","items_purchased":["champ:IgnorePain","champ:SteelEdge","Guardian:PocketSentry","Singing Bowl","Ornamental Fan","champ:FightingForDummies","champ:DefensiveTrainingManual","champ:DefensiveStyle","Incense Burner","Mango","HornCleat","Unceasing Top"],"campfire_rested":0,"item_purchase_floors":[5,5,5,5,5,12,12,12,12,38,38,38],"current_hp_per_floor":[90,84,84,84,84,86,86,91,91,91,90,90,90,90,92,60,98,98,98,98,100,84,84,84,102,112,116,116,116,116,118,118,105,118,118,112,119,138,138,138,138,138,138,140,142,142,142,142,144,130,144,0,0,0],"gold":174,"neow_bonus":"BOSS_RELIC","is_daily":false,"chose_seed":false,"campfire_upgraded":8,"win_rate":0.0,"timestamp":1610216025,"path_taken":["R","M","M","?","$","M","T","E","M","?","M","$","R","?","M","BOSS","R","M","M","M","?","R","T","$","R","E","M","R","?","M","M","BOSS","R","M","M","?","$","M","T","?","R","E","?","R","M","?","M","BOSS","E"],"items_purchased_type":["Card","Card","Relic","Relic","Relic","Relic","Relic","Card","Relic","Relic","Relic","Relic"],"build_version":"2020-12-22","purchased_purges":3,"victory":false,"max_hp_per_floor":[90,90,90,90,90,92,92,92,92,92,94,96,96,96,98,98,98,98,100,102,104,104,104,104,106,116,116,116,116,116,118,118,118,118,118,120,122,138,138,138,138,138,138,140,142,142,142,142,144,144,144,144,144,144],"card_choices":[{"not_picked":["champ:StanceDance","champ:GladiatorsShout"],"picked":"champ:TornadoPunch","floor":2},{"not_picked":["champ:Encircle","champ:EnGarde"],"picked":"champ:FanOfKnives","floor":3},{"not_picked":["champ:FlashCut","champ:Aggression"],"picked":"champ:Haymaker","floor":5},{"not_picked":["champ:BerserkersShout","champ:GladiatorsShout","champ:PerfectedStrike"],"picked":"Singing Bowl","floor":6},{"not_picked":["champ:CrookedStrike","champ:RageSigil"],"picked":"champ:BringItOn","floor":8},{"not_picked":["champ:AdrenalArmor","champ:Duel"],"picked":"champ:StanceDance","floor":9},{"not_picked":["champ:ShieldSigil","champ:Circumvent","champ:Riposte"],"picked":"Singing Bowl","floor":11},{"not_picked":["champ:GladiatorsShout","champ:GutPunch","champ:HeartStrike"],"picked":"Singing Bowl","floor":12},{"not_picked":["champ:Haymaker","champ:CrookedStrike"],"picked":"champ:Devastate","floor":14},{"not_picked":["champ:BladeFlurry","champ:ArenaPreparation","champ:FanOfKnives"],"picked":"Singing Bowl","floor":15},{"not_picked":["champ:Devastate","champ:SteelEdge"],"picked":"champ:StrikeOfGenius","floor":16},{"not_picked":["champ:TornadoPunch","champ:Circumvent","champ:BringItOn"],"picked":"Singing Bowl","floor":19},{"not_picked":["champ:Circumvent","champ:CrookedStrike","champ:ArenaPreparation"],"picked":"Singing Bowl","floor":20},{"not_picked":["champ:BerserkersShout","champ:GutPunch+1","champ:BladeFlurry"],"picked":"Singing Bowl","floor":21},{"not_picked":["champ:DancingMaster","champ:BladeFlurry","champ:ShieldSigil"],"picked":"Singing Bowl","floor":25},{"not_picked":["champ:RageSigil+1","champ:FanOfKnives"],"picked":"champ:MurderStrike","floor":27},{"not_picked":["champ:FocusedBerserking","champ:CrookedStrike+1"],"picked":"champ:FocusedGladiator","floor":28},{"not_picked":["champ:AdrenalArmor","champ:IronFortress+1","champ:Riposte+1"],"picked":"Singing Bowl","floor":31},{"not_picked":["champ:PerfectedStrike","champ:CrookedStrike+1"],"picked":"champ:Balance+1","floor":32},{"not_picked":["champ:PerfectForm","champ:SwordThrow"],"picked":"champ:Improvising","floor":33},{"not_picked":["champ:FaceSlap+1","champ:RisingSlash","champ:Riposte+1"],"picked":"Singing Bowl","floor":36},{"not_picked":["champ:FanOfKnives","champ:DefensiveStyle","champ:DeathBlow+1"],"picked":"Singing Bowl","floor":37},{"not_picked":["champ:BringItOn","champ:FanOfKnives","champ:Circumvent"],"picked":"Singing Bowl","floor":38},{"not_picked":["champ:BringItOn+1","champ:StanceDance+1"],"picked":"champ:FlashCut+1","floor":40},{"not_picked":["champ:EnragedBash","champ:FightOn","champ:RapidStrikes+1"],"picked":"Singing Bowl","floor":44},{"not_picked":["champ:BerserkersShout+1","champ:Backstep","champ:GladiatorsShout"],"picked":"Singing Bowl","floor":45},{"not_picked":["champ:FaceSlap+1","champ:Haymaker+1"],"picked":"champ:SwordSigil","floor":47},{"not_picked":["champ:TornadoPunch","champ:StanceDance","champ:BerserkersShout"],"picked":"Singing Bowl","floor":49}],"player_experience":618502,"relics_obtained":[{"floor":7,"key":"MealTicket"},{"floor":8,"key":"Bag of Marbles"},{"floor":22,"key":"Necronomicon"},{"floor":27,"key":"Torii"},{"floor":41,"key":"Blood Vial"},{"floor":44,"key":"Du-Vu Doll"},{"floor":45,"key":"FossilizedHelix"},{"floor":48,"key":"Mercury Hourglass"}],"event_choices":[{"cards_removed":["champ:Strike"],"damage_healed":0,"gold_gain":0,"player_choice":"Removed Attack","damage_taken":0,"max_hp_gain":0,"max_hp_loss":0,"event_name":"Falling","floor":42,"gold_loss":0},{"damage_healed":0,"gold_gain":0,"player_choice":"Fight","damage_taken":0,"max_hp_gain":0,"max_hp_loss":0,"event_name":"Mysterious Sphere","floor":45,"gold_loss":0}],"is_beta":false,"boss_relics":[{"not_picked":["Pandora\u0027s Box","Fusion Hammer"],"picked":"Sozu"},{"not_picked":["Cursed Key","Busted Crown"],"picked":"SlaversCollar"}],"items_purged_floors":[5,12,38],"is_endless":false,"potions_floor_spawned":[6,8,11,16,21,27,28,33,37,45,47],"killed_by":"downfall:CharBossMerchant","ascension_level":1}}