{"host":"49c2zf0lajbcs427","time":1610227181,"event":{"mods":["AchievementEnabler","BaseMod","Colored Map","Colored Powertips","Highlight Path","Key Reminder","Minty Spire (QoL Compilation)","Relic Stats","StSLib"],"gold_per_floor":[117,117,20,33,51,51,85,85,85,85,100,111,41,41,41,140,140,153,134,152,171,171,171,201,201,201,221,221,221,235,262,262,362,362,381,392,405,425,438,464,474,506,551,569,598,613,613,250,250,250,250,250,26,51,51],"floor_reached":56,"playtime":4747,"items_purged":["Injury"],"score":1809,"play_id":"daa15276-1230-4513-a109-7751cbfd2348","local_time":"20210110101941","is_ascension_mode":true,"campfire_choices":[{"data":"Footwork","floor":6.0,"key":"SMITH"},{"data":"Dash","floor":8.0,"key":"SMITH"},{"data":"Crippling Poison","floor":10.0,"key":"SMITH"},{"floor":15.0,"key":"REST"},{"floor":23.0,"key":"REST"},{"data":"After Image","floor":25,"key":"SMITH"},{"data":"Catalyst","floor":28,"key":"SMITH"},{"floor":32,"key":"REST"},{"floor":49,"key":"RECALL"},{"data":"Catalyst","floor":52,"key":"SMITH"}],"circlet_count":0,"master_deck":["Strike_G","Strike_G","Defend_G","Defend_G","Defend_G","Defend_G","Defend_G","Survivor","Neutralize","Sucker Punch","Footwork+1","PiercingWail","Crippling Poison+1","Sucker Punch","Dash+1","Quick Slash","Adrenaline","Footwork+1","After Image+1","Catalyst+1","Well Laid Plans","Well Laid Plans","Dash","Dodge and Roll+1","Clumsy","Noxious Fumes+1","Acrobatics","Predator+1","Deadly Poison+1","Wraith Form v2","Poisoned Stab+1","PiercingWail+1","Prepared+1","Backflip","Bouncing Flask","Accuracy","Noxious Fumes","Catalyst+1","Catalyst"],"relics":["Black Star","Mercury Hourglass","Matryoshka","Mummified Hand","Question Card","Cursed Key","The Specimen","Pen Nib","Anchor","Molten Egg 2","InkBottle","Toy Ornithopter","Runic Pyramid","Singing Bowl","Bottled Lightning","Meat on the Bone","Oddly Smooth Stone","Blood Vial","CaptainsWheel","Happy Flower","ClockworkSouvenir","Snake Skull","Bottled Flame"],"acts_visited":["Exordium","TheCity","TheBeyond","TheEnding"],"potions_floor_usage":[24,33,40,45,54,55],"damage_taken":[{"damage":10.0,"enemies":"Cultist","floor":1.0,"turns":4.0},{"damage":2.0,"enemies":"Small Slimes","floor":4.0,"turns":4.0},{"damage":1.0,"enemies":"Jaw Worm","floor":5.0,"turns":6.0},{"damage":24.0,"enemies":"3 Sentries","floor":7.0,"turns":10.0},{"damage":3.0,"enemies":"Exordium Wildlife","floor":11.0,"turns":3.0},{"damage":17.0,"enemies":"Exordium Thugs","floor":12.0,"turns":5.0},{"damage":2.0,"enemies":"The Guardian","floor":16.0,"turns":12.0},{"damage":0.0,"enemies":"Spheric Guardian","floor":18.0,"turns":6.0},{"damage":4.0,"enemies":"2 Thieves","floor":19.0,"turns":4.0},{"damage":18.0,"enemies":"Snake Plant","floor":20.0,"turns":5.0},{"damage":16.0,"enemies":"Cultist and Chosen","floor":21.0,"turns":8.0},{"damage":8,"enemies":"Slavers","floor":24,"turns":6},{"damage":0,"enemies":"Sentry and Sphere","floor":27,"turns":8},{"damage":4,"enemies":"Snecko","floor":30,"turns":6},{"damage":0,"enemies":"Book of Stabbing","floor":31,"turns":6},{"damage":10,"enemies":"Collector","floor":33,"turns":6},{"damage":0,"enemies":"3 Shapes","floor":35,"turns":5},{"damage":0,"enemies":"Orb Walker","floor":36,"turns":4},{"damage":0,"enemies":"Jaw Worm Horde","floor":37,"turns":4},{"damage":0,"enemies":"4 Shapes","floor":38,"turns":4},{"damage":0,"enemies":"Sphere and 2 Shapes","floor":39,"turns":4},{"damage":0,"enemies":"Reptomancer","floor":40,"turns":5},{"damage":0,"enemies":"Maw","floor":41,"turns":6},{"damage":16,"enemies":"Giant Head","floor":42,"turns":10},{"damage":0,"enemies":"Jaw Worm Horde","floor":44,"turns":5},{"damage":24,"enemies":"Reptomancer","floor":45,"turns":6},{"damage":0,"enemies":"Writhing Mass","floor":46,"turns":7},{"damage":12,"enemies":"Donu and Deca","floor":50,"turns":8},{"damage":0,"enemies":"Shield and Spear","floor":54,"turns":6},{"damage":3,"enemies":"The Heart","floor":55,"turns":6}],"seed_played":"-8138190307252053685","potions_obtained":[{"floor":1.0,"key":"Fire Potion"},{"floor":7.0,"key":"PowerPotion"},{"floor":12.0,"key":"Poison Potion"},{"floor":19.0,"key":"AttackPotion"},{"floor":21.0,"key":"ColorlessPotion"},{"floor":24,"key":"LiquidBronze"},{"floor":31,"key":"SkillPotion"},{"floor":33,"key":"BlessingOfTheForge"},{"floor":37,"key":"EssenceOfSteel"},{"floor":41,"key":"Swift Potion"},{"floor":44,"key":"Strength Potion"},{"floor":45,"key":"Swift Potion"},{"floor":46,"key":"GamblersBrew"}],"is_trial":false,"path_per_floor":["M","?","$","M","M","R","E","R","T","R","M","M","$","?","R","B",null,"M","M","M","M","?","R","E","R","T","M","R","?","M","E","R","B",null,"M","M","M","M","M","E","M","E","T","M","E","M","?","$","R","B",null,"R","$","E","B",null],"character_chosen":"THE_SILENT","items_purchased":["Footwork","PiercingWail","Footwork","Noxious Fumes","Catalyst","Happy Flower","Catalyst","ClockworkSouvenir"],"campfire_rested":3,"item_purchase_floors":[3,3,13,48,48,48,53,53],"current_hp_per_floor":[53,70,70,68,67,67,43,43,43,43,40,23,23,23,44,42,63,63,59,41,25,25,46,38,38,38,38,38,38,34,34,55,50,65,65,65,65,65,65,72,74,60,60,62,45,47,47,47,47,49,72,72,72,81,79],"gold":51,"neow_bonus":"BOSS_RELIC","is_daily":false,"chose_seed":false,"campfire_upgraded":6,"win_rate":0.0,"timestamp":1610227181,"path_taken":["M","?","$","M","?","R","E","R","T","R","M","M","?","?","R","BOSS","M","M","M","M","?","R","E","R","T","M","R","?","?","E","R","BOSS","M","M","M","M","M","E","M","E","T","M","E","M","?","$","R","BOSS","R","$","E","BOSS"],"items_purchased_type":["Card","Card","Card","Card","Card","Relic","Card","Relic"],"build_version":"2020-12-22","purchased_purges":1,"victory":true,"max_hp_per_floor":[70,70,70,70,70,70,70,70,70,70,70,70,70,70,70,70,70,70,70,70,70,70,70,70,70,70,70,70,70,70,70,70,70,70,70,70,70,70,70,72,74,76,76,78,80,80,80,80,80,80,80,80,80,82,82],"relic_stats":{"Singing Bowl":12,"Happy Flower":[6],"counters":[30,177],"Pen Nib":[15],"Snake Skull":[13],"Question Card":24,"Cursed Key":2,"Mercury Hourglass":[559],"Blood Vial":7,"Mummified Hand":[167],"Black Star":7,"obtain_stats":[{"Singing Bowl":40,"Snake Skull":54,"Cursed Key":17,"ClockworkSouvenir":53,"Blood Vial":45,"Matryoshka":7,"Mummified Hand":9,"InkBottle":31,"Ring of the Snake":0,"Runic Pyramid":34,"The Specimen":24,"Happy Flower":48,"Oddly Smooth Stone":42,"Pen Nib":24,"Question Card":9,"Mercury Hourglass":7,"keyreminder:keyreminder":40,"Anchor":26,"CaptainsWheel":45,"Bottled Flame":54,"Molten Egg 2":26,"Black Star":0,"Bottled Lightning":40,"Toy Ornithopter":31,"Meat on the Bone":42},{"Singing Bowl":22,"Snake Skull":29,"Cursed Key":7,"ClockworkSouvenir":28,"Blood Vial":26,"Matryoshka":4,"Mummified Hand":4,"InkBottle":15,"Ring of the Snake":0,"Runic Pyramid":16,"The Specimen":12,"Happy Flower":27,"Oddly Smooth Stone":24,"Pen Nib":12,"Question Card":4,"Mercury Hourglass":4,"keyreminder:keyreminder":22,"Anchor":12,"CaptainsWheel":26,"Bottled Flame":29,"Molten Egg 2":12,"Black Star":0,"Bottled Lightning":22,"Toy Ornithopter":15,"Meat on the Bone":24},{"Singing Bowl":123,"Snake Skull":171,"Cursed Key":44,"ClockworkSouvenir":165,"Blood Vial":150,"Matryoshka":24,"Mummified Hand":24,"InkBottle":92,"Ring of the Snake":0,"Runic Pyramid":98,"The Specimen":72,"Happy Flower":157,"Oddly Smooth Stone":139,"Pen Nib":72,"Question Card":24,"Mercury Hourglass":24,"keyreminder:keyreminder":123,"Anchor":72,"CaptainsWheel":150,"Bottled Flame":171,"Molten Egg 2":72,"Black Star":0,"Bottled Lightning":123,"Toy Ornithopter":92,"Meat on the Bone":139}],"InkBottle":[36],"Toy Ornithopter":20,"Meat on the Bone":12},"card_choices":[{"not_picked":["Finisher","Cloak And Dagger"],"picked":"Sucker Punch","floor":1.0},{"not_picked":["Dagger Spray","Finisher"],"picked":"Crippling Poison","floor":4.0},{"not_picked":["Prepared","PiercingWail"],"picked":"Sucker Punch","floor":5.0},{"not_picked":["Catalyst","Well Laid Plans"],"picked":"Dash","floor":7.0},{"not_picked":["Setup","Eviscerate","Escape Plan"],"picked":"Quick Slash","floor":11.0},{"not_picked":["Dodge and Roll","Sucker Punch","Infinite Blades"],"picked":"Adrenaline","floor":12.0},{"not_picked":["Glass Knife","Doppelganger","Bullet Time"],"picked":"After Image","floor":16.0},{"not_picked":["Underhanded Strike","Dagger Spray","Sucker Punch","Outmaneuver+1"],"picked":"SKIP","floor":18.0},{"not_picked":["All Out Attack","Flying Knee+1","Heel Hook+1"],"picked":"Catalyst","floor":19.0},{"not_picked":["Prepared","Quick Slash","All Out Attack","Underhanded Strike"],"picked":"SKIP","floor":20.0},{"not_picked":["Blade Dance","Dagger Spray","Skewer"],"picked":"Well Laid Plans","floor":21.0},{"not_picked":["Crippling Poison","Flechettes+1","Dagger Throw"],"picked":"Dodge and Roll+1","floor":24},{"not_picked":["Finisher+1","Calculated Gamble","Storm of Steel"],"picked":"Noxious Fumes+1","floor":27},{"not_picked":["Dodge and Roll","Prepared","Quick Slash+1"],"picked":"Predator+1","floor":30},{"not_picked":["Infinite Blades","Heel Hook+1","PiercingWail"],"picked":"Deadly Poison+1","floor":31},{"not_picked":["Die Die Die+1","Malaise","Grand Finale+1"],"picked":"Wraith Form v2","floor":33},{"not_picked":["Underhanded Strike+1","Deflect","Sucker Punch+1"],"picked":"Poisoned Stab+1","floor":35},{"not_picked":["Tactician+1","Slice+1","Deflect+1"],"picked":"PiercingWail+1","floor":36},{"not_picked":["Well Laid Plans+1","Endless Agony+1","Heel Hook+1"],"picked":"Prepared+1","floor":37},{"not_picked":["Reflex+1","Blade Dance","Outmaneuver+1"],"picked":"Backflip","floor":38},{"not_picked":["Endless Agony+1","Finisher+1","Deflect","Dagger Throw+1"],"picked":"SKIP","floor":39},{"not_picked":["Unload+1","Deflect","Prepared+1","Blade Dance+1"],"picked":"Singing Bowl","floor":40},{"not_picked":["Accuracy","Dagger Throw+1","Finisher+1","Masterful Stab+1"],"picked":"Singing Bowl","floor":41},{"not_picked":["A Thousand Cuts","Prepared","Masterful Stab+1","Eviscerate+1"],"picked":"Singing Bowl","floor":42},{"not_picked":["Prepared+1","All Out Attack+1","Backstab+1","Dodge and Roll+1"],"picked":"Singing Bowl","floor":44},{"not_picked":["Skewer+1","All Out Attack+1","Backflip+1","Bane+1"],"picked":"Singing Bowl","floor":45},{"not_picked":["Eviscerate+1","Dagger Throw+1","Underhanded Strike+1"],"picked":"Bouncing Flask","floor":46},{"not_picked":["Blade Dance","Unload+1","Flying Knee+1","Expertise"],"picked":"Singing Bowl","floor":54}],"player_experience":2273632,"relics_obtained":[{"floor":7.0,"key":"Mercury Hourglass"},{"floor":7.0,"key":"Matryoshka"},{"floor":9.0,"key":"Mummified Hand"},{"floor":9.0,"key":"Question Card"},{"floor":24,"key":"The Specimen"},{"floor":24,"key":"Pen Nib"},{"floor":26,"key":"Anchor"},{"floor":26,"key":"Molten Egg 2"},{"floor":31,"key":"InkBottle"},{"floor":31,"key":"Toy Ornithopter"},{"floor":40,"key":"Singing Bowl"},{"floor":40,"key":"Bottled Lightning"},{"floor":42,"key":"Meat on the Bone"},{"floor":42,"key":"Oddly Smooth Stone"},{"floor":45,"key":"Blood Vial"},{"floor":45,"key":"CaptainsWheel"},{"floor":54,"key":"Snake Skull"},{"floor":54,"key":"Bottled Flame"}],"event_choices":[{"damage_healed":17.0,"max_hp_gain":0.0,"max_hp_loss":0.0,"gold_gain":0.0,"event_name":"Wheel of Change","player_choice":"Full Heal","floor":2.0,"gold_loss":0.0,"damage_taken":0.0},{"damage_healed":0.0,"max_hp_gain":0.0,"max_hp_loss":0.0,"gold_gain":0.0,"event_name":"Living Wall","player_choice":"Grow","floor":14.0,"gold_loss":0.0,"damage_taken":0.0,"cards_upgraded":["Footwork"]},{"damage_healed":0.0,"max_hp_gain":0.0,"max_hp_loss":0.0,"gold_gain":0.0,"cards_transformed":["Strike_G","Strike_G"],"event_name":"Drug Dealer","player_choice":"Became Test Subject","floor":22.0,"gold_loss":0.0,"damage_taken":0.0,"cards_obtained":["Well Laid Plans","Dash"]},{"damage_healed":0,"gold_gain":0,"player_choice":"Read","damage_taken":0,"max_hp_gain":0,"max_hp_loss":0,"event_name":"The Library","floor":29,"gold_loss":0,"cards_obtained":["Acrobatics"]},{"damage_healed":0,"gold_gain":0,"cards_transformed":["Strike_G"],"player_choice":"Transformed","damage_taken":0,"max_hp_gain":0,"max_hp_loss":0,"event_name":"Transmorgrifier","floor":47,"gold_loss":0,"cards_obtained":["Accuracy"]}],"is_beta":false,"boss_relics":[{"not_picked":["Calling Bell","Busted Crown"],"picked":"Cursed Key"},{"not_picked":["SlaversCollar","Fusion Hammer"],"picked":"Runic Pyramid"}],"items_purged_floors":[48],"is_endless":false,"potions_floor_spawned":[1,7,12,19,21,24,31,33,37,38,41,44,45,46],"ascension_level":9}}