{"host":"3l94tha3a4jgu0q4","time":1610235611,"event":{"mods":["2.2 Compatiblity","AchievementEnabler","BaseMod","Colored Map","Colored Powertips","Downfall","Highlight Path","Minty Spire (QoL Compilation)","Permanent Neow","StSLib","SuperFastMode"],"gold_per_floor":[99,118,133,133,133,148,148,148,166,191,202,23,42,53,72,72,72,72],"floor_reached":16,"playtime":660,"items_purged":["hexamod:Strike"],"score":106,"play_id":"25245d1a-c791-4f27-8f60-4bb9636d9d9f","local_time":"20210109154011","is_ascension_mode":false,"campfire_choices":[{"data":"hexamod:GhostflameInferno","floor":1,"key":"SMITH"},{"data":"hexamod:FastForward","floor":8,"key":"SMITH"}],"circlet_count":0,"master_deck":["hexamod:Strike","hexamod:Strike","hexamod:Strike","hexamod:Defend","hexamod:Defend","hexamod:Defend","hexamod:Defend","hexamod:Sear","hexamod:Float","hexamod:GhostflameInferno+1","hexamod:FastForward+1","hexamod:AdvancingGuard","hexamod:GhostOfSpireFuture","hexamod:SkipABeat","hexamod:RadiantFlame","hexamod:BacktrackSmack","hexamod:StepThrough","hexamod:ShieldOfDarkness","hexamod:SecondSeal"],"relics":["hexamod:SpiritBrand","Bag of Preparation","The Courier","Pear"],"acts_visited":["Exordium"],"potions_floor_usage":[10,16,16,16],"damage_taken":[{"damage":0,"enemies":"Cultist","floor":2,"turns":3},{"damage":1,"enemies":"Small Slimes","floor":3,"turns":3},{"damage":1,"enemies":"2 Louse","floor":6,"turns":2},{"damage":0,"enemies":"2 Fungi Beasts","floor":9,"turns":3},{"damage":24,"enemies":"3 Sentries","floor":10,"turns":10},{"damage":0,"enemies":"Large Slime","floor":11,"turns":4},{"damage":0,"enemies":"downfall:FleeingMerchant","floor":12,"turns":4},{"damage":9,"enemies":"Lots of Slimes","floor":13,"turns":5},{"damage":10,"enemies":"Gremlin Gang","floor":14,"turns":5},{"damage":4,"enemies":"Red Slaver","floor":15,"turns":3},{"damage":19,"enemies":"downfall:Silent","floor":16,"turns":8}],"seed_played":"-6934301822216341232","potions_obtained":[{"floor":3,"key":"hexamod:EctoCoolerPotion"},{"floor":6,"key":"Guardian:BlockOnCardUsePotion"},{"floor":10,"key":"SkillPotion"},{"floor":14,"key":"GamblersBrew"},{"floor":15,"key":"Guardian:BlockOnCardUsePotion"}],"is_trial":false,"path_per_floor":["R","M","M","?","?","M","T","R","M","E","M","$","M","M","M","B"],"character_chosen":"THE_SPIRIT","items_purchased":["hexamod:BacktrackSmack","hexamod:StepThrough"],"campfire_rested":0,"item_purchase_floors":[12,12],"current_hp_per_floor":[70,70,69,69,57,56,56,56,56,42,42,42,33,23,19,0,0,0],"gold":72,"neow_bonus":"ONE_RANDOM_RARE_CARD","is_daily":false,"chose_seed":false,"campfire_upgraded":2,"win_rate":0.0,"timestamp":1610235611,"path_taken":["R","M","M","?","?","M","T","R","M","E","M","$","M","M","M","BOSS"],"items_purchased_type":["Card","Card"],"build_version":"2020-12-22","purchased_purges":1,"victory":false,"max_hp_per_floor":[70,70,70,70,70,70,70,70,70,80,80,80,80,80,80,80,80,80],"card_choices":[{"not_picked":["hexamod:InspiringFlames","hexamod:HauntingEcho"],"picked":"hexamod:FastForward","floor":2},{"not_picked":["hexamod:SoulSteal","hexamod:BacktrackSmack"],"picked":"hexamod:AdvancingGuard","floor":3},{"not_picked":["hexamod:Firestarter","hexamod:SpectersWail"],"picked":"hexamod:GhostOfSpireFuture","floor":6},{"not_picked":["hexamod:HeatMetal","hexamod:SwordOfDarkness"],"picked":"hexamod:SkipABeat","floor":9},{"not_picked":["hexamod:NightmareGuise","hexamod:SpectersWail","hexamod:NightmareStrike"],"picked":"SKIP","floor":10},{"not_picked":["hexamod:WildfireWeapon","hexamod:ThermalTransfer"],"picked":"hexamod:RadiantFlame","floor":11},{"not_picked":["hexamod:Hexaguard","hexamod:EtherealExpedition","hexamod:ThermalTransfer"],"picked":"SKIP","floor":12},{"not_picked":["hexamod:GhostLash","hexamod:EmpoweredFlame","hexamod:RainOfEmbers"],"picked":"SKIP","floor":13},{"not_picked":["hexamod:ThermalTransfer","hexamod:SoulSteal"],"picked":"hexamod:ShieldOfDarkness","floor":14},{"not_picked":["hexamod:HeatMetal","hexamod:BurningTouch"],"picked":"hexamod:SecondSeal","floor":15}],"player_experience":2012933,"relics_obtained":[{"floor":7,"key":"The Courier"},{"floor":10,"key":"Pear"}],"event_choices":[{"damage_healed":0,"gold_gain":0,"player_choice":"Success","damage_taken":12,"relics_obtained":["Bag of Preparation"],"max_hp_gain":0,"max_hp_loss":0,"event_name":"Scrap Ooze","floor":5,"gold_loss":0}],"is_beta":false,"boss_relics":[],"items_purged_floors":[12],"is_endless":false,"potions_floor_spawned":[3,6,10,14,15],"killed_by":"downfall:Silent","ascension_level":0}}