{"host":"z9811rt50ti81n54","time":1610205195,"event":{"mods":["BaseMod","Better Altar","Better Match","Better Note","Better Sensory Stone","Better Skull","Better Third Choice","Minty Spire (QoL Compilation)","StSLib","SuperFastMode"],"gold_per_floor":[113,113,38,38,38,38,138,151,177,177,252,272,272,287,287,388,388,402,402,38,53,64,64,64,78,102,102,52,52,52,52,52,155,155,173,189,139,151,151,151,162,162,162,180,180,198,209,209,209,209],"floor_reached":51,"playtime":1598,"items_purged":["Pain","Doubt","Strike_G"],"score":635,"play_id":"76e69fe3-53ff-4ae2-96b0-258680fef584","local_time":"20210110001315","is_ascension_mode":false,"campfire_choices":[{"data":"Venomology","floor":6,"key":"SMITH"},{"data":"Neutralize","floor":13,"key":"SMITH"},{"data":"Doppelganger","floor":15,"key":"SMITH"},{"data":"Phantasmal Killer","floor":23,"key":"SMITH"},{"data":"Leg Sweep","floor":27,"key":"SMITH"},{"data":"All Out Attack","floor":29,"key":"SMITH"},{"data":"Blade Dance","floor":32,"key":"SMITH"},{"data":"Tools of the Trade","floor":40,"key":"SMITH"},{"floor":42,"key":"REST"},{"floor":49,"key":"REST"}],"circlet_count":0,"master_deck":["Strike_G","Strike_G","Defend_G","Defend_G","Defend_G","Defend_G+1","Survivor+1","Neutralize+1","Venomology+1","All Out Attack+1","Slice","Purity","Blade Dance+1","Doppelganger+1","Phantasmal Killer+1","All Out Attack+1","Leg Sweep+1","Dodge and Roll","Footwork+1","Tools of the Trade+1","Escape Plan","Blade Dance+1","Dodge and Roll+1","Prepared+1","Bullet Time","Decay"],"relics":["Ring of the Serpent","WarpedTongs","MealTicket","Smiling Mask","WristBlade","Shuriken","War Paint","Potion Belt","Centennial Puzzle"],"acts_visited":["Exordium","TheCity","TheBeyond"],"potions_floor_usage":[12,14,14,16,16,18,21,25,33,33,33,33,38,41,44,46,46,50,50,50,50,50],"damage_taken":[{"damage":8.0,"enemies":"Small Slimes","floor":1.0,"turns":6.0},{"damage":0,"enemies":"Cultist","floor":8,"turns":4},{"damage":0,"enemies":"2 Louse","floor":12,"turns":1},{"damage":0,"enemies":"Exordium Thugs","floor":14,"turns":3},{"damage":41,"enemies":"Slime Boss","floor":16,"turns":12},{"damage":2,"enemies":"3 Byrds","floor":18,"turns":4},{"damage":0,"enemies":"Chosen","floor":21,"turns":5},{"damage":11,"enemies":"Snecko","floor":22,"turns":4},{"damage":5,"enemies":"Snake Plant","floor":25,"turns":5},{"damage":10,"enemies":"Automaton","floor":33,"turns":7},{"damage":4,"enemies":"3 Darklings","floor":35,"turns":3},{"damage":24,"enemies":"3 Shapes","floor":36,"turns":4},{"damage":4,"enemies":"Writhing Mass","floor":38,"turns":6},{"damage":0,"enemies":"Spire Growth","floor":41,"turns":3},{"damage":4,"enemies":"Sphere and 2 Shapes","floor":44,"turns":4},{"damage":0,"enemies":"Transient","floor":46,"turns":5},{"damage":9,"enemies":"Writhing Mass","floor":47,"turns":5},{"damage":6,"enemies":"Awakened One","floor":50,"turns":12}],"seed_played":"8804970224940142882","potions_obtained":[{"floor":1.0,"key":"SkillPotion"},{"floor":14,"key":"DuplicationPotion"},{"floor":19,"key":"CultistPotion"},{"floor":33,"key":"PowerPotion"},{"floor":35,"key":"SteroidPotion"},{"floor":36,"key":"FearPotion"},{"floor":44,"key":"Swift Potion"}],"is_trial":false,"path_per_floor":["M","?","$","T","$","R","?","M","T","?","?","M","R","M","R","B",null,"M","?","$","M","M","R","?","M","T","R","?","R","T","?","R","B",null,"M","M","$","M","?","R","M","R","T","M","?","M","M","?","R","B",null],"character_chosen":"THE_SILENT","items_purchased":["Shuriken","Leg Sweep"],"campfire_rested":2,"item_purchase_floors":[20,20],"current_hp_per_floor":[62,62,62,62,70,70,70,70,70,70,59,59,59,59,59,18,70,68,68,70,70,59,59,70,65,65,65,65,65,65,65,65,55,70,66,42,57,53,53,53,53,70,70,66,66,66,57,57,70,64],"gold":209,"neow_bonus":"TRANSFORM_TWO_CARDS","is_daily":false,"chose_seed":false,"campfire_upgraded":8,"win_rate":0.0,"timestamp":1610205195,"path_taken":["M","?","$","?","$","R","?","?","T","?","?","M","R","M","R","BOSS","M","?","$","M","M","R","?","M","T","R","?","R","?","?","R","BOSS","M","M","$","M","?","R","M","R","T","M","?","M","M","?","R","BOSS"],"items_purchased_type":["Relic","Card"],"build_version":"2020-12-22","purchased_purges":3,"victory":true,"max_hp_per_floor":[70,70,70,70,70,70,70,70,70,70,70,70,70,70,70,70,70,70,70,70,70,70,70,70,70,70,70,70,70,70,70,70,70,70,70,70,70,70,70,70,70,70,70,70,70,70,70,70,70,70],"card_choices":[{"not_picked":["PiercingWail","Flechettes"],"picked":"All Out Attack","floor":1.0},{"not_picked":["Quick Slash","Finisher"],"picked":"Slice","floor":8},{"not_picked":["Jack Of All Trades","Dramatic Entrance"],"picked":"Purity","floor":10},{"not_picked":["Slice","Poisoned Stab"],"picked":"Blade Dance","floor":12},{"not_picked":["Deadly Poison","Cloak And Dagger"],"picked":"Doppelganger","floor":14},{"not_picked":["Venomology","Tools of the Trade"],"picked":"Phantasmal Killer","floor":16},{"not_picked":["Backflip+1","Flechettes"],"picked":"All Out Attack+1","floor":18},{"not_picked":["Underhanded Strike+1","Prepared","Distraction"],"picked":"SKIP","floor":21},{"not_picked":["Finisher","Acrobatics"],"picked":"Dodge and Roll","floor":22},{"not_picked":["Prepared","Outmaneuver"],"picked":"Footwork+1","floor":25},{"not_picked":["Glass Knife","Grand Finale"],"picked":"Tools of the Trade","floor":33},{"not_picked":["Dagger Spray","Poisoned Stab+1"],"picked":"Escape Plan","floor":35},{"not_picked":["Sucker Punch+1","Setup"],"picked":"Blade Dance+1","floor":36},{"not_picked":["Choke","Dagger Spray+1","Flying Knee+1"],"picked":"SKIP","floor":38},{"not_picked":["Deadly Poison+1","Underhanded Strike+1"],"picked":"Dodge and Roll+1","floor":41},{"not_picked":["Dagger Spray+1","Underhanded Strike","Infinite Blades+1"],"picked":"SKIP","floor":44},{"not_picked":["Distraction","All Out Attack+1"],"picked":"Prepared+1","floor":46},{"not_picked":["Sucker Punch","Acrobatics"],"picked":"Bullet Time","floor":47}],"player_experience":342755,"relics_obtained":[{"floor":4,"key":"MealTicket"},{"floor":9,"key":"Smiling Mask"},{"floor":26,"key":"War Paint"},{"floor":30,"key":"Potion Belt"},{"floor":43,"key":"Centennial Puzzle"}],"event_choices":[{"damage_healed":0.0,"max_hp_gain":0.0,"max_hp_loss":0.0,"gold_gain":0.0,"event_name":"Accursed Blacksmith","player_choice":"Rummage","floor":2.0,"gold_loss":0.0,"damage_taken":0.0,"relics_obtained":["WarpedTongs"],"cards_obtained":["Pain"]},{"damage_healed":0,"gold_gain":100,"player_choice":"Pray","damage_taken":0,"max_hp_gain":0,"max_hp_loss":0,"event_name":"Golden Shrine","floor":7,"gold_loss":0},{"damage_healed":0,"gold_gain":1,"player_choice":"1","damage_taken":0,"max_hp_gain":0,"max_hp_loss":0,"event_name":"betterStone:BetterStone","floor":10,"gold_loss":0},{"damage_healed":0,"gold_gain":75,"player_choice":"Gold","damage_taken":11,"max_hp_gain":0,"max_hp_loss":0,"event_name":"betterThird:BetterGoop","floor":11,"gold_loss":0},{"damage_healed":0,"gold_gain":0,"player_choice":"Got Potions","damage_taken":0,"max_hp_gain":0,"max_hp_loss":0,"event_name":"Lab","floor":19,"gold_loss":0},{"cards_removed":["Reflex"],"damage_healed":11,"gold_gain":0,"player_choice":"Offered Uncommon","damage_taken":0,"max_hp_gain":0,"max_hp_loss":0,"event_name":"Bonfire Elementals","floor":24,"gold_loss":0},{"damage_healed":0,"gold_gain":0,"player_choice":"Bet on Murderer","damage_taken":0,"max_hp_gain":0,"max_hp_loss":0,"event_name":"The Joust","floor":28,"gold_loss":50},{"damage_healed":0,"gold_gain":0,"player_choice":"Ignored","damage_taken":0,"max_hp_gain":0,"max_hp_loss":0,"event_name":"Vampires","floor":31,"gold_loss":0},{"damage_healed":0,"gold_gain":0,"player_choice":"Ignored","damage_taken":0,"max_hp_gain":0,"max_hp_loss":0,"event_name":"Tomb of Lord Red Mask","floor":39,"gold_loss":0},{"cards_removed":["Strike_G"],"damage_healed":0,"gold_gain":0,"player_choice":"Removed Attack","damage_taken":0,"max_hp_gain":0,"max_hp_loss":0,"event_name":"Falling","floor":45,"gold_loss":0},{"damage_healed":0,"gold_gain":0,"player_choice":"Cursed","damage_taken":0,"max_hp_gain":0,"max_hp_loss":0,"event_name":"Wheel of Change","floor":48,"gold_loss":0,"cards_obtained":["Decay"]}],"is_beta":false,"boss_relics":[{"not_picked":["Black Star","SacredBark"],"picked":"WristBlade"},{"not_picked":["Tiny House","Snecko Eye"],"picked":"Ring of the Serpent"}],"items_purged_floors":[3,20,37],"is_endless":false,"potions_floor_spawned":[1,14,33,35,36,38,44],"ascension_level":0}}