{"host":"sum4dy402bbv9y4o","time":1610235953,"event":{"mods":["Aspiration","BaseMod","Conspire","Highlight Path","Minty Spire (QoL Compilation)","StSLib"],"gold_per_floor":[115,390,403,413,133,133,160,172,172,190,34,45,72,72,72,146,196,207,207,25,25,25,55,55,55,129,154,154,154,154,165,165,165,165],"floor_reached":33,"playtime":1233,"items_purged":["Regret","Strike_P","Strike_P+1"],"score":586,"play_id":"935df9a6-fc92-4942-912f-103c18a69429","local_time":"20210110024553","is_ascension_mode":true,"campfire_choices":[{"data":"Eruption","floor":6,"key":"SMITH"},{"floor":15,"key":"REST"},{"floor":25,"key":"REST"},{"floor":28,"key":"REST"},{"floor":30,"key":"REST"},{"floor":32,"key":"REST"}],"circlet_count":0,"master_deck":["AscendersBane","Strike_P+1","Defend_P","Defend_P+1","Defend_P","Defend_P","Eruption+1","Vigilance","BowlingBash","CarveReality","Conclude","LessonLearned+1","Meditate","WindmillStrike","LikeWater","MentalFortress+1","BowlingBash+1","CarveReality","ConjureBlade+1","Consecrate","FollowUp","FlurryOfBlows","FearNoEvil","Conclude","ClearTheMind"],"relics":["PureWater","aspiration:Nostalgia","Cracked Core","Calipers","aspiration:AnachronicSnailShell","Whetstone","Tiny House","Bottled Lightning","Lantern","aspiration:StickyExplosives","PreservedInsect"],"acts_visited":["Exordium","TheCity"],"potions_floor_usage":[7,13,13,18,22,23],"damage_taken":[{"damage":1,"enemies":"2 Louse","floor":1,"turns":4},{"damage":10,"enemies":"Cultist","floor":3,"turns":3},{"damage":1,"enemies":"Small Slimes","floor":4,"turns":3},{"damage":20,"enemies":"Lagavulin","floor":7,"turns":5},{"damage":0,"enemies":"Blue Slaver","floor":8,"turns":2},{"damage":17,"enemies":"Exordium Thugs","floor":10,"turns":4},{"damage":0,"enemies":"3 Louse","floor":12,"turns":2},{"damage":12,"enemies":"3 Sentries","floor":13,"turns":4},{"damage":16,"enemies":"The Guardian","floor":16,"turns":14},{"damage":3,"enemies":"Chosen","floor":18,"turns":4},{"damage":0,"enemies":"Shell Parasite","floor":22,"turns":1},{"damage":41,"enemies":"Book of Stabbing","floor":23,"turns":4},{"damage":26,"enemies":"Slavers","floor":27,"turns":3},{"damage":12,"enemies":"Snecko","floor":31,"turns":4},{"damage":82,"enemies":"Champ","floor":33,"turns":8}],"seed_played":"8273783040983102435","potions_obtained":[{"floor":1,"key":"AttackPotion"},{"floor":4,"key":"LiquidMemories"},{"floor":8,"key":"conspire:TimeTravelPotion"},{"floor":16,"key":"SmokeBomb"},{"floor":17,"key":"AttackPotion"},{"floor":23,"key":"Fruit Juice"}],"is_trial":false,"path_per_floor":["M","?","M","M","$","R","E","M","T","M","$","M","E","?","R","B",null,"M","?","$","T","M","E","?","R","T","E","R","?","R","M","R","B"],"character_chosen":"WATCHER","items_purchased":["LessonLearned","Meditate","BowlingBash","FlurryOfBlows"],"campfire_rested":5,"item_purchase_floors":[5,5,11,20],"current_hp_per_floor":[60,60,50,49,49,49,29,29,29,12,12,12,5,5,25,9,58,55,55,55,55,55,19,15,38,38,12,35,35,58,46,69,0,0],"gold":165,"neow_bonus":"NOSTALGIA","is_daily":false,"chose_seed":false,"campfire_upgraded":1,"win_rate":0.0,"timestamp":1610235953,"path_taken":["M","?","M","M","$","R","E","?","T","M","$","M","E","?","R","BOSS","M","?","$","?","M","E","?","R","T","E","R","?","R","?","R","BOSS"],"items_purchased_type":["Card","Card","Card","Card"],"build_version":"2020-12-22","purchased_purges":3,"victory":false,"max_hp_per_floor":[68,68,68,68,68,68,68,68,68,68,68,68,68,68,68,68,73,73,73,73,73,73,78,78,78,78,78,78,78,78,78,78,78,78],"card_choices":[{"not_picked":["EmptyMind","SignatureMove"],"picked":"BowlingBash","floor":1},{"not_picked":["SashWhip","PathToVictory"],"picked":"CarveReality","floor":3},{"not_picked":["FlurryOfBlows","Fasting2"],"picked":"Conclude","floor":4},{"not_picked":["Fasting2","ThirdEye"],"picked":"WindmillStrike","floor":7},{"not_picked":["MasterReality","JustLucky"],"picked":"LikeWater","floor":8},{"not_picked":["DeceiveReality","ClearTheMind"],"picked":"MentalFortress","floor":10},{"not_picked":["Collect","SandsOfTime"],"picked":"CarveReality","floor":12},{"not_picked":["CrushJoints","Crescendo","ReachHeaven"],"picked":"SKIP","floor":13},{"not_picked":["Scrawl","Establishment"],"picked":"ConjureBlade","floor":16},{"not_picked":["SashWhip","ReachHeaven"],"picked":"Consecrate","floor":17},{"not_picked":["SandsOfTime","JustLucky"],"picked":"FollowUp","floor":18},{"not_picked":["FollowUp+1","ThirdEye"],"picked":"FearNoEvil","floor":23},{"not_picked":["Worship+1","Weave"],"picked":"Conclude","floor":27},{"not_picked":["Weave","CarveReality"],"picked":"ClearTheMind","floor":31}],"player_experience":2917660,"relics_obtained":[{"floor":7,"key":"Calipers"},{"floor":9,"key":"aspiration:AnachronicSnailShell"},{"floor":13,"key":"Whetstone"},{"floor":21,"key":"Bottled Lightning"},{"floor":23,"key":"Lantern"},{"floor":26,"key":"aspiration:StickyExplosives"},{"floor":27,"key":"PreservedInsect"}],"event_choices":[{"damage_healed":0,"gold_gain":275,"player_choice":"Desecrate","damage_taken":0,"max_hp_gain":0,"max_hp_loss":0,"event_name":"Golden Shrine","floor":2,"gold_loss":0,"cards_obtained":["Regret"]},{"damage_healed":0,"gold_gain":0,"player_choice":"Grow","damage_taken":0,"max_hp_gain":0,"max_hp_loss":0,"event_name":"Living Wall","floor":14,"gold_loss":0,"cards_upgraded":["MentalFortress"]},{"damage_healed":0,"gold_gain":0,"player_choice":"Upgraded","damage_taken":0,"max_hp_gain":0,"max_hp_loss":0,"event_name":"Upgrade Shrine","floor":19,"gold_loss":0,"cards_upgraded":["ConjureBlade"]},{"damage_healed":0,"gold_gain":0,"player_choice":"Leave","damage_taken":0,"max_hp_gain":0,"max_hp_loss":0,"event_name":"conspire:Investor","floor":24,"gold_loss":0},{"cards_removed":["Strike_P"],"damage_healed":0,"gold_gain":0,"player_choice":"Purged","damage_taken":0,"max_hp_gain":0,"max_hp_loss":0,"event_name":"Purifier","floor":29,"gold_loss":0}],"is_beta":false,"boss_relics":[{"not_picked":["aspiration:BursterCore","Coffee Dripper"],"picked":"Tiny House"}],"items_purged_floors":[5,11,20],"is_endless":false,"potions_floor_spawned":[1,4,8,16,22,23],"killed_by":"Champ","ascension_level":20}}