{"host":"nukjzc0ca34w6eem","time":1610165480,"event":{"mods":["2.2 Compatiblity","AchievementEnabler","BaseMod","Colored Powertips","Downfall","Minty Spire (QoL Compilation)","StSLib"],"gold_per_floor":[99,99,99,99,99,130,130,55,55,55,55],"floor_reached":9,"playtime":293,"items_purged":[],"score":77,"play_id":"fde92c1a-d46d-4428-9652-821cb9248693","local_time":"20210108201120","is_ascension_mode":true,"campfire_choices":[{"floor":1.0,"key":"RECALL"},{"floor":8.0,"key":"DIG"}],"circlet_count":0,"master_deck":["Guardian:Strike_Guardian","Guardian:Strike_Guardian","Guardian:Strike_Guardian","Guardian:Strike_Guardian","Guardian:Defend_Guardian","Guardian:Defend_Guardian","Guardian:Defend_Guardian","Guardian:Defend_Guardian","Guardian:CurlUp","Guardian:TwinSlam","Guardian:ChargeCore","Guardian:BronzeOrb","Guardian:Gem_Yellow","Guardian:BronzeArmor"],"relics":["Guardian:ModeShifter","downfall:HeartsMalice","Shovel","downfall:HeartBlessingRed","Lantern"],"acts_visited":["Exordium"],"potions_floor_usage":[],"damage_taken":[{"damage":0.0,"enemies":"2 Louse","floor":2.0,"turns":1.0},{"damage":0.0,"enemies":"Cultist","floor":3.0,"turns":1.0},{"damage":0.0,"enemies":"Jaw Worm","floor":4.0,"turns":1.0},{"damage":25.0,"enemies":"Gremlin Nob","floor":6.0,"turns":5.0},{"damage":0,"enemies":"3 Sentries","floor":9,"turns":1}],"seed_played":"-9005476954928289236","potions_obtained":[{"floor":6.0,"key":"SteroidPotion"}],"is_trial":false,"path_per_floor":["R","M","M","M","?","E","T","R","E"],"character_chosen":"GUARDIAN","items_purchased":[],"campfire_rested":0,"item_purchase_floors":[],"current_hp_per_floor":[72,72,72,72,72,47,47,47,47,47,47],"gold":55,"neow_bonus":"THREE_ENEMY_KILL","is_daily":false,"chose_seed":false,"campfire_upgraded":0,"win_rate":0.0,"timestamp":1610165480,"path_taken":["R","M","M","M","?","E","T","R","E"],"items_purchased_type":[],"build_version":"2020-12-22","purchased_purges":0,"victory":false,"max_hp_per_floor":[80,80,80,80,80,80,80,80,80,80,80],"card_choices":[{"not_picked":["Guardian:Gem_Lightblue","Guardian:VentSteam"],"picked":"Guardian:ChargeCore","floor":2.0},{"not_picked":["Guardian:Recover","Guardian:Gem_Green"],"picked":"Guardian:Gem_Red","floor":3.0},{"not_picked":["Guardian:ShieldCharger","Guardian:Gem_Cyan"],"picked":"Guardian:BronzeOrb","floor":4.0},{"not_picked":["Guardian:VentSteam","Guardian:BronzeOrb"],"picked":"Guardian:BronzeArmor","floor":6.0}],"player_experience":515865,"relics_obtained":[{"floor":6.0,"key":"Shovel"},{"floor":8.0,"key":"Lantern"}],"event_choices":[],"is_beta":false,"boss_relics":[],"items_purged_floors":[],"is_endless":false,"potions_floor_spawned":[6],"killed_by":"3 Sentries","ascension_level":8}}