{"host":"56ghxnzsglgdq727","time":1610210297,"event":{"mods":["AchievementEnabler","BaseMod","Downfall","Duelist Mod","Hermit","Marisa????????","Minty Spire (QoL Compilation)","Rare Cards Sparkle","Remilia??????","SOS???????","StSLib","The Bug Knight","The Senshi","The Servant 0.9.4","The Wild Card","Yuri Mod"],"gold_per_floor":[143,93,113,35,35,68,68,68,368,398,415,449,465,465,465,561,561,578,578,503,503,534,567,605,645,671,703,302,322,322],"floor_reached":29,"playtime":1249,"items_purged":["theDuelist:CaveDragon","theDuelist:CastleWalls"],"score":260,"play_id":"5eedaba4-337f-4736-b2e5-73bc7edf6c70","local_time":"20210109113817","is_ascension_mode":false,"campfire_choices":[{"data":"theDuelist:DragonMirror","floor":7,"key":"SMITH"},{"data":"theDuelist:EvilMind","floor":15,"key":"SMITH"}],"circlet_count":0,"master_deck":["theDuelist:BabyDragon","theDuelist:CastleWalls","theDuelist:CaveDragon","theDuelist:LesserDragon","theDuelist:LesserDragon","theDuelist:Sparks","theDuelist:YamataDragon","theDuelist:ArmedDragon5","theDuelist:DragonMirror+1","theDuelist:EvilMind+1","theDuelist:TotemDragon","theDuelist:ThunderDragon","theDuelist:WingedDragonRa","theDuelist:VoidOgreDragon","theDuelist:Nameless:Greed:BerserkerCrush","Mind Blast+1","theDuelist:ArmageddonDragonEmp+1"],"relics":["theDuelist:MillenniumPuzzle","theDuelist:CardPoolRelic","theDuelist:CardPoolBasicRelic","theDuelist:BoosterPackPoolRelic","theDuelist:CardPoolAddRelic","theDuelist:CardPoolMinusRelic","theDuelist:CardPoolSaveRelic","theDuelist:CardPoolOptionsRelic","Orichalcum","Old Coin","theDuelist:TributeEggRelic","Pen Nib","Sozu","theDuelist:DuelistTeaSet","theDuelist:ZoneToken","Toy Ornithopter"],"acts_visited":["Exordium","TheCity"],"potions_floor_usage":[12,16,16],"damage_taken":[{"damage":0,"enemies":"Cultist","floor":1,"turns":2},{"damage":0,"enemies":"2 Louse","floor":3,"turns":2},{"damage":49,"enemies":"Gremlin Nob","floor":6,"turns":5},{"damage":0,"enemies":"Small Slimes","floor":11,"turns":2},{"damage":0,"enemies":"HollowMod:MossKnight","floor":12,"turns":4},{"damage":0,"enemies":"3 Louse","floor":13,"turns":2},{"damage":11,"enemies":"Hexaghost","floor":16,"turns":6},{"damage":0,"enemies":"Chosen","floor":18,"turns":3},{"damage":12,"enemies":"Spheric Guardian","floor":22,"turns":4},{"damage":21,"enemies":"Snake Plant","floor":23,"turns":4},{"damage":16,"enemies":"Shelled Parasite and Fungi","floor":24,"turns":4},{"damage":12,"enemies":"Centurion and Healer","floor":25,"turns":4},{"damage":17,"enemies":"Sentry and Sphere","floor":27,"turns":4},{"damage":5,"enemies":"Snecko","floor":29,"turns":3}],"seed_played":"5135155757388620184","potions_obtained":[{"floor":1,"key":"theDuelist:TokenPotion"},{"floor":11,"key":"theDuelist:SealedPackB"},{"floor":13,"key":"EssenceOfSteel"}],"is_trial":false,"path_per_floor":["M","?","M","$","?","E","R","?","T","?","M","E","M","T","R","B",null,"M","?","$","?","M","M","M","M","T","M","$","M"],"character_chosen":"THE_DUELIST","items_purchased":["theDuelist:DragonMirror","theDuelist:ZoneToken","Toy Ornithopter"],"campfire_rested":0,"item_purchase_floors":[4,28,28],"current_hp_per_floor":[80,80,80,80,85,36,36,36,36,36,36,36,36,36,36,25,85,85,85,85,85,73,52,36,24,24,7,7,2,2],"gold":322,"neow_bonus":"THREE_CARDS","is_daily":false,"chose_seed":false,"campfire_upgraded":2,"win_rate":0.0,"timestamp":1610210297,"path_taken":["M","?","M","$","?","E","R","?","T","?","M","E","M","?","R","BOSS","M","?","$","?","M","M","M","M","T","M","$","M"],"items_purchased_type":["Card","Relic","Relic"],"build_version":"2020-12-22","purchased_purges":2,"victory":false,"max_hp_per_floor":[80,80,80,80,85,85,85,85,85,85,85,85,85,85,85,85,85,85,85,85,85,85,85,85,85,85,85,85,85,85],"card_choices":[{"not_picked":["theDuelist:SnowDragon","theDuelist:MiraculousDescent"],"picked":"theDuelist:ArmedDragon5","floor":0},{"not_picked":["theDuelist:Hinotama","theDuelist:HaneHane","theDuelist:BlueBloodedOni","theDuelist:Mausoleum","theDuelist:HarpieFeather"],"picked":"SKIP","floor":1},{"not_picked":["theDuelist:MadSwordBeast","theDuelist:GalaxyTyranno","theDuelist:Frostosaurus","theDuelist:Freezadon","theDuelist:BlackTyranno"],"picked":"SKIP","floor":3},{"not_picked":["theDuelist:TrihornedDragon","theDuelist:DarkHorus","theDuelist:BlackTyranno","theDuelist:BlackBrutdrago"],"picked":"theDuelist:EvilMind","floor":6},{"not_picked":["theDuelist:WhiteHowling","theDuelist:SystemDown","theDuelist:AutorokketDragon"],"picked":"theDuelist:TotemDragon","floor":11},{"not_picked":["theDuelist:YamataDragon","theDuelist:Pyrorex","theDuelist:BlackBrutdrago","theDuelist:Beatraptor","theDuelist:MadSwordBeast"],"picked":"SKIP","floor":12},{"not_picked":["theDuelist:LesserDragon","theDuelist:BlackBrutdrago","theDuelist:MirageDragon","theDuelist:DarkDriceratops"],"picked":"theDuelist:ThunderDragon","floor":13},{"not_picked":["theDuelist:LostWorld","theDuelist:Lancephorhynchus","theDuelist:BusterBladerDDS","theDuelist:BerserkScales"],"picked":"theDuelist:WingedDragonRa","floor":16},{"not_picked":["theDuelist:StampingDestruction","theDuelist:BurstBreath"],"picked":"theDuelist:VoidOgreDragon","floor":18},{"not_picked":["theDuelist:ViceDragon","theDuelist:TwinBarrelDragon+1","theDuelist:MaskedDragon","theDuelist:MadSwordBeast","theDuelist:MetalDragon"],"picked":"SKIP","floor":22},{"not_picked":["theDuelist:MaskedDragon+1","theDuelist:SphereChaos+1","theDuelist:CyberDinosaur+1","theDuelist:Hydrogeddon","theDuelist:SuperStridentBlaze"],"picked":"SKIP","floor":23},{"not_picked":["Master of Strategy+1","Metamorphosis","The Bomb"],"picked":"Mind Blast+1","floor":24},{"not_picked":["theDuelist:TwinHeadedFire+1","theDuelist:CoralDragon","theDuelist:MegafleetDragon","theDuelist:FrostflameDragon","theDuelist:GiantRex"],"picked":"SKIP","floor":25},{"not_picked":["theDuelist:BlackBrachios","theDuelist:GravityLash"],"picked":"theDuelist:ArmageddonDragonEmp+1","floor":27}],"player_experience":206850,"relics_obtained":[{"floor":6,"key":"Orichalcum"},{"floor":9,"key":"Old Coin"},{"floor":12,"key":"Pen Nib"},{"floor":26,"key":"theDuelist:DuelistTeaSet"}],"event_choices":[{"cards_removed":["theDuelist:Sparks"],"damage_healed":0,"gold_gain":0,"player_choice":"Card Removal","damage_taken":0,"max_hp_gain":0,"max_hp_loss":0,"event_name":"The Cleric","floor":2,"gold_loss":50},{"damage_healed":0,"gold_gain":0,"player_choice":"Donut","damage_taken":0,"max_hp_gain":5,"max_hp_loss":0,"event_name":"Big Fish","floor":5,"gold_loss":0},{"damage_healed":0,"gold_gain":0,"player_choice":"Ignored","damage_taken":0,"max_hp_gain":0,"max_hp_loss":0,"event_name":"Golden Idol","floor":8,"gold_loss":0},{"damage_healed":0,"gold_gain":30,"player_choice":"Searched \u00272\u0027 times","damage_taken":0,"relics_obtained":["theDuelist:TributeEggRelic"],"max_hp_gain":0,"max_hp_loss":0,"event_name":"Dead Adventurer","floor":10,"gold_loss":0},{"damage_healed":0,"gold_gain":0,"player_choice":"Ignored","damage_taken":0,"max_hp_gain":0,"max_hp_loss":0,"event_name":"Ghosts","floor":19,"gold_loss":0},{"total_magic_score":41,"gold_gain":0,"greed_reward":4,"duelist":true,"damage_taken":0,"relics_obtained":[],"points":5,"max_hp_gain":0,"max_hp_loss":0,"spent_points":{"magic":0,"greed":4,"war":0,"power":0,"hunger":0},"event_name":"Nameless Tomb","floor":21,"gold_loss":0,"cards_obtained":["theDuelist:Nameless:Greed:BerserkerCrush"]}],"is_beta":false,"boss_relics":[{"not_picked":["Cursed Key","Tiny House"],"picked":"Sozu"}],"items_purged_floors":[20,28],"is_endless":false,"potions_floor_spawned":[1,11,13,18,22],"killed_by":"Snecko","ascension_level":0}}