{"host":"x6165drukuu8ns9f","time":1610200582,"event":{"mods":["2.2 Compatiblity","Act Like it!","Aspiration","BaseMod","CapriCore","ChefMod","Colored Map","Colored Powertips","Conspire","Elementarium","GifTheSpireLib","Hallownest","Hubris","Luminous","Minty Spire (QoL Compilation)","Pale of the Ancients","Robot Space Explorer","Spicy Shops","Spire Birthday Party","StSLib","SuperFastMode","The Alterego","The Blue Laboratory","The Dragon Tamer","The Mystic","The Runesmith","TheSwordswoman","TheWitcher","vexMod"],"gold_per_floor":[129,177,237,19,79,79,175,220,220,277,370,406,406,484,484,769,769,826,19,52,94,145,145,247,247,274,319,319,424,466,20,20,332,332,377,377,410,410,509,605,44,74,74,158,182,227,311,2,2,2],"floor_reached":51,"playtime":2216,"items_purged":["DTMod:TargetDefense"],"score":1329,"play_id":"e0672b65-e5ae-4adb-954e-760e2811119f","local_time":"20210109145622","daily_mods":["Vintage","Flight","DeadlyEvents","Midas"],"is_ascension_mode":false,"metric_token":1875,"campfire_choices":[{"floor":6,"key":"REST"},{"floor":13,"key":"REST"},{"floor":15,"key":"REST"},{"floor":23,"key":"REST"},{"floor":32,"key":"REST"},{"floor":49,"key":"REST"}],"dtmod_dragon_data":[18,50,1,1,8,8],"circlet_count":0,"master_deck":["DTMod:Strike","DTMod:Strike","DTMod:Strike","DTMod:Strike","DTMod:DoubleHit","DTMod:TargetDefense+1","DTMod:TargetDefense","DTMod:TargetDefense","DTMod:SwitchingTactic+1","DTMod:PurifyingFlame","DTMod:DarkBreath","DTMod:BurningForce","DTMod:HeatWave","DTMod:ShieldDrain","DTMod:Inferno","DTMod:TauntingStrike","DTMod:BalancedStrike","DTMod:BlazingStrike","DTMod:DragonDance","DTMod:Weaken+1","Shame","DTMod:PurifyingFlame+1","Pain","DTMod:Punisher","DTMod:Multitask","DTMod:BuildUp+1","DTMod:BlazingStrike+1","DTMod:Dissolve","DTMod:Adaptation+1","DTMod:Dissolve+1","DTMod:Adaptation+1","DTMod:WarmUp+1","DTMod:Dissolve+1","DTMod:CrossStep+1","DTMod:DragonDance+1","DTMod:MasterPlan","DTMod:MagiciansMark+1","DTMod:BlazingStrike+1","DTMod:BurningForce+1"],"relics":["DTMod:PactStone","CaptainsWheel","hubris:Potato","aspiration:HiddenCompartment","Oddly Smooth Stone","Pen Nib","hubris:PeanutButter","Boot","StrikeDummy","hubris:MedicalManual","Happy Flower","The Courier","Matryoshka","hubris:Backtick","vexMod:Dragonfruit","Ornamental Fan","Letter Opener","Membership Card","Anchor","DTMod:AncientBone","PreservedInsect","Pear","Nunchaku","Orichalcum","hubris:Reverence","SnafuTest:BearRelic","Blood Vial","hubris:DisguiseKit","WarpedTongs","vexMod:MemoryStick","Ancient Tea Set","hubris:Towel","DTMod:TacticalNote","Potion Belt","Mango","hubris:HerbalPaste","hubris:FunFungus","Akabeko","hubris:CrystalStatue","Molten Egg 2","Meat on the Bone","hubris:ScarierMask","hubris:SlimyHat","Lantern","aspiration:HummingbirdHeart","Gremlin Horn","vexMod:BarristanHead","aspiration:Nostalgia","Burning Blood","Frozen Egg 2","conspire:Dentures","War Paint","Bronze Scales","CeramicFish","aspiration:FetidBarrel","conspire:TopHat","MealTicket","InkBottle","aspiration:FrozenJewel","DTMod:SolidMemories","Lee\u0027s Waffle","Bag of Preparation","Toolbox"],"acts_visited":["Exordium","Hallownest:CityofTears","TheBeyond"],"potions_floor_usage":[33],"damage_taken":[{"damage":0,"enemies":"Jaw Worm","floor":1,"turns":3},{"damage":0,"enemies":"conspire:RoseBush","floor":2,"turns":4},{"damage":0,"enemies":"Cultist","floor":3,"turns":4},{"damage":5,"enemies":"Lots of Slimes","floor":5,"turns":4},{"damage":0,"enemies":"Lagavulin","floor":7,"turns":5},{"damage":0,"enemies":"3 Louse","floor":8,"turns":3},{"damage":0,"enemies":"Looter","floor":10,"turns":3},{"damage":5,"enemies":"3 Sentries","floor":11,"turns":7},{"damage":0,"enemies":"Exordium Wildlife","floor":12,"turns":4},{"damage":0,"enemies":"Gremlin Nob","floor":14,"turns":4},{"damage":0,"enemies":"Hexaghost","floor":16,"turns":10},{"damage":0,"enemies":"Hallownest:Guard_and_Sentry","floor":18,"turns":4},{"damage":0,"enemies":"Hallownest:2_Mistakes","floor":20,"turns":3},{"damage":0,"enemies":"Hallownest:Master_and_Novice","floor":21,"turns":3},{"damage":0,"enemies":"Hallownest:2_Husk_Sentries","floor":22,"turns":4},{"damage":0,"enemies":"Hallownest:Nosk","floor":24,"turns":5},{"damage":0,"enemies":"Hallownest:2_Flukemon","floor":27,"turns":5},{"damage":0,"enemies":"Hallownest:eliteSoulWarrior","floor":29,"turns":4},{"damage":0,"enemies":"Hallownest:Master_and_Novice","floor":30,"turns":2},{"damage":0,"enemies":"Hallownest:BossMantisLord","floor":33,"turns":6},{"damage":0,"enemies":"Orb Walker","floor":35,"turns":1},{"damage":0,"enemies":"3 Shapes","floor":37,"turns":1},{"damage":0,"enemies":"Reptomancer","floor":39,"turns":3},{"damage":0,"enemies":"Giant Head","floor":40,"turns":7},{"damage":0,"enemies":"Sphere and 2 Shapes","floor":42,"turns":3},{"damage":0,"enemies":"Nemesis","floor":44,"turns":3},{"damage":4,"enemies":"Transient","floor":46,"turns":5},{"damage":0,"enemies":"Giant Head","floor":47,"turns":5},{"damage":22,"enemies":"Awakened One","floor":50,"turns":6}],"seed_played":"6973705058301723847","potions_obtained":[{"floor":1,"key":"Explosive Potion"},{"floor":3,"key":"blueLaboratory:BottledHope"},{"floor":10,"key":"blueLaboratory:Moonshine"},{"floor":33,"key":"Energy Potion"},{"floor":39,"key":"SteroidPotion"},{"floor":42,"key":"SkillPotion"}],"is_trial":true,"path_per_floor":["M","M","M","$","M","R","E","M","T","M","E","M","R","E","R","B",null,"M","$","M","M","M","R","E","?","T","M","?","E","M","$","R","B",null,"M","?","M","?","E","E","$","M","T","E","T","M","E","$","R","B",null],"character_chosen":"THE_DT","items_purchased":["Oddly Smooth Stone","DTMod:PurifyingFlame","DTMod:DarkBreath","Letter Opener","Membership Card","DTMod:TauntingStrike","DTMod:BalancedStrike","DTMod:BlazingStrike","Anchor","DTMod:AncientBone","PreservedInsect","DTMod:DragonDance","Pear","Nunchaku","Orichalcum","Mango","hubris:HerbalPaste","hubris:FunFungus","DTMod:Punisher","Akabeko","hubris:CrystalStatue","Molten Egg 2","Meat on the Bone","aspiration:Nostalgia","DTMod:Dissolve","Frozen Egg 2","DTMod:Adaptation+1","conspire:Dentures","War Paint","DTMod:Dissolve+1","DTMod:Adaptation+1","DTMod:WarmUp+1","DTMod:Dissolve+1","DTMod:CrossStep+1","DTMod:DragonDance+1","DTMod:SolidMemories","Lee\u0027s Waffle","DTMod:MagiciansMark+1","DTMod:BlazingStrike+1","DTMod:BurningForce+1","Bag of Preparation","Toolbox"],"campfire_rested":6,"item_purchase_floors":[4,4,4,19,19,19,19,19,19,19,19,19,19,19,19,31,31,31,31,31,31,31,31,41,41,41,41,41,41,41,41,41,41,41,41,48,48,48,48,48,48,48],"current_hp_per_floor":[45,45,45,45,40,45,45,45,45,45,40,40,45,45,45,45,50,50,60,60,60,60,60,60,60,60,60,60,60,60,74,74,74,74,74,74,74,74,74,74,74,74,74,74,74,74,74,81,81,65],"gold":2,"neow_bonus":"","is_daily":false,"chose_seed":false,"campfire_upgraded":0,"win_rate":0.0,"timestamp":1610200582,"path_taken":["M","M","M","$","M","R","E","M","T","M","E","M","R","E","R","BOSS","M","$","M","M","M","R","E","?","T","?","?","E","M","$","R","BOSS","M","?","?","?","?","E","$","M","T","?","?","?","?","$","R","BOSS"],"items_purchased_type":["Relic","Card","Card","Relic","Relic","Card","Card","Card","Relic","Relic","Relic","Card","Relic","Relic","Relic","Relic","Relic","Relic","Card","Relic","Relic","Relic","Relic","Relic","Card","Relic","Card","Relic","Relic","Card","Card","Card","Card","Card","Card","Relic","Relic","Card","Card","Card","Relic","Relic"],"build_version":"2020-12-22","purchased_purges":1,"victory":true,"max_hp_per_floor":[45,45,45,45,45,45,45,45,45,45,45,45,45,45,45,45,50,50,60,60,60,60,60,60,60,60,60,60,60,60,74,74,74,74,74,74,74,74,74,74,74,74,74,74,74,74,74,81,81,81],"card_choices":[{"not_picked":["DTMod:MagicField","DTMod:DeepFocus"],"picked":"DTMod:BurningForce","floor":7},{"not_picked":["DTMod:StarRain","DTMod:PurifyingFlame"],"picked":"DTMod:HeatWave","floor":11},{"not_picked":["DTMod:MagicField","DTMod:BreakAttack"],"picked":"DTMod:ShieldDrain","floor":14},{"not_picked":["DTMod:RepeatStrike","DTMod:HeadStart"],"picked":"DTMod:Inferno","floor":16},{"not_picked":["DTMod:MagicField","DTMod:Shift"],"picked":"DTMod:Weaken+1","floor":24},{"not_picked":["DTMod:CleansingStrike+1","DTMod:Haste+1","SnafuTest:PaySmithWorkshop"],"picked":"DTMod:PurifyingFlame+1","floor":29},{"not_picked":["DTMod:ExcessFootwork","DTMod:RepeatStrike+1","SnafuTest:MelitelesCare"],"picked":"DTMod:Multitask","floor":33},{"not_picked":["DTMod:LastStand","DTMod:HeatWave+1","SnafuTest:SwiftAssault"],"picked":"DTMod:BuildUp+1","floor":39},{"not_picked":["DTMod:MagicField","DTMod:Prediction","SnafuTest:ScholarsIntrigue"],"picked":"DTMod:BlazingStrike+1","floor":40},{"not_picked":["DTMod:Cover","DTMod:Inferno+1","SnafuTest:PowerAlwaysOnRoads"],"picked":"DTMod:MasterPlan","floor":44},{"not_picked":["DTMod:RecklessFlurry+1","DTMod:Haste","DTMod:Coolant","SnafuTest:PowerAlwaysAWay"],"picked":"SKIP","floor":47}],"player_experience":103181,"relics_obtained":[{"floor":1,"key":"CaptainsWheel"},{"floor":2,"key":"hubris:Potato"},{"floor":3,"key":"aspiration:HiddenCompartment"},{"floor":5,"key":"Pen Nib"},{"floor":7,"key":"hubris:PeanutButter"},{"floor":8,"key":"Boot"},{"floor":9,"key":"StrikeDummy"},{"floor":10,"key":"hubris:MedicalManual"},{"floor":11,"key":"Happy Flower"},{"floor":12,"key":"The Courier"},{"floor":14,"key":"Matryoshka"},{"floor":18,"key":"Ornamental Fan"},{"floor":20,"key":"hubris:Reverence"},{"floor":21,"key":"SnafuTest:BearRelic"},{"floor":22,"key":"Blood Vial"},{"floor":24,"key":"hubris:DisguiseKit"},{"floor":26,"key":"vexMod:MemoryStick"},{"floor":26,"key":"Ancient Tea Set"},{"floor":29,"key":"DTMod:TacticalNote"},{"floor":30,"key":"Potion Belt"},{"floor":35,"key":"hubris:SlimyHat"},{"floor":37,"key":"Lantern"},{"floor":38,"key":"aspiration:HummingbirdHeart"},{"floor":39,"key":"Gremlin Horn"},{"floor":40,"key":"vexMod:BarristanHead"},{"floor":42,"key":"Bronze Scales"},{"floor":43,"key":"CeramicFish"},{"floor":43,"key":"aspiration:FetidBarrel"},{"floor":44,"key":"conspire:TopHat"},{"floor":45,"key":"MealTicket"},{"floor":46,"key":"InkBottle"},{"floor":47,"key":"aspiration:FrozenJewel"}],"event_choices":[{"damage_healed":0,"gold_gain":0,"player_choice":"Leave","damage_taken":0,"max_hp_gain":0,"max_hp_loss":0,"event_name":"conspire:Investor","floor":36,"gold_loss":0},{"damage_healed":0,"gold_gain":0,"player_choice":"Relic","damage_taken":0,"max_hp_gain":0,"max_hp_loss":0,"event_name":"Wheel of Change","floor":38,"gold_loss":0}],"is_beta":false,"boss_relics":[{"not_picked":["Runic Pyramid","aspiration:RunicSpoon"],"picked":"hubris:Backtick"},{"not_picked":["conspire:RoyalGoblet","conspire:SeveredTorchhead"],"picked":"hubris:ScarierMask"}],"items_purged_floors":[19],"is_endless":false,"potions_floor_spawned":[1,3,10,12,14,21,24,27,33,39,42,44],"ascension_level":0}}