{"host":"9l1knhxfturzliqa","time":1610195235,"event":{"mods":["BaseMod","Colored Map","Colored Powertips","DeckTracker","Highlight Path","Keyboard Shortcuts","Minty Spire (QoL Compilation)","Random Character Button"],"gold_per_floor":[110,123,140,153,163,163,182,182,182,35,69,69,103,116,116,195,195,214,231,244,259,278,278,289,320,320,334,334,334,334,350,350,426,426,437,209,209,209],"floor_reached":37,"playtime":2172,"items_purged":["Strike_G"],"score":829,"play_id":"3130a6e1-b7b6-4fea-b60e-1b564dd62335","local_time":"20210109212715","is_ascension_mode":true,"campfire_choices":[{"data":"Infinite Blades","floor":6.0,"key":"SMITH"},{"data":"Dagger Spray","floor":8.0,"key":"SMITH"},{"data":"Leg Sweep","floor":15.0,"key":"SMITH"},{"data":"Envenom","floor":23.0,"key":"SMITH"},{"floor":28.0,"key":"REST"},{"data":"Setup","floor":30.0,"key":"SMITH"},{"floor":32.0,"key":"REST"}],"circlet_count":0,"master_deck":["AscendersBane","Strike_G","Strike_G","Strike_G","Defend_G","Defend_G+1","Defend_G","Defend_G","Defend_G","Survivor","Neutralize","Unload","Dagger Spray+1","Blade Dance","Infinite Blades+1","Dagger Throw","Blade Dance+1","Leg Sweep+1","Escape Plan","Blade Dance","Envenom+1","Blade Dance","Setup+1","Choke","Dagger Throw+1","Burst","Prepared","Calculated Gamble+1","PiercingWail","Ghostly","Ghostly","Ghostly","Ghostly","Ghostly","A Thousand Cuts"],"relics":["Ring of the Snake","Pear","Boot","Oddly Smooth Stone","War Paint","HoveringKite","Darkstone Periapt","Ninja Scroll","WristBlade","Regal Pillow"],"acts_visited":["Exordium","TheCity","TheBeyond"],"potions_floor_usage":[],"damage_taken":[{"damage":7.0,"enemies":"Jaw Worm","floor":1.0,"turns":5.0},{"damage":1.0,"enemies":"Small Slimes","floor":2.0,"turns":4.0},{"damage":0.0,"enemies":"2 Louse","floor":3.0,"turns":2.0},{"damage":4.0,"enemies":"Blue Slaver","floor":4.0,"turns":4.0},{"damage":3.0,"enemies":"Gremlin Gang","floor":5.0,"turns":4.0},{"damage":7.0,"enemies":"3 Louse","floor":7.0,"turns":3.0},{"damage":18.0,"enemies":"Gremlin Nob","floor":11.0,"turns":3.0},{"damage":15.0,"enemies":"Lagavulin","floor":13.0,"turns":6.0},{"damage":0.0,"enemies":"Looter","floor":14.0,"turns":3.0},{"damage":0.0,"enemies":"Slime Boss","floor":16.0,"turns":7.0},{"damage":11.0,"enemies":"2 Thieves","floor":18.0,"turns":3.0},{"damage":0.0,"enemies":"Shell Parasite","floor":19.0,"turns":2.0},{"damage":0.0,"enemies":"Snake Plant","floor":20.0,"turns":4.0},{"damage":4.0,"enemies":"Centurion and Healer","floor":21.0,"turns":5.0},{"damage":0.0,"enemies":"Chosen and Byrds","floor":22.0,"turns":6.0},{"damage":3.0,"enemies":"Cultist and Chosen","floor":24.0,"turns":4.0},{"damage":26.0,"enemies":"Book of Stabbing","floor":25.0,"turns":5.0},{"damage":6.0,"enemies":"Snecko","floor":27.0,"turns":4.0},{"damage":18.0,"enemies":"Snake Plant","floor":31.0,"turns":3.0},{"damage":16.0,"enemies":"Champ","floor":33.0,"turns":11.0},{"damage":28.0,"enemies":"3 Shapes","floor":35.0,"turns":12.0},{"damage":10,"enemies":"3 Darklings","floor":37,"turns":1}],"seed_played":"-702695202413152787","potions_obtained":[{"floor":3.0,"key":"FearPotion"},{"floor":4.0,"key":"PowerPotion"},{"floor":11.0,"key":"SpeedPotion"},{"floor":13.0,"key":"FearPotion"},{"floor":18.0,"key":"DistilledChaos"},{"floor":21.0,"key":"Strength Potion"},{"floor":22.0,"key":"Swift Potion"},{"floor":35.0,"key":"Weak Potion"}],"is_trial":false,"path_per_floor":["M","M","M","M","M","R","M","R","T","$","E","?","E","M","R","B",null,"M","M","M","M","M","R","M","E","T","M","R","?","R","M","R","B",null,"M","$","M"],"character_chosen":"THE_SILENT","items_purchased":["Boot","Regal Pillow"],"campfire_rested":2,"item_purchase_floors":[10,36],"current_hp_per_floor":[56,55,55,51,48,48,41,41,51,51,33,33,18,18,18,18,59,48,48,48,44,44,44,41,15,15,9,30,30,30,12,22,6,29,1,1,0,0],"gold":209,"neow_bonus":"THREE_RARE_CARDS","is_daily":false,"chose_seed":false,"campfire_upgraded":5,"win_rate":0.0,"timestamp":1610195235,"path_taken":["M","M","M","M","M","R","M","R","T","$","E","?","E","M","R","BOSS","M","M","M","M","M","R","M","E","T","M","R","?","R","M","R","BOSS","M","$","M"],"items_purchased_type":["Relic","Relic"],"build_version":"2020-12-22","purchased_purges":1,"victory":false,"max_hp_per_floor":[63,63,63,63,63,63,63,63,73,73,73,73,73,73,73,73,73,73,73,73,73,73,73,73,73,73,73,73,36,36,36,36,36,36,36,36,36,36],"card_choices":[{"not_picked":["Malaise","Bullet Time"],"picked":"Unload","floor":0.0},{"not_picked":["Outmaneuver","Endless Agony"],"picked":"Dagger Spray","floor":1.0},{"not_picked":["Finisher","Poisoned Stab"],"picked":"Blade Dance","floor":2.0},{"not_picked":["Concentrate","Caltrops"],"picked":"Infinite Blades","floor":3.0},{"not_picked":["Skewer","Bane"],"picked":"Dagger Throw","floor":4.0},{"not_picked":["Setup","Riddle With Holes"],"picked":"Blade Dance","floor":5.0},{"not_picked":["Unload","Endless Agony","Dagger Spray"],"picked":"SKIP","floor":7.0},{"not_picked":["Distraction","Quick Slash"],"picked":"Leg Sweep","floor":11.0},{"not_picked":["Concentrate","Underhanded Strike"],"picked":"Escape Plan","floor":13.0},{"not_picked":["Bane","Outmaneuver"],"picked":"Blade Dance","floor":14.0},{"not_picked":["Die Die Die","Tools of the Trade"],"picked":"Envenom","floor":16.0},{"not_picked":["Skewer","Cloak And Dagger"],"picked":"Blade Dance","floor":18.0},{"not_picked":["Skewer+1","Deadly Poison"],"picked":"Setup","floor":19.0},{"not_picked":["All Out Attack","Dash+1"],"picked":"Choke","floor":20.0},{"not_picked":["Bane","Flying Knee"],"picked":"Dagger Throw+1","floor":21.0},{"not_picked":["Catalyst","Prepared"],"picked":"Burst","floor":22.0},{"not_picked":["Catalyst","Backflip"],"picked":"Prepared","floor":24.0},{"not_picked":["Calculated Gamble+1","Outmaneuver","Quick Slash"],"picked":"SKIP","floor":25.0},{"not_picked":["Outmaneuver","Quick Slash"],"picked":"Calculated Gamble+1","floor":25.0},{"not_picked":["Eviscerate","Backflip"],"picked":"PiercingWail","floor":27.0},{"not_picked":["Underhanded Strike+1","Calculated Gamble","Cloak And Dagger"],"picked":"SKIP","floor":31.0},{"not_picked":["Envenom","Burst"],"picked":"A Thousand Cuts","floor":33.0},{"not_picked":["Sucker Punch","Backflip","Deflect"],"picked":"SKIP","floor":35.0}],"player_experience":403704,"relics_obtained":[{"floor":9.0,"key":"Pear"},{"floor":11.0,"key":"Oddly Smooth Stone"},{"floor":13.0,"key":"War Paint"},{"floor":25.0,"key":"Darkstone Periapt"},{"floor":26.0,"key":"Ninja Scroll"}],"event_choices":[{"cards_removed":["Strike_G"],"damage_healed":0.0,"max_hp_gain":0.0,"max_hp_loss":0.0,"gold_gain":0.0,"event_name":"Living Wall","player_choice":"Forget","floor":12.0,"gold_loss":0.0,"damage_taken":0.0},{"damage_healed":0.0,"max_hp_gain":0.0,"max_hp_loss":37.0,"gold_gain":0.0,"event_name":"Ghosts","player_choice":"Became a Ghost","floor":29.0,"gold_loss":0.0,"damage_taken":0.0,"cards_obtained":["Ghostly","Ghostly","Ghostly","Ghostly","Ghostly"]}],"is_beta":false,"boss_relics":[{"not_picked":["Sozu","Coffee Dripper"],"picked":"HoveringKite"},{"not_picked":["Busted Crown","Empty Cage"],"picked":"WristBlade"}],"items_purged_floors":[36],"is_endless":false,"potions_floor_spawned":[3,4,11,13,18,21,22,35],"killed_by":"3 Darklings","ascension_level":13}}