{"host":"m77rrhbqzv44va4v","time":1610228412,"event":{"mods":["AchievementEnabler","BaseMod","Colored Map","DeckTracker","Keyboard Shortcuts","Minty Spire (QoL Compilation)","StSLib","SuperFastMode","everything is the same but u backflip on backflip"],"gold_per_floor":[111,111,125,140,121,131,466,486,486,486,411,425,460,440,440,521,521,538,538,557,557,4,4,41,41,67,67,84,102,27,27,27,110,110,134,134,147,2,24,24,24,42,42,42,42],"floor_reached":44,"playtime":969,"items_purged":["Strike_B"],"score":744,"play_id":"065b9872-c31e-44f8-ab76-64c20d7fbdc3","local_time":"20210110064012","is_ascension_mode":true,"campfire_choices":[{"data":"Creative AI","floor":15,"key":"SMITH"},{"data":"Hologram","floor":23,"key":"SMITH"},{"data":"Reinforced Body","floor":25,"key":"SMITH"},{"floor":27,"key":"REST"},{"floor":32,"key":"REST"},{"data":"Loop","floor":40,"key":"SMITH"},{"data":"Coolheaded","floor":41,"key":"SMITH"}],"circlet_count":0,"master_deck":["AscendersBane","Strike_B","Strike_B","Defend_B+1","Defend_B","Defend_B","Zap+1","Dualcast+1","Undo","Sweeping Beam","Compile Driver","Creative AI+1","Coolheaded+1","Self Repair","Ball Lightning","Hologram+1","Genetic Algorithm","Core Surge","Ball Lightning","Reinforced Body+1","Lockon","Electrodynamics","Loop+1","Storm+1","Madness","Madness"],"relics":["Cracked Core","Old Coin","Ginger","CeramicFish","Philosopher\u0027s Stone","Enchiridion","Lee\u0027s Waffle","War Paint","Mercury Hourglass","WingedGreaves","Juzu Bracelet","Thread and Needle","Inserter","Bag of Preparation","Ornamental Fan"],"acts_visited":["Exordium","TheCity","TheBeyond"],"potions_floor_usage":[6,7,13,16,18,24,37,37],"damage_taken":[{"damage":0,"enemies":"2 Louse","floor":1,"turns":2},{"damage":0,"enemies":"Cultist","floor":3,"turns":3},{"damage":0,"enemies":"Small Slimes","floor":4,"turns":2},{"damage":14,"enemies":"Exordium Thugs","floor":5,"turns":4},{"damage":1,"enemies":"3 Louse","floor":6,"turns":3},{"damage":34,"enemies":"Gremlin Nob","floor":7,"turns":4},{"damage":9,"enemies":"Exordium Wildlife","floor":8,"turns":4},{"damage":2,"enemies":"Blue Slaver","floor":12,"turns":6},{"damage":25,"enemies":"Lagavulin","floor":13,"turns":7},{"damage":18,"enemies":"The Guardian","floor":16,"turns":9},{"damage":35,"enemies":"2 Thieves","floor":18,"turns":5},{"damage":16,"enemies":"Spheric Guardian","floor":20,"turns":4},{"damage":68,"enemies":"Slavers","floor":24,"turns":5},{"damage":31,"enemies":"Shelled Parasite and Fungi","floor":28,"turns":7},{"damage":47,"enemies":"Automaton","floor":33,"turns":9},{"damage":22,"enemies":"Orb Walker","floor":35,"turns":5},{"damage":22,"enemies":"3 Darklings","floor":37,"turns":3},{"damage":0,"enemies":"Spire Growth","floor":39,"turns":6},{"damage":54,"enemies":"Giant Head","floor":44,"turns":6}],"seed_played":"-2497286208057735544","potions_obtained":[{"floor":4,"key":"FocusPotion"},{"floor":6,"key":"Fruit Juice"},{"floor":7,"key":"BlessingOfTheForge"},{"floor":8,"key":"Regen Potion"},{"floor":12,"key":"FocusPotion"},{"floor":14,"key":"EssenceOfSteel"},{"floor":16,"key":"Swift Potion"},{"floor":33,"key":"BlessingOfTheForge"},{"floor":35,"key":"Swift Potion"}],"is_trial":false,"path_per_floor":["M","?","M","M","M","M","E","M","T","?","$","M","E","?","R","B",null,"M","?","M","?","$","R","E","R","T","R","M","?","?","T","R","B",null,"M","?","M","$","M","R","R","?","T","E"],"character_chosen":"DEFECT","items_purchased":["Lee\u0027s Waffle","War Paint","Mercury Hourglass","Bag of Preparation"],"campfire_rested":2,"item_purchase_floors":[22,22,22,38],"current_hp_per_floor":[75,75,75,75,61,65,31,29,29,58,58,63,60,60,60,42,76,48,32,23,6,99,99,38,38,38,67,43,43,43,43,72,32,82,67,67,45,45,52,52,52,40,40,0,0],"gold":42,"neow_bonus":"TEN_PERCENT_HP_BONUS","is_daily":false,"chose_seed":false,"campfire_upgraded":5,"win_rate":0.0,"timestamp":1610228412,"path_taken":["M","?","M","?","M","M","E","M","T","?","$","M","E","?","R","BOSS","M","?","M","?","?","R","E","R","T","R","M","?","?","?","R","BOSS","M","?","M","?","M","R","R","?","T","E"],"items_purchased_type":["Relic","Relic","Relic","Relic"],"build_version":"2020-12-22","purchased_purges":1,"victory":false,"max_hp_per_floor":[82,82,82,82,82,87,87,87,87,87,87,87,87,87,87,87,87,87,87,87,92,99,99,99,99,99,99,99,99,99,99,99,99,99,99,99,99,99,99,99,99,99,99,99,99],"card_choices":[{"not_picked":["Barrage","Gash"],"picked":"Undo","floor":1},{"not_picked":["Chaos","Stack"],"picked":"Sweeping Beam","floor":3},{"not_picked":["Rebound","Go for the Eyes"],"picked":"Compile Driver","floor":4},{"not_picked":["Glacier","Ball Lightning"],"picked":"Creative AI","floor":5},{"not_picked":["Double Energy","Gash"],"picked":"Coolheaded","floor":6},{"not_picked":["Steam","BootSequence"],"picked":"Self Repair","floor":7},{"not_picked":["Compile Driver","Rebound"],"picked":"Ball Lightning","floor":8},{"not_picked":["Barrage","Hologram","Scrape"],"picked":"SKIP","floor":12},{"not_picked":["Barrage","Scrape"],"picked":"Hologram","floor":12},{"not_picked":["Steam","Beam Cell"],"picked":"Genetic Algorithm","floor":13},{"not_picked":["Hyperbeam","Reboot"],"picked":"Core Surge","floor":16},{"not_picked":["Ball Lightning","Coolheaded","Compile Driver"],"picked":"SKIP","floor":18},{"not_picked":["Hologram","Go for the Eyes"],"picked":"Ball Lightning","floor":20},{"not_picked":["Hello World","Ball Lightning"],"picked":"Reinforced Body","floor":24},{"not_picked":["Blizzard+1","Barrage+1","Sweeping Beam"],"picked":"SKIP","floor":28},{"not_picked":["Seek","Meteor Strike"],"picked":"Electrodynamics","floor":33},{"not_picked":["Ball Lightning","Conserve Battery"],"picked":"Loop","floor":35},{"not_picked":["Auto Shields","Go for the Eyes","Coolheaded"],"picked":"SKIP","floor":37},{"not_picked":["Compile Driver+1","Barrage+1"],"picked":"Storm+1","floor":39}],"player_experience":920777,"relics_obtained":[{"floor":7,"key":"Old Coin"},{"floor":9,"key":"Ginger"},{"floor":13,"key":"CeramicFish"},{"floor":19,"key":"Enchiridion"},{"floor":24,"key":"WingedGreaves"},{"floor":26,"key":"Juzu Bracelet"},{"floor":31,"key":"Thread and Needle"},{"floor":43,"key":"Ornamental Fan"}],"event_choices":[{"damage_healed":0,"gold_gain":0,"player_choice":"Forge","damage_taken":0,"max_hp_gain":0,"max_hp_loss":0,"event_name":"Accursed Blacksmith","floor":2,"gold_loss":0,"cards_upgraded":["Dualcast"]},{"damage_healed":29,"gold_gain":0,"player_choice":"Banana","damage_taken":0,"max_hp_gain":0,"max_hp_loss":0,"event_name":"Big Fish","floor":10,"gold_loss":0},{"damage_healed":0,"gold_gain":0,"player_choice":"Bought 1 Potion","damage_taken":0,"max_hp_gain":0,"max_hp_loss":0,"event_name":"The Woman in Blue","floor":14,"gold_loss":0},{"damage_healed":0,"gold_gain":0,"player_choice":"Obtained Book","damage_taken":16,"max_hp_gain":0,"max_hp_loss":0,"event_name":"Cursed Tome","floor":19,"gold_loss":0},{"damage_healed":0,"gold_gain":0,"player_choice":"Shed Blood","damage_taken":22,"max_hp_gain":5,"max_hp_loss":0,"event_name":"Forgotten Altar","floor":21,"gold_loss":0},{"damage_healed":0,"gold_gain":0,"cards_transformed":["Strike_B","Defend_B"],"player_choice":"Became Test Subject","damage_taken":0,"max_hp_gain":0,"max_hp_loss":0,"event_name":"Drug Dealer","floor":29,"gold_loss":0,"cards_obtained":["Hyperbeam","Lockon"]},{"cards_removed":["Hyperbeam"],"damage_healed":0,"gold_gain":0,"player_choice":"Gave Gold","damage_taken":0,"max_hp_gain":0,"max_hp_loss":0,"event_name":"Beggar","floor":30,"gold_loss":75},{"damage_healed":0,"gold_gain":0,"player_choice":"0 cards matched","damage_taken":0,"max_hp_gain":0,"max_hp_loss":0,"event_name":"Match and Keep!","floor":36,"gold_loss":0,"cards_obtained":[]},{"damage_healed":0,"gold_gain":0,"player_choice":"Embrace Madness","damage_taken":12,"max_hp_gain":0,"max_hp_loss":0,"event_name":"Winding Halls","floor":42,"gold_loss":0,"cards_obtained":["Madness","Madness"]}],"is_beta":false,"boss_relics":[{"not_picked":["Runic Dome","Empty Cage"],"picked":"Philosopher\u0027s Stone"},{"not_picked":["SlaversCollar","Black Star"],"picked":"Inserter"}],"items_purged_floors":[11],"is_endless":false,"potions_floor_spawned":[4,6,7,8,12,16,33,35],"killed_by":"Giant Head","ascension_level":13}}