{"host":"jwbw4f4imxd0v0b0","time":1610169733,"event":{"mods":["BaseMod","Colored Map","Highlight Path","Minty Spire (QoL Compilation)","Relic Stats","StSLib"],"gold_per_floor":[215,215,226,244,255,290,250,267,267,285,235,250,277,293,293,395,395,412,424,443,443,458,491,502,502,525,525,560,575,25,25,25,125,125,143,12,12,12,27,58,58,93,93,20,32,32,32,46,46,46,46,46,46,72,72],"floor_reached":56,"playtime":3468,"items_purged":[],"score":1288,"play_id":"5e2599f3-8c19-4c29-9e72-a6a04f4a7d40","local_time":"20210108232213","is_ascension_mode":false,"campfire_choices":[{"data":"PathToVictory","floor":15.0,"key":"SMITH"},{"data":"Vault","floor":25.0,"key":"SMITH"},{"data":"TalkToTheHand","floor":27.0,"key":"SMITH"},{"floor":32.0,"key":"REST"},{"data":"LikeWater","floor":47.0,"key":"SMITH"},{"floor":49.0,"key":"RECALL"},{"data":"Ragnarok","floor":52.0,"key":"SMITH"}],"circlet_count":0,"master_deck":["Strike_P","Defend_P","Defend_P","Defend_P+1","Defend_P","Eruption","Vigilance","FearNoEvil","PathToVictory+1","PathToVictory+1","Protect","TalkToTheHand+1","Vault+1","Sanctity","ThirdEye","Judgement","Scrawl","LikeWater+1","PathToVictory","Panacea","Ragnarok+1","Metamorphosis","DevaForm","LikeWater+1","WheelKick","DevaForm","Wireheading"],"relics":["PureWater","Akabeko","War Paint","Bottled Lightning","Happy Flower","SacredBark","Smiling Mask","Nunchaku","Membership Card","Toy Ornithopter","Bag of Marbles","Nloth\u0027s Gift","Snecko Eye","TeardropLocket","WingedGreaves","Vajra","Anchor","Mango"],"acts_visited":["Exordium","TheCity","TheBeyond","TheEnding"],"potions_floor_usage":[55,55,55],"damage_taken":[{"damage":0.0,"enemies":"Cultist","floor":1.0,"turns":3.0},{"damage":0.0,"enemies":"2 Louse","floor":3.0,"turns":2.0},{"damage":2.0,"enemies":"Small Slimes","floor":4.0,"turns":3.0},{"damage":1.0,"enemies":"2 Fungi Beasts","floor":5.0,"turns":3.0},{"damage":6.0,"enemies":"Gremlin Nob","floor":6.0,"turns":3.0},{"damage":3.0,"enemies":"Lots of Slimes","floor":8.0,"turns":5.0},{"damage":3.0,"enemies":"Exordium Thugs","floor":10.0,"turns":5.0},{"damage":0.0,"enemies":"Exordium Wildlife","floor":12.0,"turns":2.0},{"damage":12.0,"enemies":"Lagavulin","floor":13.0,"turns":4.0},{"damage":0.0,"enemies":"Lots of Slimes","floor":14.0,"turns":3.0},{"damage":11.0,"enemies":"Slime Boss","floor":16.0,"turns":5.0},{"damage":0.0,"enemies":"Chosen","floor":18.0,"turns":4.0},{"damage":3.0,"enemies":"3 Byrds","floor":19.0,"turns":4.0},{"damage":3.0,"enemies":"Sentry and Sphere","floor":20.0,"turns":3.0},{"damage":0.0,"enemies":"Snake Plant","floor":22.0,"turns":2.0},{"damage":7.0,"enemies":"Gremlin Leader","floor":23.0,"turns":6.0},{"damage":8.0,"enemies":"Shelled Parasite and Fungi","floor":24.0,"turns":3.0},{"damage":27.0,"enemies":"Book of Stabbing","floor":28.0,"turns":5.0},{"damage":0.0,"enemies":"Cultist and Chosen","floor":29.0,"turns":4.0},{"damage":82.0,"enemies":"Automaton","floor":33.0,"turns":9.0},{"damage":1.0,"enemies":"3 Shapes","floor":35.0,"turns":2.0},{"damage":6.0,"enemies":"3 Darklings","floor":38.0,"turns":5.0},{"damage":0.0,"enemies":"4 Shapes","floor":39.0,"turns":6.0},{"damage":0.0,"enemies":"Reptomancer","floor":40.0,"turns":6.0},{"damage":0.0,"enemies":"Nemesis","floor":42.0,"turns":1.0},{"damage":0.0,"enemies":"Maw","floor":45.0,"turns":7.0},{"damage":0.0,"enemies":"Writhing Mass","floor":48.0,"turns":1.0},{"damage":5.0,"enemies":"Time Eater","floor":50.0,"turns":8.0},{"damage":16,"enemies":"Shield and Spear","floor":54,"turns":8},{"damage":24,"enemies":"The Heart","floor":55,"turns":11}],"seed_played":"-924742442305716352","potions_obtained":[{"floor":1.0,"key":"BlessingOfTheForge"},{"floor":4.0,"key":"BlessingOfTheForge"},{"floor":5.0,"key":"FairyPotion"},{"floor":7.0,"key":"Fruit Juice"},{"floor":7.0,"key":"DuplicationPotion"},{"floor":24.0,"key":"Strength Potion"},{"floor":28.0,"key":"FearPotion"},{"floor":33.0,"key":"EntropicBrew"},{"floor":39.0,"key":"Block Potion"},{"floor":40.0,"key":"StancePotion"},{"floor":48.0,"key":"SpeedPotion"}],"is_trial":false,"path_per_floor":["M","T","M","M","M","E","?","M","T","M","?","M","E","M","R","B",null,"M","M","M","?","M","E","M","R","T","R","E","M","$","?","R","B",null,"M","$","?","M","M","E","?","E","T","$","M","?","R","M","R","B",null,"R","$","E","B",null],"character_chosen":"WATCHER","items_purchased":["Membership Card","Toy Ornithopter","PathToVictory","SteroidPotion","Panacea","Bag of Marbles","Ragnarok","Metamorphosis","TeardropLocket","Anchor"],"campfire_rested":1,"item_purchase_floors":[30,30,30,30,30,30,30,30,36,44],"current_hp_per_floor":[72,72,72,70,69,63,68,65,65,62,62,62,50,50,50,39,77,77,74,71,71,71,64,56,56,56,56,29,29,29,29,52,30,77,76,76,76,76,76,77,77,77,77,77,77,77,77,77,77,72,77,77,77,75,66],"gold":72,"neow_bonus":"HUNDRED_GOLD","is_daily":false,"chose_seed":false,"campfire_upgraded":5,"win_rate":0.0,"timestamp":1610169733,"path_taken":["M","?","M","M","M","E","?","?","T","M","?","M","E","M","R","BOSS","M","M","M","?","M","E","M","R","T","R","E","?","$","?","R","BOSS","M","$","?","?","M","E","?","E","T","?","?","?","R","M","R","BOSS","R","$","E","BOSS"],"items_purchased_type":["Relic","Relic","Card","Potion","Card","Relic","Card","Card","Relic","Relic"],"build_version":"2020-12-22","purchased_purges":0,"victory":true,"max_hp_per_floor":[72,72,72,72,72,72,77,77,77,77,77,77,77,77,77,77,77,77,77,77,77,77,77,77,77,77,77,77,77,77,77,77,77,77,77,77,77,77,77,77,77,77,77,77,77,77,77,77,77,77,77,77,77,91,91],"relic_stats":{"Nunchaku":[10],"Happy Flower":[34],"counters":[30,133],"Snecko Eye":[105,118,116,114],"Nloth\u0027s Gift":2,"War Paint":["PathToVictory","Defend_P"],"Smiling Mask":0,"obtain_stats":[{"Happy Flower":13,"SacredBark":17,"Vajra":42,"Mango":54,"TeardropLocket":36,"War Paint":6,"Smiling Mask":23,"Boot":26,"Akabeko":2,"Nunchaku":28,"Anchor":44,"Snecko Eye":34,"WingedGreaves":40,"Bag of Marbles":30,"Nloth\u0027s Gift":31,"Bottled Lightning":9,"Membership Card":30,"PureWater":0,"Toy Ornithopter":30},{"Happy Flower":9,"SacredBark":11,"Vajra":25,"Mango":29,"TeardropLocket":21,"War Paint":5,"Smiling Mask":16,"Boot":17,"Akabeko":1,"Nunchaku":18,"Anchor":25,"Snecko Eye":20,"WingedGreaves":24,"Bag of Marbles":19,"Nloth\u0027s Gift":19,"Bottled Lightning":6,"Membership Card":19,"PureWater":0,"Toy Ornithopter":19},{"Happy Flower":30,"SacredBark":38,"Vajra":98,"Mango":122,"TeardropLocket":80,"War Paint":14,"Smiling Mask":57,"Boot":60,"Akabeko":3,"Nunchaku":65,"Anchor":98,"Snecko Eye":78,"WingedGreaves":97,"Bag of Marbles":69,"Nloth\u0027s Gift":69,"Bottled Lightning":19,"Membership Card":69,"PureWater":0,"Toy Ornithopter":69}],"Toy Ornithopter":32},"card_choices":[{"not_picked":["ReachHeaven","EmptyFist"],"picked":"FearNoEvil","floor":1.0},{"not_picked":["EmptyFist","Weave"],"picked":"PathToVictory","floor":3.0},{"not_picked":["Collect","Consecrate"],"picked":"PathToVictory","floor":4.0},{"not_picked":["SandsOfTime","Evaluate"],"picked":"Protect","floor":5.0},{"not_picked":["CrushJoints","WindmillStrike"],"picked":"TalkToTheHand","floor":6.0},{"not_picked":["FlurryOfBlows","MentalFortress"],"picked":"Vault","floor":8.0},{"not_picked":["Perseverance","EmptyBody","ThirdEye"],"picked":"SKIP","floor":10.0},{"not_picked":["Adaptation","Nirvana"],"picked":"Sanctity","floor":12.0},{"not_picked":["SandsOfTime","EmptyMind","ClearTheMind"],"picked":"SKIP","floor":13.0},{"not_picked":["WreathOfFlame","FlyingSleeves","ThirdEye"],"picked":"SKIP","floor":14.0},{"not_picked":["WreathOfFlame","FlyingSleeves"],"picked":"ThirdEye","floor":14.0},{"not_picked":["LessonLearned","ConjureBlade"],"picked":"Judgement","floor":16.0},{"not_picked":["FlyingSleeves","Evaluate","Consecrate"],"picked":"SKIP","floor":18.0},{"not_picked":["WaveOfTheHand","SashWhip+1","BowlingBash"],"picked":"SKIP","floor":19.0},{"not_picked":["CutThroughFate","Prostrate+1","Consecrate"],"picked":"SKIP","floor":20.0},{"not_picked":["JustLucky","Halt+1"],"picked":"Scrawl","floor":22.0},{"not_picked":["FollowUp","Halt"],"picked":"JustLucky","floor":23.0},{"not_picked":["WreathOfFlame","PathToVictory","Evaluate"],"picked":"SKIP","floor":24.0},{"not_picked":["SignatureMove","Crescendo"],"picked":"LikeWater+1","floor":28.0},{"not_picked":["FearNoEvil","FollowUp","Prostrate"],"picked":"SKIP","floor":29.0},{"not_picked":["ConjureBlade","Establishment"],"picked":"DevaForm","floor":33.0},{"not_picked":["JustLucky+1","WindmillStrike+1","DeceiveReality+1"],"picked":"SKIP","floor":35.0},{"not_picked":["Consecrate+1","EmptyBody+1","ClearTheMind"],"picked":"SKIP","floor":39.0},{"not_picked":["SashWhip+1","Collect+1","EmptyBody+1"],"picked":"SKIP","floor":40.0},{"not_picked":["Establishment","BowlingBash"],"picked":"LikeWater","floor":42.0},{"not_picked":["Indignation+1","Crescendo"],"picked":"WheelKick","floor":45.0},{"not_picked":["EmptyFist+1","FlurryOfBlows"],"picked":"DevaForm","floor":48.0},{"not_picked":["LessonLearned","Meditate+1"],"picked":"Wireheading","floor":54}],"player_experience":1016332,"relics_obtained":[{"floor":2.0,"key":"Akabeko"},{"floor":6.0,"key":"War Paint"},{"floor":9.0,"key":"Bottled Lightning"},{"floor":13.0,"key":"Happy Flower"},{"floor":23.0,"key":"Smiling Mask"},{"floor":26.0,"key":"Boot"},{"floor":28.0,"key":"Nunchaku"},{"floor":40.0,"key":"WingedGreaves"},{"floor":42.0,"key":"Vajra"},{"floor":54,"key":"Mango"}],"event_choices":[{"damage_healed":0.0,"max_hp_gain":0.0,"max_hp_loss":0.0,"gold_gain":0.0,"event_name":"The Woman in Blue","player_choice":"Bought 3 Potions","floor":7.0,"gold_loss":0.0,"damage_taken":0.0},{"cards_removed":["Strike_P"],"damage_healed":0.0,"max_hp_gain":0.0,"max_hp_loss":0.0,"gold_gain":0.0,"event_name":"The Cleric","player_choice":"Card Removal","floor":11.0,"gold_loss":50.0,"damage_taken":0.0},{"cards_removed":["Strike_P"],"damage_healed":0.0,"max_hp_gain":0.0,"max_hp_loss":0.0,"gold_gain":0.0,"event_name":"Purifier","player_choice":"Purged","floor":21.0,"gold_loss":0.0,"damage_taken":0.0},{"damage_healed":0.0,"max_hp_gain":0.0,"max_hp_loss":0.0,"gold_gain":0.0,"event_name":"N\u0027loth","player_choice":"Traded Relic","floor":31.0,"relics_lost":["Boot"],"gold_loss":0.0,"damage_taken":0.0,"relics_obtained":["Nloth\u0027s Gift"]},{"cards_removed":["Strike_P"],"damage_healed":0.0,"max_hp_gain":0.0,"max_hp_loss":0.0,"gold_gain":0.0,"event_name":"Purifier","player_choice":"Purged","floor":37.0,"gold_loss":0.0,"damage_taken":0.0},{"cards_removed":["JustLucky"],"damage_healed":0.0,"max_hp_gain":0.0,"max_hp_loss":0.0,"gold_gain":0.0,"event_name":"Falling","player_choice":"Removed Attack","floor":41.0,"gold_loss":0.0,"damage_taken":0.0},{"damage_healed":0.0,"max_hp_gain":0.0,"max_hp_loss":0.0,"gold_gain":0.0,"event_name":"Match and Keep!","player_choice":"0 cards matched","floor":46.0,"gold_loss":0.0,"damage_taken":0.0,"cards_obtained":[]}],"is_beta":false,"boss_relics":[{"not_picked":["SlaversCollar","Tiny House"],"picked":"SacredBark"},{"not_picked":["VioletLotus","Busted Crown"],"picked":"Snecko Eye"}],"items_purged_floors":[],"is_endless":false,"potions_floor_spawned":[1,4,5,8,13,18,24,28,33,39,40,48],"ascension_level":0}}