{"host":"Connor","time":1610233093,"event":{"mods":["Aspiration","BaseMod","Downfall","Hubris","Marisa????????","Minty Spire (QoL Compilation)","Replay The Spire","StSLib","The Cursed","The Jungle","The Servant 0.9.4"],"gold_per_floor":[116,131,146,146,167,211,211,211,211,236,236,236,254,254,254],"floor_reached":14,"playtime":381,"items_purged":[],"score":161,"play_id":"def67846-555c-478d-8698-03819892fa8d","local_time":"20210109145813","is_ascension_mode":true,"campfire_choices":[{"floor":7,"key":"RECALL"},{"floor":12,"key":"REST"}],"circlet_count":0,"master_deck":["AscendersBane","Strike_R","Strike_R","Strike_R","Strike_R","Strike_R","Defend_R","Defend_R","Defend_R","Defend_R","Bash","Thunderclap","Metallicize+1","Seeing Red","Rampage","Warcry","Sword Boomerang","Iron Wave"],"relics":["ChewingGum","Golden Idol","hubris:TinFlute","aspiration:HiddenCompartment"],"acts_visited":["Exordium"],"potions_floor_usage":[6,10],"damage_taken":[{"damage":1,"enemies":"2 Louse","floor":1,"turns":3},{"damage":4,"enemies":"Jaw Worm","floor":2,"turns":3},{"damage":3,"enemies":"Cultist","floor":3,"turns":3},{"damage":5,"enemies":"Blue Slaver","floor":5,"turns":4},{"damage":28,"enemies":"Replay:BlueRogue","floor":6,"turns":7},{"damage":5,"enemies":"Lots of Slimes","floor":10,"turns":4},{"damage":7,"enemies":"Exordium Thugs","floor":13,"turns":4},{"damage":28,"enemies":"Lagavulin","floor":14,"turns":7}],"seed_played":"4823219783958039375","potions_obtained":[{"floor":2,"key":"sneckomod:MuddlingPotion"},{"floor":3,"key":"ColorlessPotion"}],"is_trial":false,"path_per_floor":["M","M","M","?","M","E","R","?","T","M","?","R","M","E"],"character_chosen":"IRONCLAD","items_purchased":[],"campfire_rested":1,"item_purchase_floors":[],"current_hp_per_floor":[67,63,60,60,55,27,27,9,9,4,4,24,17,0,0],"gold":254,"neow_bonus":"BOSS_RELIC","is_daily":false,"chose_seed":false,"campfire_upgraded":0,"win_rate":0.0,"timestamp":1610233093,"path_taken":["M","M","M","?","M","E","R","?","T","M","?","R","M","E"],"items_purchased_type":[],"build_version":"2020-12-18","purchased_purges":0,"victory":false,"max_hp_per_floor":[75,75,75,68,68,68,68,68,68,68,68,68,68,68,68],"card_choices":[{"not_picked":["Havoc","Bloodletting"],"picked":"Thunderclap","floor":1},{"not_picked":["Wild Strike","Cleave"],"picked":"Metallicize","floor":2},{"not_picked":["Perfected Strike","Warcry"],"picked":"Seeing Red","floor":3},{"not_picked":["Perfected Strike","Pommel Strike"],"picked":"Rampage","floor":5},{"not_picked":["ReplayTheSpireMod:Corrosion Curse","Bloodletting"],"picked":"Warcry","floor":6},{"not_picked":["Replay:Undeath\u0027s Touch","Warcry"],"picked":"Sword Boomerang","floor":10},{"not_picked":["Replay:Undeath\u0027s Touch","Defy Death"],"picked":"Iron Wave","floor":13}],"player_experience":572058,"relics_obtained":[{"floor":6,"key":"hubris:TinFlute"}],"event_choices":[{"damage_healed":0,"gold_gain":0,"player_choice":"Lose Max HP","damage_taken":0,"relics_obtained":["Golden Idol"],"max_hp_gain":0,"max_hp_loss":7,"event_name":"Golden Idol","floor":4,"gold_loss":0},{"damage_healed":0,"gold_gain":0,"player_choice":"Success","damage_taken":18,"relics_obtained":["aspiration:HiddenCompartment"],"max_hp_gain":0,"max_hp_loss":0,"event_name":"Scrap Ooze","floor":8,"gold_loss":0},{"damage_healed":0,"gold_gain":0,"player_choice":"Forge","damage_taken":0,"max_hp_gain":0,"max_hp_loss":0,"event_name":"Accursed Blacksmith","floor":11,"gold_loss":0,"cards_upgraded":["Metallicize"]}],"is_beta":true,"boss_relics":[],"items_purged_floors":[],"is_endless":false,"potions_floor_spawned":[2,3],"killed_by":"Lagavulin","ascension_level":15}}