{"host":"nkolxg4se00n20yf","time":1610228334,"event":{"mods":["BaseMod","CatGirl Mod","Chen","Colored Map","Colored Powertips","Downfall","Friendly Minions","Infinite Spire","Kiyohime????","Marisa????????","Minty Spire (QoL Compilation)","StSLib","Td1madao Mod","The Administrix","The Cursed","The Exalted","The Hierophant","The Servant 0.9.4"],"gold_per_floor":[113,127,277,288,288,323,336,367,367,397,446,446,446,446,446,446,446],"floor_reached":16,"playtime":547,"items_purged":[],"score":240,"play_id":"b6da057a-7f68-45eb-8c55-a11da0972dbc","local_time":"20210109223854","is_ascension_mode":true,"campfire_choices":[{"floor":13.0,"key":"REST"},{"floor":15.0,"key":"REST"}],"circlet_count":0,"master_deck":["AscendersBane","Strike_MRS","Strike_MRS","Strike_MRS","Strike_MRS","Defend_MRS","Defend_MRS","Defend_MRS","Defend_MRS","MasterSpark+1","UpSweep","Shame","AlicesGift","MachineGunSpark","Doubt","GrandCross","ShootTheMoon","CollectingQuirk+1","WitchOfGreed","Singularity"],"relics":["MiniHakkero","Akabeko","Bromod:ArcaneVictory","Sundial","InkBottle"],"acts_visited":["Exordium"],"potions_floor_usage":[16],"damage_taken":[{"damage":0.0,"enemies":"2 Louse","floor":1.0,"turns":2.0},{"damage":14.0,"enemies":"Small Slimes","floor":2.0,"turns":3.0},{"damage":4.0,"enemies":"Cultist","floor":4.0,"turns":4.0},{"damage":9.0,"enemies":"3 Sentries","floor":6.0,"turns":4.0},{"damage":0.0,"enemies":"Large Slime","floor":7.0,"turns":4.0},{"damage":8.0,"enemies":"Gremlin Nob","floor":8.0,"turns":3.0},{"damage":35.0,"enemies":"3 Sentries","floor":11.0,"turns":8.0},{"damage":0.0,"enemies":"3 Louse","floor":12.0,"turns":1.0},{"damage":69,"enemies":"Slime Boss","floor":16,"turns":8}],"seed_played":"5548111228470128989","potions_obtained":[{"floor":4.0,"key":"Slimebound:ThreeZeroPotion"},{"floor":8.0,"key":"Ancient Potion"},{"floor":11.0,"key":"Swift Potion"},{"floor":11.0,"key":"SmokeBomb"}],"is_trial":false,"path_per_floor":["M","M","?","M","?","E","M","E","T","?","E","M","R","?","R","B"],"character_chosen":"MARISA","items_purchased":[],"campfire_rested":2,"item_purchase_floors":[],"current_hp_per_floor":[77,63,63,59,59,50,50,42,42,42,10,10,35,35,60,0,0],"gold":446,"neow_bonus":"TWENTY_PERCENT_HP_BONUS","is_daily":false,"chose_seed":false,"campfire_upgraded":0,"win_rate":0.0,"timestamp":1610228334,"path_taken":["M","M","?","M","?","E","M","E","T","?","E","M","R","?","R","BOSS"],"items_purchased_type":[],"build_version":"2020-12-22","purchased_purges":0,"victory":false,"max_hp_per_floor":[84,84,84,84,84,84,84,84,84,84,84,84,84,84,84,84,84],"card_choices":[{"not_picked":["ChargeUpSpray","GasGiant"],"picked":"AlicesGift","floor":1.0},{"not_picked":["PowerUp","UnstableBomb"],"picked":"MachineGunSpark","floor":2.0},{"not_picked":["IllusionStar","ShootingEcho"],"picked":"GrandCross","floor":4.0},{"not_picked":["ChargingUp","OneTimeOff"],"picked":"ShootTheMoon","floor":6.0},{"not_picked":["Orbital","Robbery"],"picked":"CollectingQuirk","floor":7.0},{"not_picked":["WitchLeyline","IllusionStar"],"picked":"WitchOfGreed","floor":8.0},{"not_picked":["ShootTheMoon","DragonMeteor"],"picked":"Singularity","floor":11.0}],"player_experience":1098715,"relics_obtained":[{"floor":6.0,"key":"Akabeko"},{"floor":8.0,"key":"Bromod:ArcaneVictory"},{"floor":9.0,"key":"Sundial"},{"floor":11.0,"key":"InkBottle"}],"event_choices":[{"damage_healed":0.0,"max_hp_gain":0.0,"max_hp_loss":0.0,"gold_gain":150.0,"event_name":"Liars Game","player_choice":"AGREE","floor":3.0,"gold_loss":0.0,"damage_taken":0.0,"cards_obtained":["Doubt"]},{"damage_healed":0.0,"max_hp_gain":0.0,"max_hp_loss":0.0,"gold_gain":0.0,"event_name":"Living Wall","player_choice":"Grow","floor":5.0,"gold_loss":0.0,"damage_taken":0.0,"cards_upgraded":["MasterSpark"]},{"damage_healed":0.0,"max_hp_gain":0.0,"max_hp_loss":0.0,"gold_gain":30.0,"event_name":"Dead Adventurer","player_choice":"Searched \u00272\u0027 times","floor":10.0,"gold_loss":0.0,"damage_taken":0.0},{"damage_healed":0.0,"max_hp_gain":0.0,"max_hp_loss":0.0,"gold_gain":0.0,"event_name":"Upgrade Shrine","player_choice":"Upgraded","floor":14.0,"gold_loss":0.0,"damage_taken":0.0,"cards_upgraded":["CollectingQuirk"]}],"is_beta":false,"boss_relics":[],"items_purged_floors":[],"is_endless":false,"potions_floor_spawned":[4,8,11,12],"killed_by":"Slime Boss","ascension_level":20}}