{"host":"z4nt7tdd4gjrinn7","time":1610228741,"event":{"mods":["BaseMod","Minty Spire (QoL Compilation)","StSLib","The Servant 0.9.4"],"gold_per_floor":[110,110,122,186,261,261,261,5,77,90,90,107,29,29,29,132,182,200,200,200,200,47,47,80,80,80,80,93,93,93,111,111,111,111],"floor_reached":33,"playtime":1315,"items_purged":[],"score":274,"play_id":"e1fe4922-3e4e-40f9-964e-89c6fc2043b5","local_time":"20210109164541","is_ascension_mode":false,"campfire_choices":[{"floor":6,"key":"REST"},{"data":"Twin Strike","floor":11,"key":"SMITH"},{"data":"Flame Barrier","floor":15,"key":"SMITH"},{"floor":23,"key":"REST"},{"floor":25,"key":"REST"},{"floor":27,"key":"REST"},{"data":"Perfected Strike","floor":32,"key":"SMITH"}],"circlet_count":0,"master_deck":["Strike_R+1","Strike_R+1","Strike_R+1","Strike_R+1","Strike_R+1","Defend_R+1","Defend_R+1","Defend_R+1","Defend_R+1","Bash","Heavy Blade","Wild Strike","Twin Strike+1","Parasite","Clothesline","Thunderclap","Flame Barrier+1","Limit Break","Flame Barrier","Anger","Heavy Blade+1","Armaments+1","Intimidate+1","Anger","Perfected Strike","Clothesline+1","Power Through+1","Perfected Strike+1"],"relics":["Burning Blood","HornCleat","Pear","Tiny House","MutagenicStrength","Orrery","MealTicket","Pantograph"],"acts_visited":["Exordium","TheCity"],"potions_floor_usage":[16,33,33],"damage_taken":[{"damage":11,"enemies":"Jaw Worm","floor":1,"turns":3},{"damage":12,"enemies":"Small Slimes","floor":3,"turns":2},{"damage":7,"enemies":"2 Louse","floor":10,"turns":2},{"damage":1,"enemies":"Exordium Wildlife","floor":12,"turns":2},{"damage":84,"enemies":"Slime Boss","floor":16,"turns":12},{"damage":14,"enemies":"3 Byrds","floor":18,"turns":4},{"damage":53,"enemies":"Slavers","floor":24,"turns":6},{"damage":19,"enemies":"Shell Parasite","floor":28,"turns":4},{"damage":9,"enemies":"3 Cultists","floor":31,"turns":4},{"damage":99,"enemies":"Collector","floor":33,"turns":8}],"seed_played":"-3963537776206673585","potions_obtained":[{"floor":3,"key":"SneckoOil"},{"floor":12,"key":"Explosive Potion"},{"floor":16,"key":"BlessingOfTheForge"},{"floor":17,"key":"EssenceOfSteel"},{"floor":28,"key":"Fire Potion"}],"is_trial":false,"path_per_floor":["M","?","M","?","?","R","?","$","T","M","R","M","$","?","R","B",null,"M","?","?","?","$","R","E","R","T","R","M","?","$","M","R","B"],"character_chosen":"IRONCLAD","items_purchased":["HornCleat","Flame Barrier","Orrery"],"campfire_rested":4,"item_purchase_floors":[8,13,22],"current_hp_per_floor":[75,75,69,69,58,80,80,80,90,89,89,90,90,90,90,12,95,87,87,87,87,87,95,48,76,76,95,82,82,95,92,92,0,0],"gold":111,"neow_bonus":"THREE_CARDS","is_daily":false,"chose_seed":false,"campfire_upgraded":3,"win_rate":0.0,"timestamp":1610228741,"path_taken":["M","?","M","?","?","R","?","$","T","?","R","M","?","?","R","BOSS","M","?","?","?","$","R","E","R","T","R","M","?","?","M","R","BOSS"],"items_purchased_type":["Relic","Card","Relic"],"build_version":"2020-12-22","purchased_purges":0,"victory":false,"max_hp_per_floor":[80,80,80,80,80,80,80,80,90,90,90,90,90,90,90,90,95,95,95,95,95,95,95,95,95,95,95,95,95,95,95,95,95,95],"card_choices":[{"not_picked":["Rupture","Flex"],"picked":"Heavy Blade","floor":0},{"not_picked":["Cleave","Rupture"],"picked":"Wild Strike","floor":1},{"not_picked":["Pommel Strike","Disarm"],"picked":"Twin Strike","floor":3},{"not_picked":["Dark Embrace","Battle Trance"],"picked":"Clothesline","floor":10},{"not_picked":["Rampage","Inflame"],"picked":"Thunderclap","floor":12},{"not_picked":["Berserk","Impervious"],"picked":"Limit Break","floor":16},{"not_picked":["Heavy Blade","Twin Strike"],"picked":"Flame Barrier","floor":17},{"not_picked":["Bloodletting","Shockwave+1"],"picked":"Anger","floor":18},{"not_picked":["Cleave","Hemokinesis"],"picked":"Heavy Blade+1","floor":22},{"not_picked":["Reaper","True Grit"],"picked":"Armaments+1","floor":22},{"not_picked":["Inflame+1","Heavy Blade"],"picked":"Intimidate+1","floor":22},{"not_picked":["Sword Boomerang+1","Iron Wave+1"],"picked":"Anger","floor":22},{"not_picked":["Offering","Thunderclap+1"],"picked":"Perfected Strike","floor":22},{"not_picked":["Whirlwind","Reckless Charge"],"picked":"Clothesline+1","floor":24},{"not_picked":["Feel No Pain","Infernal Blade"],"picked":"Power Through+1","floor":28},{"not_picked":["Armaments","Anger+1"],"picked":"Perfected Strike","floor":31}],"player_experience":33322,"relics_obtained":[{"floor":9,"key":"Pear"},{"floor":24,"key":"MealTicket"},{"floor":26,"key":"Pantograph"}],"event_choices":[{"damage_healed":0,"gold_gain":0,"player_choice":"Leave","damage_taken":0,"max_hp_gain":0,"max_hp_loss":0,"event_name":"The Cleric","floor":2,"gold_loss":0},{"damage_healed":0,"gold_gain":64,"player_choice":"Gained Gold","damage_taken":0,"max_hp_gain":0,"max_hp_loss":0,"event_name":"Golden Wing","floor":4,"gold_loss":0},{"damage_healed":0,"gold_gain":75,"player_choice":"Gather Gold","damage_taken":11,"max_hp_gain":0,"max_hp_loss":0,"event_name":"World of Goop","floor":5,"gold_loss":0},{"damage_healed":20,"gold_gain":0,"player_choice":"Healed and dodged fight","damage_taken":0,"max_hp_gain":0,"max_hp_loss":0,"event_name":"Mushrooms","floor":7,"gold_loss":0,"cards_obtained":["Parasite"]},{"damage_healed":0,"gold_gain":0,"player_choice":"Ignored","damage_taken":0,"max_hp_gain":0,"max_hp_loss":0,"event_name":"Shining Light","floor":14,"gold_loss":0},{"damage_healed":0,"gold_gain":0,"player_choice":"Simplicity","damage_taken":0,"max_hp_gain":0,"max_hp_loss":0,"event_name":"Back to Basics","floor":19,"gold_loss":0,"cards_upgraded":["Strike_R","Strike_R","Strike_R","Strike_R","Defend_R","Defend_R","Defend_R","Defend_R"]},{"damage_healed":0,"gold_gain":0,"player_choice":"Ignored","damage_taken":0,"max_hp_gain":0,"max_hp_loss":0,"event_name":"Beggar","floor":20,"gold_loss":0},{"damage_healed":0,"gold_gain":0,"player_choice":"Inject Mutagens","damage_taken":0,"relics_obtained":["MutagenicStrength"],"max_hp_gain":0,"max_hp_loss":0,"event_name":"Drug Dealer","floor":21,"gold_loss":0},{"damage_healed":0,"gold_gain":0,"player_choice":"Ignored","damage_taken":0,"max_hp_gain":0,"max_hp_loss":0,"event_name":"Ghosts","floor":29,"gold_loss":0}],"is_beta":false,"boss_relics":[{"not_picked":["Snecko Eye","Sozu"],"picked":"Tiny House"}],"items_purged_floors":[],"is_endless":false,"potions_floor_spawned":[3,12,16,18,28,31],"killed_by":"Collector","ascension_level":0}}