{"host":"pl1fbpkom0aq337f","time":1610187737,"event":{"mods":["AchievementEnabler","BaseMod","Colored Map","Minty Spire (QoL Compilation)"],"gold_per_floor":[119,194,142,160,160,160,198,219,258,258,258,289,55,55,98,98,98,224,224,238,254,254,274,189,189,223,223,223,223,13,13,13],"floor_reached":31,"playtime":1301,"items_purged":[],"score":563,"play_id":"85224723-a756-408e-8d3d-69dcd2c90c4f","local_time":"20210109112217","is_ascension_mode":true,"campfire_choices":[{"data":"Neutralize","floor":6,"key":"SMITH"},{"data":"Noxious Fumes","floor":14,"key":"SMITH"},{"data":"Catalyst","floor":16,"key":"SMITH"},{"data":"Well Laid Plans","floor":17,"key":"SMITH"},{"floor":25,"key":"REST"}],"circlet_count":0,"master_deck":["AscendersBane","Strike_G","Strike_G","Strike_G","Strike_G","Strike_G","Defend_G","Defend_G","Defend_G","Defend_G","Defend_G","Survivor","Neutralize+1","Quick Slash","Dagger Throw","Blade Dance","Well Laid Plans+1","Noxious Fumes+1","Deadly Poison","Catalyst+1","Envenom","Blade Dance","Catalyst+1","PiercingWail+1"],"relics":["Ring of the Snake","NeowsBlessing","Golden Idol","HornCleat","The Courier","Molten Egg 2","Orichalcum","Torii","Omamori","Runic Dome","Lantern","Tiny Chest","Bird Faced Urn","Pantograph","Singing Bowl","Toxic Egg 2"],"acts_visited":["Exordium","TheCity"],"potions_floor_usage":[15,26,31],"damage_taken":[{"damage":0,"enemies":"Jaw Worm","floor":1,"turns":1},{"damage":0,"enemies":"Small Slimes","floor":4,"turns":1},{"damage":0,"enemies":"Lagavulin","floor":7,"turns":1},{"damage":0,"enemies":"Cultist","floor":8,"turns":3},{"damage":24,"enemies":"3 Sentries","floor":9,"turns":10},{"damage":8,"enemies":"Gremlin Nob","floor":12,"turns":4},{"damage":4,"enemies":"3 Sentries","floor":15,"turns":7},{"damage":13,"enemies":"The Guardian","floor":18,"turns":8},{"damage":12,"enemies":"Chosen","floor":20,"turns":5},{"damage":9,"enemies":"Shell Parasite","floor":21,"turns":5},{"damage":22,"enemies":"3 Cultists","floor":23,"turns":6},{"damage":0,"enemies":"Gremlin Leader","floor":26,"turns":4},{"damage":41,"enemies":"Book of Stabbing","floor":31,"turns":4}],"seed_played":"1177315351610781369","potions_obtained":[{"floor":1,"key":"SmokeBomb"},{"floor":15,"key":"Fire Potion"},{"floor":18,"key":"PowerPotion"},{"floor":21,"key":"CunningPotion"}],"is_trial":false,"path_per_floor":["M","?","$","M","?","R","E","M","E","T","?","E","$","R","E","R","R","B",null,"M","M","?","M","?","R","E","?","T","T","$","E"],"character_chosen":"THE_SILENT","items_purchased":["PowerPotion","Torii","Toxic Egg 2"],"campfire_rested":1,"item_purchase_floors":[3,13,30],"current_hp_per_floor":[63,52,52,52,52,52,52,52,28,28,49,41,41,41,37,37,37,24,55,43,34,34,12,12,31,31,31,31,31,31,0,0],"gold":13,"neow_bonus":"THREE_ENEMY_KILL","is_daily":false,"chose_seed":false,"campfire_upgraded":4,"win_rate":0.0,"timestamp":1610187737,"path_taken":["M","?","$","M","?","R","E","M","E","T","?","E","$","R","E","R","R","BOSS","M","M","?","?","?","R","E","?","T","T","$","E"],"items_purchased_type":["Potion","Relic","Relic"],"build_version":"2020-12-22","purchased_purges":0,"victory":false,"max_hp_per_floor":[70,70,70,70,65,65,65,65,65,65,65,65,65,65,65,65,65,65,65,65,65,65,65,65,65,65,65,65,65,65,65,65],"card_choices":[{"not_picked":["Setup","Dodge and Roll"],"picked":"Quick Slash","floor":1},{"not_picked":["Escape Plan","PiercingWail"],"picked":"Dagger Throw","floor":4},{"not_picked":["Caltrops","Quick Slash"],"picked":"Blade Dance","floor":7},{"not_picked":["Finisher","Distraction"],"picked":"Well Laid Plans","floor":8},{"not_picked":["Predator","Backflip"],"picked":"Noxious Fumes","floor":9},{"not_picked":["Flying Knee+1","Reflex"],"picked":"Deadly Poison","floor":12},{"not_picked":["Noxious Fumes","Envenom"],"picked":"Catalyst","floor":15},{"not_picked":["Storm of Steel","Doppelganger"],"picked":"Envenom","floor":18},{"not_picked":["Cloak And Dagger","Backflip"],"picked":"Blade Dance","floor":20},{"not_picked":["Sucker Punch+1","Terror","Flying Knee+1"],"picked":"SKIP","floor":21},{"not_picked":["Deflect","Dagger Spray+1"],"picked":"PiercingWail+1","floor":23},{"not_picked":["Storm of Steel","Outmaneuver","Riddle With Holes+1"],"picked":"SKIP","floor":26}],"player_experience":437610,"relics_obtained":[{"floor":7,"key":"HornCleat"},{"floor":9,"key":"The Courier"},{"floor":10,"key":"Molten Egg 2"},{"floor":12,"key":"Orichalcum"},{"floor":15,"key":"Omamori"},{"floor":26,"key":"Tiny Chest"},{"floor":28,"key":"Pantograph"},{"floor":29,"key":"Singing Bowl"}],"event_choices":[{"damage_healed":0,"gold_gain":75,"player_choice":"Gather Gold","damage_taken":11,"max_hp_gain":0,"max_hp_loss":0,"event_name":"World of Goop","floor":2,"gold_loss":0},{"damage_healed":0,"gold_gain":0,"player_choice":"Lose Max HP","damage_taken":0,"relics_obtained":["Golden Idol"],"max_hp_gain":0,"max_hp_loss":5,"event_name":"Golden Idol","floor":5,"gold_loss":0},{"damage_healed":21,"gold_gain":0,"player_choice":"Banana","damage_taken":0,"max_hp_gain":0,"max_hp_loss":0,"event_name":"Big Fish","floor":11,"gold_loss":0},{"damage_healed":0,"gold_gain":0,"player_choice":"Copied","damage_taken":0,"max_hp_gain":0,"max_hp_loss":0,"event_name":"Duplicator","floor":22,"gold_loss":0,"cards_obtained":["Catalyst"]},{"damage_healed":0,"gold_gain":0,"player_choice":"Obtained Relic","damage_taken":0,"relics_obtained":["Lantern"],"max_hp_gain":0,"max_hp_loss":0,"event_name":"Addict","floor":24,"gold_loss":85},{"damage_healed":0,"gold_gain":0,"player_choice":"Opened","damage_taken":0,"relics_obtained":["Bird Faced Urn"],"max_hp_gain":0,"max_hp_loss":0,"event_name":"The Mausoleum","floor":27,"gold_loss":0}],"is_beta":false,"boss_relics":[{"not_picked":["HoveringKite","Ring of the Serpent"],"picked":"Runic Dome"}],"items_purged_floors":[],"is_endless":false,"potions_floor_spawned":[1,9,15,18,20,21],"killed_by":"Book of Stabbing","ascension_level":12}}