{"host":"q0qnzbgdx8oqogg9","time":1610161452,"event":{"mods":["BaseMod","Minty Spire (QoL Compilation)","Slay-I","StSLib"],"gold_per_floor":[111,124,138,152,177,177,212,229,229,244,274,274,294,294,294,392,392,381,157,186,186,196,221,221,248,296,296,328,343,343,343,343,441,441,453,54,71,87,103,130,5,22,48,58,90,104,104,134,134,134,134,134,44,72,72],"floor_reached":56,"playtime":1954,"items_purged":["Strike_R","Strike_R","Strike_R","Bash+1"],"score":1626,"play_id":"431359de-b760-496e-9865-2d8b4e5a3265","local_time":"20210108220412","is_ascension_mode":true,"campfire_choices":[{"data":"Whirlwind","floor":6.0,"key":"SMITH"},{"data":"True Grit","floor":15.0,"key":"SMITH"},{"data":"Bash","floor":24.0,"key":"SMITH"},{"data":"Power Through","floor":27.0,"key":"SMITH"},{"data":"Power Through","floor":32.0,"key":"SMITH"},{"data":"Limit Break","floor":47.0,"key":"SMITH"},{"floor":49.0,"key":"RECALL"},{"floor":52.0,"key":"REST"}],"circlet_count":0,"master_deck":["Strike_R","Strike_R","Defend_R+1","Defend_R","Defend_R","Defend_R","CurseOfTheBell","Whirlwind+1","True Grit+1","Power Through+1","Demon Form+1","Immolate","Dark Embrace+1","Heavy Blade+1","Power Through+1","Demon Form+1","Havoc+1","Shockwave+1","Double Tap","True Grit+1","Corruption+1","Sever Soul","Limit Break+1","Feel No Pain+1"],"relics":["Calling Bell","Pen Nib","Frozen Egg 2","Incense Burner","MealTicket","Orichalcum","Sundial","Champion Belt","Velvet Choker","Chemical X","Red Mask","Lantern","Gambling Chip","Art of War","Singing Bowl","Mercury Hourglass","Runic Pyramid","Bag of Marbles","Oddly Smooth Stone","Dream Catcher","StrikeDummy","Smiling Mask","White Beast Statue"],"acts_visited":["Exordium","TheCity","TheBeyond","TheEnding"],"potions_floor_usage":[54],"damage_taken":[{"damage":0.0,"enemies":"Cultist","floor":1.0,"turns":4.0},{"damage":2.0,"enemies":"2 Louse","floor":2.0,"turns":3.0},{"damage":0.0,"enemies":"Small Slimes","floor":3.0,"turns":2.0},{"damage":2.0,"enemies":"Exordium Wildlife","floor":4.0,"turns":4.0},{"damage":5.0,"enemies":"Lagavulin","floor":7.0,"turns":5.0},{"damage":1.0,"enemies":"Looter","floor":8.0,"turns":4.0},{"damage":12.0,"enemies":"Large Slime","floor":10.0,"turns":6.0},{"damage":0.0,"enemies":"Gremlin Nob","floor":11.0,"turns":3.0},{"damage":0.0,"enemies":"Gremlin Gang","floor":13.0,"turns":1.0},{"damage":26.0,"enemies":"Hexaghost","floor":16.0,"turns":10.0},{"damage":0.0,"enemies":"2 Thieves","floor":18.0,"turns":4.0},{"damage":0.0,"enemies":"Masked Bandits","floor":20.0,"turns":2.0},{"damage":0.0,"enemies":"Spheric Guardian","floor":22.0,"turns":2.0},{"damage":0.0,"enemies":"Slavers","floor":23.0,"turns":1.0},{"damage":5.0,"enemies":"Book of Stabbing","floor":25.0,"turns":5.0},{"damage":0.0,"enemies":"Slavers","floor":28.0,"turns":1.0},{"damage":0.0,"enemies":"Cultist and Chosen","floor":29.0,"turns":5.0},{"damage":18.0,"enemies":"Champ","floor":33.0,"turns":8.0},{"damage":0.0,"enemies":"3 Darklings","floor":35.0,"turns":3.0},{"damage":0.0,"enemies":"3 Shapes","floor":37.0,"turns":5.0},{"damage":0.0,"enemies":"Jaw Worm Horde","floor":38.0,"turns":1.0},{"damage":3.0,"enemies":"Maw","floor":39.0,"turns":8.0},{"damage":6.0,"enemies":"Reptomancer","floor":40.0,"turns":5.0},{"damage":0.0,"enemies":"Sphere and 2 Shapes","floor":42.0,"turns":1.0},{"damage":0.0,"enemies":"3 Darklings","floor":44.0,"turns":3.0},{"damage":2.0,"enemies":"Nemesis","floor":45.0,"turns":5.0},{"damage":0.0,"enemies":"Jaw Worm Horde","floor":46.0,"turns":1.0},{"damage":2.0,"enemies":"Reptomancer","floor":48.0,"turns":6.0},{"damage":30.0,"enemies":"Donu and Deca","floor":50.0,"turns":7.0},{"damage":20,"enemies":"Shield and Spear","floor":54,"turns":4},{"damage":72,"enemies":"The Heart","floor":55,"turns":8}],"seed_played":"-8993056081883356038","potions_obtained":[{"floor":2.0,"key":"FearPotion"},{"floor":7.0,"key":"SneckoOil"},{"floor":10.0,"key":"SkillPotion"},{"floor":11.0,"key":"DuplicationPotion"},{"floor":18.0,"key":"Energy Potion"},{"floor":33.0,"key":"Dexterity Potion"},{"floor":37.0,"key":"SkillPotion"},{"floor":39.0,"key":"BlessingOfTheForge"},{"floor":45.0,"key":"Explosive Potion"},{"floor":54,"key":"SteroidPotion"}],"is_trial":false,"path_per_floor":["M","M","M","M","T","R","E","M","T","M","E","?","M","?","R","B",null,"M","$","?","?","M","E","R","E","T","R","E","M","?","?","R","B",null,"M","$","M","M","M","E","$","M","T","M","E","M","R","E","R","B",null,"R","$","E","B",null],"character_chosen":"IRONCLAD","items_purchased":["Chemical X","Bag of Marbles","Oddly Smooth Stone","Feel No Pain+1"],"campfire_rested":1,"item_purchase_floors":[19,36,36,53],"current_hp_per_floor":[80,78,78,76,76,76,71,70,70,58,58,80,80,64,64,38,80,80,80,80,80,80,80,80,75,75,75,77,77,77,77,77,59,82,84,84,86,86,85,81,90,92,92,94,94,94,94,94,94,64,98,100,100,82,10],"gold":72,"neow_bonus":"BOSS_RELIC","is_daily":false,"chose_seed":false,"campfire_upgraded":6,"win_rate":0.0,"timestamp":1610161452,"path_taken":["M","M","M","?","?","R","E","M","T","M","E","?","M","?","R","BOSS","M","$","?","?","M","E","R","E","T","R","E","M","?","?","R","BOSS","M","$","?","M","M","E","?","M","T","M","E","M","R","E","R","BOSS","R","$","E","BOSS"],"items_purchased_type":["Relic","Relic","Relic","Card"],"build_version":"2020-12-22","purchased_purges":4,"victory":true,"max_hp_per_floor":[80,80,80,80,80,80,80,80,80,80,80,80,80,80,80,80,80,80,80,80,80,80,80,80,80,80,80,82,82,82,82,82,82,82,84,84,86,86,88,90,90,92,92,94,96,96,96,98,98,98,98,100,100,102,102],"card_choices":[{"not_picked":["Twin Strike","Power Through"],"picked":"Whirlwind","floor":1.0},{"not_picked":["Havoc","Whirlwind"],"picked":"True Grit","floor":2.0},{"not_picked":["Perfected Strike","Sentinel"],"picked":"Power Through","floor":3.0},{"not_picked":["Inflame+1","Intimidate"],"picked":"Demon Form+1","floor":4.0},{"not_picked":["Spot Weakness","Sword Boomerang"],"picked":"Immolate","floor":7.0},{"not_picked":["Uppercut","Thunderclap"],"picked":"Dark Embrace+1","floor":8.0},{"not_picked":["Perfected Strike","Clash"],"picked":"Heavy Blade","floor":10.0},{"not_picked":["Clash","Twin Strike","Perfected Strike"],"picked":"SKIP","floor":11.0},{"not_picked":["Rupture+1","Heavy Blade"],"picked":"Power Through","floor":13.0},{"not_picked":["Immolate","Juggernaut+1"],"picked":"Demon Form+1","floor":16.0},{"not_picked":["Pummel","Twin Strike+1"],"picked":"Havoc+1","floor":18.0},{"not_picked":["Hemokinesis","Iron Wave+1"],"picked":"Shockwave+1","floor":22.0},{"not_picked":["Clothesline","Body Slam"],"picked":"Double Tap","floor":23.0},{"not_picked":["Reckless Charge+1","Shrug It Off","Inflame+1"],"picked":"SKIP","floor":25.0},{"not_picked":["Armaments+1","Combust+1","Headbutt"],"picked":"Singing Bowl","floor":28.0},{"not_picked":["Havoc","Whirlwind"],"picked":"True Grit+1","floor":29.0},{"not_picked":["Double Tap","Juggernaut+1"],"picked":"Corruption+1","floor":33.0},{"not_picked":["Iron Wave","Pommel Strike+1","True Grit"],"picked":"Singing Bowl","floor":35.0},{"not_picked":["Clash+1","Shockwave+1","Reckless Charge+1"],"picked":"Singing Bowl","floor":37.0},{"not_picked":["Warcry+1","Wild Strike"],"picked":"Sever Soul","floor":38.0},{"not_picked":["Armaments","Second Wind+1","Rage+1"],"picked":"Singing Bowl","floor":39.0},{"not_picked":["Cleave","Clash","Iron Wave"],"picked":"Singing Bowl","floor":40.0},{"not_picked":["Reckless Charge","Rupture+1","Clothesline"],"picked":"Singing Bowl","floor":42.0},{"not_picked":["Body Slam+1","Dual Wield+1","Wild Strike"],"picked":"Singing Bowl","floor":44.0},{"not_picked":["Warcry+1","Dark Embrace+1","Wild Strike"],"picked":"Singing Bowl","floor":45.0},{"not_picked":["Sever Soul+1","Shrug It Off"],"picked":"Limit Break","floor":46.0},{"not_picked":["Entrench","Body Slam","Dark Embrace+1"],"picked":"Singing Bowl","floor":48.0},{"not_picked":["Anger+1","Havoc","Flex+1"],"picked":"Singing Bowl","floor":52.0},{"not_picked":["Armaments+1","Inflame+1","Cleave"],"picked":"Singing Bowl","floor":54}],"player_experience":199657,"relics_obtained":[{"floor":0.0,"key":"Pen Nib"},{"floor":0.0,"key":"Frozen Egg 2"},{"floor":0.0,"key":"Incense Burner"},{"floor":5.0,"key":"MealTicket"},{"floor":7.0,"key":"Orichalcum"},{"floor":9.0,"key":"Sundial"},{"floor":11.0,"key":"Champion Belt"},{"floor":20.0,"key":"Red Mask"},{"floor":23.0,"key":"Lantern"},{"floor":25.0,"key":"Gambling Chip"},{"floor":26.0,"key":"Art of War"},{"floor":28.0,"key":"Singing Bowl"},{"floor":40.0,"key":"Dream Catcher"},{"floor":45.0,"key":"StrikeDummy"},{"floor":48.0,"key":"Smiling Mask"},{"floor":54,"key":"White Beast Statue"}],"event_choices":[{"damage_healed":26.0,"max_hp_gain":0.0,"max_hp_loss":0.0,"gold_gain":0.0,"event_name":"Big Fish","player_choice":"Banana","floor":12.0,"gold_loss":0.0,"damage_taken":0.0},{"damage_healed":0.0,"max_hp_gain":0.0,"max_hp_loss":0.0,"gold_gain":0.0,"event_name":"Shining Light","player_choice":"Entered Light","floor":14.0,"gold_loss":0.0,"damage_taken":16.0,"cards_upgraded":["Heavy Blade","Defend_R"]},{"damage_healed":0.0,"max_hp_gain":0.0,"max_hp_loss":0.0,"gold_gain":0.0,"event_name":"Masked Bandits","player_choice":"Fought Bandits","floor":20.0,"gold_loss":0.0,"damage_taken":0.0},{"damage_healed":0.0,"max_hp_gain":0.0,"max_hp_loss":0.0,"gold_gain":0.0,"event_name":"Vampires","player_choice":"Ignored","floor":21.0,"gold_loss":0.0,"damage_taken":0.0},{"damage_healed":0.0,"max_hp_gain":0.0,"max_hp_loss":0.0,"gold_gain":0.0,"event_name":"Ghosts","player_choice":"Ignored","floor":30.0,"gold_loss":0.0,"damage_taken":0.0},{"damage_healed":0.0,"max_hp_gain":0.0,"max_hp_loss":0.0,"gold_gain":0.0,"event_name":"WeMeetAgain","player_choice":"Gave Potion","floor":31.0,"gold_loss":0.0,"damage_taken":0.0,"relics_obtained":["Mercury Hourglass"]}],"is_beta":false,"boss_relics":[{"not_picked":["Mark of Pain","Busted Crown"],"picked":"Velvet Choker"},{"not_picked":["SlaversCollar","Runic Cube"],"picked":"Runic Pyramid"}],"items_purged_floors":[19,36,41,53],"is_endless":false,"potions_floor_spawned":[2,7,10,11,16,18,20,25,33,37,39,42,45,46,48,54],"ascension_level":4}}