{"host":"k18hfimadcku5042","time":1610183364,"event":{"mods":["Act Like it!","Aspiration","BaseMod","Minty Spire (QoL Compilation)","Pale of the Ancients","Replay The Spire","Spicy Shops","StSLib","The Runesmith","¡¾ÒÅÎï¿¨ÅÆ¡¿REMEMod"],"gold_per_floor":[20,30,47,67,0,36,36,36,36],"floor_reached":8,"playtime":644,"items_purged":["Discovery"],"score":64,"play_id":"351ede6e-119e-4878-8d81-508f02cf4bea","local_time":"20210109170924","is_ascension_mode":true,"campfire_choices":[],"circlet_count":0,"master_deck":["Strike_B","Strike_B","Strike_B","Defend_B","Defend_B","Defend_B","Zap","Dualcast","Aggregate","Sweeping Beam","Turbo","Recycle","Barrage","Leap","Fission"],"relics":["Cracked Core","REME_ComplimentaryCards","CeramicFish","Golden Idol"],"acts_visited":["Exordium"],"potions_floor_usage":[],"damage_taken":[{"damage":7,"enemies":"Jaw Worm","floor":1,"turns":3},{"damage":0,"enemies":"Small Slimes","floor":2,"turns":2},{"damage":0,"enemies":"Cultist","floor":3,"turns":4},{"damage":12,"enemies":"Looter","floor":4,"turns":3},{"damage":19,"enemies":"Replay:BlueRogue","floor":6,"turns":6},{"damage":13,"enemies":"Gremlin Nob","floor":8,"turns":4}],"seed_played":"-7372715949570329928","potions_obtained":[{"floor":2,"key":"FocusPotion"}],"is_trial":false,"path_per_floor":["M","M","M","M","$","E","?","E"],"character_chosen":"DEFECT","items_purchased":[],"campfire_rested":0,"item_purchase_floors":[],"current_hp_per_floor":[68,68,68,56,56,37,37,24,24],"gold":36,"neow_bonus":"TRANSFORM_TWO_CARDS","is_daily":false,"chose_seed":false,"campfire_upgraded":0,"win_rate":0.0,"timestamp":1610183364,"path_taken":["M","M","M","M","$","E","?","E"],"items_purchased_type":[],"build_version":"2020-12-22","purchased_purges":1,"victory":false,"max_hp_per_floor":[75,75,75,75,75,75,69,69,69],"card_choices":[{"not_picked":["Rebound","Hologram"],"picked":"Turbo","floor":1},{"not_picked":["Beam Cell","Chill"],"picked":"Recycle","floor":2},{"not_picked":["Skim","Compile Driver"],"picked":"Barrage","floor":3},{"not_picked":["Genetic Algorithm","Beam Cell"],"picked":"Leap","floor":4},{"not_picked":["Recycle","Redo"],"picked":"Fission","floor":6}],"player_experience":199619,"relics_obtained":[{"floor":6,"key":"CeramicFish"}],"event_choices":[{"damage_healed":0,"gold_gain":0,"player_choice":"Lose Max HP","damage_taken":0,"relics_obtained":["Golden Idol"],"max_hp_gain":0,"max_hp_loss":6,"event_name":"Golden Idol","floor":7,"gold_loss":0}],"is_beta":false,"boss_relics":[],"items_purged_floors":[5],"is_endless":false,"potions_floor_spawned":[2],"killed_by":"Gremlin Nob","ascension_level":2}}