{"host":"3h5qf14xt40jhha0","time":1610178078,"event":{"mods":["AlwaysNeverKeys","BaseMod","Colored Powertips","Minty Spire (QoL Compilation)","Permanent Neow","Relic Stats","StSLib"],"gold_per_floor":[115,126,137,157,173,204,204,236,262,37,37,56,84,84,84,160,160,177,192,192,21,37,66,80,108,183,208,208,220,220,220,220,220,220],"floor_reached":33,"playtime":2246,"items_purged":[],"score":679,"play_id":"1023d4fd-6d21-419a-b8a5-f68a48054923","local_time":"20210109024118","is_ascension_mode":true,"campfire_choices":[{"data":"Terror","floor":7.0,"key":"SMITH"},{"data":"Neutralize","floor":11.0,"key":"SMITH"},{"floor":15.0,"key":"REST"},{"data":"Footwork","floor":30,"key":"SMITH"},{"floor":32,"key":"REST"}],"circlet_count":0,"master_deck":["AscendersBane","Defend_G","Defend_G","Defend_G","Defend_G","Defend_G","Survivor","Neutralize+1","Dagger Spray","Poisoned Stab","Underhanded Strike","Acrobatics","Cloak And Dagger","Terror+1","Bouncing Flask","Footwork+1","Backstab","Bullet Time","Deflect","Dagger Throw","Glass Knife","Concentrate","Outmaneuver","PiercingWail","Deflect","Tactician+1","Bite","Bite","Bite","Bite","Bite"],"relics":["Ring of the Snake","PreservedInsect","TungstenRod","Boot","Membership Card","Oddly Smooth Stone","Runic Pyramid","Torii","Toy Ornithopter","Bottled Lightning","Question Card","Sundial"],"acts_visited":["Exordium","TheCity"],"potions_floor_usage":[27,29],"damage_taken":[{"damage":0.0,"enemies":"Cultist","floor":1.0,"turns":4.0},{"damage":6.0,"enemies":"Jaw Worm","floor":2.0,"turns":5.0},{"damage":1.0,"enemies":"2 Louse","floor":3.0,"turns":3.0},{"damage":9.0,"enemies":"Red Slaver","floor":4.0,"turns":4.0},{"damage":1.0,"enemies":"3 Louse","floor":5.0,"turns":3.0},{"damage":23.0,"enemies":"3 Sentries","floor":6.0,"turns":8.0},{"damage":3.0,"enemies":"Lagavulin","floor":8.0,"turns":6.0},{"damage":7.0,"enemies":"Looter","floor":12.0,"turns":3.0},{"damage":6.0,"enemies":"3 Sentries","floor":13.0,"turns":5.0},{"damage":8.0,"enemies":"The Guardian","floor":16.0,"turns":13.0},{"damage":7.0,"enemies":"Shell Parasite","floor":18.0,"turns":3.0},{"damage":16.0,"enemies":"2 Thieves","floor":19.0,"turns":3.0},{"damage":7.0,"enemies":"Centurion and Healer","floor":22.0,"turns":7.0},{"damage":12.0,"enemies":"Book of Stabbing","floor":23.0,"turns":5.0},{"damage":26.0,"enemies":"Snake Plant","floor":24.0,"turns":3.0},{"damage":13,"enemies":"Slavers","floor":25,"turns":6},{"damage":12,"enemies":"Book of Stabbing","floor":27,"turns":5},{"damage":5,"enemies":"Cultist and Chosen","floor":29,"turns":9},{"damage":34,"enemies":"Collector","floor":33,"turns":5}],"seed_played":"1213495729744794836","potions_obtained":[{"floor":3.0,"key":"DuplicationPotion"},{"floor":4.0,"key":"FearPotion"},{"floor":6.0,"key":"EssenceOfSteel"},{"floor":12.0,"key":"SteroidPotion"},{"floor":16.0,"key":"Ancient Potion"},{"floor":19.0,"key":"AttackPotion"},{"floor":25,"key":"Energy Potion"},{"floor":27,"key":"SpeedPotion"}],"is_trial":false,"path_per_floor":["M","M","M","M","M","E","R","E","T","$","R","M","E","?","R","B",null,"M","M","?","$","M","E","M","E","T","E","?","M","R","?","R","B"],"character_chosen":"THE_SILENT","items_purchased":["Membership Card","Bouncing Flask","Footwork","Torii"],"campfire_rested":2,"item_purchase_floors":[10,10,10,21],"current_hp_per_floor":[59,53,52,43,42,19,19,16,16,16,16,9,3,3,22,14,53,46,30,66,66,59,47,21,8,8,1,1,1,1,1,14,0,0],"gold":220,"neow_bonus":"RANDOM_COMMON_RELIC","is_daily":false,"chose_seed":false,"campfire_upgraded":3,"win_rate":0.0,"timestamp":1610178078,"path_taken":["M","?","M","M","M","E","R","E","T","$","R","M","E","?","R","BOSS","M","M","?","$","?","E","M","E","T","E","?","M","R","?","R","BOSS"],"items_purchased_type":["Relic","Card","Card","Relic"],"build_version":"2020-12-22","purchased_purges":0,"victory":false,"max_hp_per_floor":[66,66,66,66,66,66,66,66,66,66,66,66,66,66,66,66,66,66,66,66,66,66,66,66,66,66,66,66,66,66,46,46,46,46],"relic_stats":{"Torii":48,"counters":[19,100],"Sundial":[0],"PreservedInsect":222,"Boot":[55],"Question Card":2,"obtain_stats":[{"Torii":21,"Sundial":27,"Oddly Smooth Stone":13,"PreservedInsect":0,"Membership Card":10,"Bottled Lightning":25,"Boot":8,"Question Card":26,"TungstenRod":6,"Toy Ornithopter":23,"Ring of the Snake":0,"Runic Pyramid":17},{"Torii":12,"Sundial":17,"Oddly Smooth Stone":9,"PreservedInsect":0,"Membership Card":7,"Bottled Lightning":16,"Boot":7,"Question Card":16,"TungstenRod":6,"Toy Ornithopter":14,"Ring of the Snake":0,"Runic Pyramid":10},{"Torii":60,"Sundial":86,"Oddly Smooth Stone":41,"PreservedInsect":0,"Membership Card":33,"Bottled Lightning":81,"Boot":33,"Question Card":81,"TungstenRod":27,"Toy Ornithopter":72,"Ring of the Snake":0,"Runic Pyramid":54}],"TungstenRod":45,"Toy Ornithopter":10,"Ring of the Snake":[38]},"card_choices":[{"not_picked":["Riddle With Holes","Slice"],"picked":"Dagger Spray","floor":1.0},{"not_picked":["Dodge and Roll","Blur"],"picked":"Poisoned Stab","floor":2.0},{"not_picked":["Skewer","Dagger Spray"],"picked":"Underhanded Strike","floor":3.0},{"not_picked":["Flying Knee","Sucker Punch"],"picked":"Acrobatics","floor":4.0},{"not_picked":["Finisher","Underhanded Strike"],"picked":"Cloak And Dagger","floor":5.0},{"not_picked":["Predator","Deflect"],"picked":"Terror","floor":6.0},{"not_picked":["Calculated Gamble","Storm of Steel"],"picked":"Well Laid Plans","floor":8.0},{"not_picked":["Sucker Punch","Bane","Prepared"],"picked":"SKIP","floor":12.0},{"not_picked":["Cloak And Dagger","Bane"],"picked":"Backstab","floor":13.0},{"not_picked":["Envenom","Night Terror"],"picked":"Bullet Time","floor":16.0},{"not_picked":["Blade Dance","Quick Slash"],"picked":"Deflect","floor":18.0},{"not_picked":["Choke","Quick Slash","Finisher"],"picked":"SKIP","floor":19.0},{"not_picked":["Reflex","Expertise"],"picked":"Dagger Throw","floor":22.0},{"not_picked":["Outmaneuver","Dodge and Roll"],"picked":"Glass Knife","floor":23.0},{"not_picked":["Flechettes","Prepared"],"picked":"Concentrate","floor":24.0},{"not_picked":["Quick Slash+1","Flying Knee"],"picked":"Outmaneuver","floor":25},{"not_picked":["Bouncing Flask","Cloak And Dagger","Finisher"],"picked":"PiercingWail","floor":27},{"not_picked":["Poisoned Stab","Bouncing Flask","Skewer"],"picked":"Tactician+1","floor":29}],"player_experience":1282293,"relics_obtained":[{"floor":6.0,"key":"TungstenRod"},{"floor":8.0,"key":"Boot"},{"floor":13.0,"key":"Oddly Smooth Stone"},{"floor":23.0,"key":"Toy Ornithopter"},{"floor":25,"key":"Bottled Lightning"},{"floor":26,"key":"Question Card"},{"floor":27,"key":"Sundial"}],"event_choices":[{"damage_healed":0.0,"max_hp_gain":0.0,"max_hp_loss":0.0,"gold_gain":0.0,"event_name":"Shining Light","player_choice":"Ignored","floor":14.0,"gold_loss":0.0,"damage_taken":0.0},{"cards_removed":["Well Laid Plans"],"damage_healed":36.0,"max_hp_gain":0.0,"max_hp_loss":0.0,"gold_gain":0.0,"event_name":"Bonfire Elementals","player_choice":"Offered Uncommon","floor":20.0,"gold_loss":0.0,"damage_taken":0.0},{"damage_healed":0,"gold_gain":0,"player_choice":"Read","damage_taken":0,"max_hp_gain":0,"max_hp_loss":0,"event_name":"The Library","floor":28,"gold_loss":0,"cards_obtained":["Deflect"]},{"damage_healed":0,"gold_gain":0,"player_choice":"Became a vampire","damage_taken":0,"max_hp_gain":0,"max_hp_loss":20,"event_name":"Vampires","floor":31,"gold_loss":0,"cards_obtained":["Bite","Bite","Bite","Bite","Bite"]}],"is_beta":false,"boss_relics":[{"not_picked":["SlaversCollar","Sozu"],"picked":"Runic Pyramid"}],"items_purged_floors":[],"is_endless":false,"potions_floor_spawned":[3,4,6,12,16,19,25,27],"killed_by":"Collector","ascension_level":20}}