{"host":"cbu6enf2xtq4r7r3","time":1610216727,"event":{"mods":["2.2 Compatiblity","AlwaysNeverKeys","BaseMod","Better Match","Better Note","Better Sensory Stone","Better Skull","Better Third Choice","Colored Map","Colored Powertips","Defuse TimeMaze Blight","Emptier Cage","Minty Spire (QoL Compilation)","Permanent Neow","Quick Restart","Random Character Button","Relic Sorter","Reorder Act Four","Shop Mod","StSLib"],"gold_per_floor":[110,60,75,75,87,87,112,112,165,180,209,55,330,345,345,443,443,455,455,82,82,98,98,98],"floor_reached":23,"playtime":718,"items_purged":["Strike_B"],"score":286,"play_id":"50336929-fae8-4526-abd7-026302a72428","local_time":"20210109192527","is_ascension_mode":true,"campfire_choices":[{"data":"Rip and Tear","floor":6,"key":"SMITH"},{"data":"Melter","floor":8,"key":"SMITH"},{"data":"Defragment","floor":15,"key":"SMITH"}],"circlet_count":0,"master_deck":["Defend_B+1","Defend_B","Defend_B","Defend_B","Zap+1","Dualcast","Rip and Tear+1","Compile Driver","Melter+1","Conserve Battery","White Noise","Defragment+1","Biased Cognition","Conserve Battery"],"relics":["Cracked Core","War Paint","Tiny Chest","Omamori","Orichalcum","Medical Kit","Cursed Key","Thread and Needle","Toy Ornithopter"],"acts_visited":["Exordium","TheCity"],"potions_floor_usage":[7,11,14,16,23],"damage_taken":[{"damage":2,"enemies":"Jaw Worm","floor":1,"turns":3},{"damage":0,"enemies":"2 Louse","floor":3,"turns":1},{"damage":0,"enemies":"Cultist","floor":5,"turns":2},{"damage":22,"enemies":"3 Sentries","floor":7,"turns":7},{"damage":2,"enemies":"Large Slime","floor":10,"turns":3},{"damage":25,"enemies":"Lagavulin","floor":11,"turns":4},{"damage":1,"enemies":"3 Louse","floor":14,"turns":3},{"damage":0,"enemies":"Slime Boss","floor":16,"turns":7},{"damage":26,"enemies":"3 Byrds","floor":18,"turns":4},{"damage":13,"enemies":"2 Thieves","floor":22,"turns":4},{"damage":43,"enemies":"Gremlin Leader","floor":23,"turns":5}],"seed_played":"-5703222221451272765","potions_obtained":[{"floor":1,"key":"FearPotion"},{"floor":5,"key":"Energy Potion"},{"floor":11,"key":"SpeedPotion"},{"floor":14,"key":"SteroidPotion"},{"floor":22,"key":"LiquidBronze"}],"is_trial":false,"path_per_floor":["M","?","M","?","M","R","E","R","T","M","E","$","?","M","R","B",null,"M","?","$","T","M","E"],"character_chosen":"DEFECT","items_purchased":["Medical Kit","Thread and Needle"],"campfire_rested":0,"item_purchase_floors":[12,20],"current_hp_per_floor":[73,73,73,73,73,73,51,51,51,49,24,24,24,23,23,23,75,49,49,49,49,36,0,0],"gold":98,"neow_bonus":"RANDOM_COMMON_RELIC","is_daily":false,"chose_seed":false,"campfire_upgraded":3,"win_rate":0.0,"timestamp":1610216727,"path_taken":["M","?","M","?","M","R","E","R","T","M","E","$","?","?","R","BOSS","M","?","$","?","M","E"],"items_purchased_type":["Relic","Relic"],"build_version":"2020-12-22","purchased_purges":1,"victory":false,"max_hp_per_floor":[75,75,75,75,75,75,75,75,75,75,75,75,75,75,75,75,75,75,75,75,75,75,75,75],"card_choices":[{"not_picked":["Chill","Go for the Eyes"],"picked":"Rip and Tear","floor":1},{"not_picked":["Coolheaded","Heatsinks","Auto Shields"],"picked":"SKIP","floor":3},{"not_picked":["Genetic Algorithm","Auto Shields"],"picked":"Compile Driver","floor":5},{"not_picked":["Aggregate","BootSequence"],"picked":"Melter","floor":7},{"not_picked":["Redo","Hologram"],"picked":"Conserve Battery","floor":10},{"not_picked":["Streamline","Hologram"],"picked":"White Noise","floor":11},{"not_picked":["Melter","Ball Lightning"],"picked":"Defragment","floor":14},{"not_picked":["Meteor Strike","Amplify"],"picked":"Biased Cognition","floor":16},{"not_picked":["Redo","Steam Power"],"picked":"Conserve Battery","floor":18},{"not_picked":["Lockon","Compile Driver","Go for the Eyes"],"picked":"SKIP","floor":22}],"player_experience":73693,"relics_obtained":[{"floor":7,"key":"Tiny Chest"},{"floor":9,"key":"Omamori"},{"floor":11,"key":"Orichalcum"},{"floor":21,"key":"Toy Ornithopter"}],"event_choices":[{"cards_removed":["Strike_B"],"damage_healed":0,"gold_gain":0,"player_choice":"Card Removal","damage_taken":0,"max_hp_gain":0,"max_hp_loss":0,"event_name":"The Cleric","floor":2,"gold_loss":50},{"cards_removed":["Strike_B"],"damage_healed":0,"gold_gain":0,"player_choice":"Forget","damage_taken":0,"max_hp_gain":0,"max_hp_loss":0,"event_name":"Living Wall","floor":4,"gold_loss":0},{"damage_healed":0,"gold_gain":275,"player_choice":"Desecrate","damage_taken":0,"max_hp_gain":0,"max_hp_loss":0,"event_name":"Golden Shrine","floor":13,"gold_loss":0,"cards_obtained":["Regret"]},{"cards_removed":["Strike_B"],"damage_healed":0,"gold_gain":0,"player_choice":"Card Removal","damage_taken":0,"max_hp_gain":0,"max_hp_loss":0,"event_name":"Wheel of Change","floor":19,"gold_loss":0}],"is_beta":false,"boss_relics":[{"not_picked":["Tiny House","Fusion Hammer"],"picked":"Cursed Key"}],"items_purged_floors":[20],"is_endless":false,"potions_floor_spawned":[1,5,11,14,22],"killed_by":"Gremlin Leader","ascension_level":3}}