{"host":"jnjxzd6rarbui4j8","time":1610212127,"event":{"mods":["AchievementEnabler","BaseMod","Colored Map","Highlight Path","Minty Spire (QoL Compilation)","Relic Stats","StSLib"],"gold_per_floor":[215,235,245,2,20,20,51,51,104,104,134,134,152,171,171,246,246,258,258,275,275,147,147,178,178,223,256,256,256,256],"floor_reached":29,"playtime":3050,"items_purged":["Strike_G"],"score":542,"play_id":"24b26b3d-0371-415d-8a80-629707428934","local_time":"20210109120847","is_ascension_mode":true,"campfire_choices":[{"data":"Dagger Spray","floor":6.0,"key":"SMITH"},{"data":"Crippling Poison","floor":8.0,"key":"SMITH"},{"floor":10.0,"key":"REST"},{"data":"Bane","floor":15.0,"key":"SMITH"},{"data":"Wraith Form v2","floor":23.0,"key":"SMITH"},{"data":"Terror","floor":25,"key":"SMITH"},{"floor":28,"key":"REST"}],"circlet_count":0,"master_deck":["AscendersBane","Strike_G","Strike_G","Defend_G","Defend_G","Defend_G","Defend_G","Defend_G","Survivor","Neutralize","Dagger Spray+1","Poisoned Stab","Footwork","Leg Sweep","Crippling Poison+1","Bane+1","Terror+1","Backflip","Wraith Form v2+1","Acrobatics","Ghostly","Ghostly","Ghostly","Deadly Poison","Backstab+1"],"relics":["Ring of the Snake","Vajra","Bottled Flame","Omamori","Strawberry","Empty Cage","Art of War","Happy Flower"],"acts_visited":["Exordium","TheCity"],"potions_floor_usage":[24,27,27],"damage_taken":[{"damage":1.0,"enemies":"Small Slimes","floor":1.0,"turns":4.0},{"damage":2.0,"enemies":"Jaw Worm","floor":2.0,"turns":7.0},{"damage":0.0,"enemies":"2 Louse","floor":3.0,"turns":2.0},{"damage":1.0,"enemies":"2 Fungi Beasts","floor":5.0,"turns":3.0},{"damage":29.0,"enemies":"Lagavulin","floor":7.0,"turns":10.0},{"damage":22.0,"enemies":"Gremlin Nob","floor":11.0,"turns":4.0},{"damage":7.0,"enemies":"3 Louse","floor":13.0,"turns":2.0},{"damage":2.0,"enemies":"Exordium Wildlife","floor":14.0,"turns":4.0},{"damage":24.0,"enemies":"Slime Boss","floor":16.0,"turns":10.0},{"damage":4.0,"enemies":"2 Thieves","floor":18.0,"turns":4.0},{"damage":8.0,"enemies":"Chosen","floor":20.0,"turns":6.0},{"damage":26,"enemies":"Slavers","floor":24,"turns":8},{"damage":7,"enemies":"Book of Stabbing","floor":27,"turns":7},{"damage":25,"enemies":"Sentry and Sphere","floor":29,"turns":5}],"seed_played":"6817407818179325462","potions_obtained":[{"floor":5.0,"key":"Explosive Potion"},{"floor":11.0,"key":"FearPotion"},{"floor":14.0,"key":"EntropicBrew"},{"floor":24,"key":"SteroidPotion"}],"is_trial":false,"path_per_floor":["M","M","M","$","M","R","E","R","T","R","E","?","M","M","R","B",null,"M","?","M","?","$","R","E","R","T","E","R","M"],"character_chosen":"THE_SILENT","items_purchased":["Vajra","Leg Sweep","Poison Potion"],"campfire_rested":2,"item_purchase_floors":[4,4,22],"current_hp_per_floor":[58,56,56,56,55,55,26,26,26,45,30,35,28,26,26,2,59,55,55,47,39,39,39,13,13,13,6,17,0,0],"gold":256,"neow_bonus":"HUNDRED_GOLD","is_daily":false,"chose_seed":false,"campfire_upgraded":5,"win_rate":0.0,"timestamp":1610212127,"path_taken":["M","M","M","$","M","R","E","R","T","R","E","?","M","M","R","BOSS","M","?","M","?","$","R","E","R","T","E","R","M"],"items_purchased_type":["Relic","Card","Potion"],"build_version":"2020-12-22","purchased_purges":1,"victory":false,"max_hp_per_floor":[66,66,66,66,66,66,66,66,66,66,73,78,78,78,78,78,78,78,78,78,39,39,39,39,39,39,39,39,39,39],"relic_stats":{"Happy Flower":[1],"counters":[14,76],"Art of War":[2],"obtain_stats":[{"Bottled Flame":7,"Happy Flower":27,"Strawberry":11,"Vajra":4,"Omamori":9,"Art of War":24,"Empty Cage":17,"Ring of the Snake":0},{"Bottled Flame":5,"Happy Flower":13,"Strawberry":6,"Vajra":3,"Omamori":5,"Art of War":12,"Empty Cage":9,"Ring of the Snake":0},{"Bottled Flame":26,"Happy Flower":71,"Strawberry":30,"Vajra":13,"Omamori":26,"Art of War":64,"Empty Cage":46,"Ring of the Snake":0}],"Ring of the Snake":[28]},"card_choices":[{"not_picked":["Slice","Dodge and Roll"],"picked":"Dagger Spray","floor":1.0},{"not_picked":["PiercingWail","Prepared"],"picked":"Poisoned Stab","floor":2.0},{"not_picked":["Acrobatics","Unload"],"picked":"Footwork","floor":3.0},{"not_picked":["PiercingWail","Accuracy"],"picked":"Crippling Poison","floor":5.0},{"not_picked":["Outmaneuver","Footwork"],"picked":"Bane","floor":7.0},{"not_picked":["Predator","Prepared"],"picked":"Terror","floor":11.0},{"not_picked":["Prepared","Underhanded Strike","Dagger Throw"],"picked":"SKIP","floor":13.0},{"not_picked":["Dagger Throw","Masterful Stab"],"picked":"Backflip","floor":14.0},{"not_picked":["A Thousand Cuts","Storm of Steel"],"picked":"Wraith Form v2","floor":16.0},{"not_picked":["Sucker Punch","Dodge and Roll"],"picked":"Acrobatics","floor":18.0},{"not_picked":["Quick Slash","Finisher","Acrobatics"],"picked":"SKIP","floor":20.0},{"not_picked":["Heel Hook","Slice+1"],"picked":"Deadly Poison","floor":24},{"not_picked":["Underhanded Strike","Deadly Poison"],"picked":"Backstab+1","floor":27}],"player_experience":2385752,"relics_obtained":[{"floor":7.0,"key":"Bottled Flame"},{"floor":9.0,"key":"Omamori"},{"floor":11.0,"key":"Strawberry"},{"floor":24,"key":"Art of War"},{"floor":27,"key":"Happy Flower"}],"event_choices":[{"damage_healed":0.0,"max_hp_gain":5.0,"max_hp_loss":0.0,"gold_gain":0.0,"event_name":"Big Fish","player_choice":"Donut","floor":12.0,"gold_loss":0.0,"damage_taken":0.0},{"damage_healed":0.0,"max_hp_gain":0.0,"max_hp_loss":0.0,"gold_gain":0.0,"event_name":"Vampires","player_choice":"Ignored","floor":19.0,"gold_loss":0.0,"damage_taken":0.0},{"damage_healed":0.0,"max_hp_gain":0.0,"max_hp_loss":39.0,"gold_gain":0.0,"event_name":"Ghosts","player_choice":"Became a Ghost","floor":21.0,"gold_loss":0.0,"damage_taken":0.0,"cards_obtained":["Ghostly","Ghostly","Ghostly"]}],"is_beta":false,"boss_relics":[{"not_picked":["Ectoplasm","Ring of the Serpent"],"picked":"Empty Cage"}],"items_purged_floors":[22],"is_endless":false,"potions_floor_spawned":[5,11,14,24],"killed_by":"Sentry and Sphere","ascension_level":20}}