{"host":"v4nyfngrgywi7zc6","time":1610162242,"event":{"mods":["2.2 Compatiblity","BaseMod","Custom Start","Minty Spire (QoL Compilation)","Shade Mod","Shop Mod","StSLib","The Jungle"],"gold_per_floor":[111,286,286,361,217,217,232,259,312,342,357,357,367,383,383,479,479,493,493,493,367,378,412,412,412],"floor_reached":24,"playtime":2191,"items_purged":["Doubt","Shade:Defend_Shade"],"score":214,"play_id":"e3788b0a-75fb-408c-94d0-dc9ae4d6dbf7","local_time":"20210108211722","is_ascension_mode":false,"campfire_choices":[{"data":"Shade:AuraOfUnlife","floor":6,"key":"SMITH"},{"floor":12,"key":"REST"},{"data":"Shade:LastGasp","floor":15,"key":"SMITH"}],"circlet_count":0,"master_deck":["Shade:Strike_Shade","Shade:Strike_Shade","Shade:Strike_Shade","Shade:Strike_Shade","Shade:Defend_Shade","Shade:Defend_Shade","Shade:Defend_Shade","Shade:AnimateDead","Shade:CarefulCut","Shade:LastGasp+1","Shade:AuraOfUnlife+1","Shade:SpectralStrikes","Shade:ExtraLimbs","Shade:Bonestorm","Shade:CommandSoldier","Shade:FingerOfDeath"],"relics":["Shade:YorickSkull","Bronze Scales","Bag of Preparation","Velvet Choker","CeramicFish"],"acts_visited":["Exordium","Exordium"],"potions_floor_usage":[16,23],"damage_taken":[{"damage":0,"enemies":"Small Slimes","floor":1,"turns":3},{"damage":2,"enemies":"Jaw Worm","floor":7,"turns":4},{"damage":18,"enemies":"3 Sentries","floor":8,"turns":10},{"damage":0,"enemies":"2 Louse","floor":11,"turns":3},{"damage":2,"enemies":"Blue Slaver","floor":13,"turns":3},{"damage":8,"enemies":"Red Slaver","floor":14,"turns":3},{"damage":9,"enemies":"The Guardian","floor":16,"turns":11},{"damage":2,"enemies":"theJungle:Flameango_and_Byrd","floor":18,"turns":6},{"damage":0,"enemies":"theJungle:5_Spyders","floor":22,"turns":8},{"damage":37,"enemies":"theJungle:2_Phrogs","floor":23,"turns":6},{"damage":4,"enemies":"theJungle:Lyon","floor":24,"turns":3}],"seed_played":"1356530682143661593","potions_obtained":[{"floor":7,"key":"GamblersBrew"},{"floor":8,"key":"CultistPotion"},{"floor":13,"key":"Swift Potion"},{"floor":23,"key":"LiquidBronze"}],"is_trial":false,"path_per_floor":["M","?","?","?","$","R","M","E","T","?","M","R","M","M","R","B",null,"M","$","?","$","M","E","M"],"character_chosen":"SHADE","items_purchased":["Shade:AuraOfUnlife","Shade:CommandSoldier"],"campfire_rested":1,"item_purchase_floors":[5,21],"current_hp_per_floor":[65,65,70,59,59,59,57,39,39,39,39,60,58,50,50,41,70,68,68,68,68,68,31,27,27],"gold":412,"neow_bonus":"ONE_RANDOM_RARE_CARD","is_daily":false,"chose_seed":false,"campfire_upgraded":2,"win_rate":0.0,"timestamp":1610162242,"path_taken":["M","?","?","?","?","R","?","E","T","?","M","R","M","M","R","BOSS","M","$","?","$","M","E","?"],"items_purchased_type":["Card","Card"],"build_version":"2020-12-22","purchased_purges":2,"victory":false,"max_hp_per_floor":[65,65,70,70,70,70,70,70,70,70,70,70,70,70,70,70,70,70,70,70,70,70,70,70,70],"card_choices":[{"not_picked":["Shade:FuneraryArmor","Shade:BoneShards","Shade:RavenousHorde"],"picked":"SKIP","floor":1},{"not_picked":["Shade:AncientSpear","Shade:WallOfFlesh","Shade:Patience"],"picked":"SKIP","floor":7},{"not_picked":["Shade:DangerousRitual","Shade:AncientSpear"],"picked":"Shade:SpectralStrikes","floor":8},{"not_picked":["Shade:LastGasp","Shade:FleshLikeOak","Shade:Trample"],"picked":"SKIP","floor":11},{"not_picked":["Shade:CoffinDance","Shade:CommandSoldier"],"picked":"Shade:ExtraLimbs","floor":13},{"not_picked":["Shade:Brains","Shade:Trample","Shade:CallWraith"],"picked":"SKIP","floor":14},{"not_picked":["Shade:Brains","Shade:Carnophage+1"],"picked":"Shade:Bonestorm","floor":18},{"not_picked":["Shade:FeralStrike","Shade:Frenzy+1","Shade:Haruspicy"],"picked":"SKIP","floor":22},{"not_picked":["Shade:CallWraith","Shade:SpontaneousRitual+1"],"picked":"Shade:FingerOfDeath","floor":23}],"player_experience":222231,"relics_obtained":[{"floor":8,"key":"Bronze Scales"},{"floor":9,"key":"Bag of Preparation"},{"floor":23,"key":"CeramicFish"}],"event_choices":[{"damage_healed":0,"gold_gain":175,"player_choice":"AGREE","damage_taken":0,"max_hp_gain":0,"max_hp_loss":0,"event_name":"Liars Game","floor":2,"gold_loss":0,"cards_obtained":["Doubt"]},{"damage_healed":0,"gold_gain":0,"player_choice":"Donut","damage_taken":0,"max_hp_gain":5,"max_hp_loss":0,"event_name":"Big Fish","floor":3,"gold_loss":0},{"damage_healed":0,"gold_gain":75,"player_choice":"Gather Gold","damage_taken":11,"max_hp_gain":0,"max_hp_loss":0,"event_name":"World of Goop","floor":4,"gold_loss":0},{"damage_healed":0,"gold_gain":30,"player_choice":"Searched \u00272\u0027 times","damage_taken":0,"max_hp_gain":0,"max_hp_loss":0,"event_name":"Dead Adventurer","floor":10,"gold_loss":0},{"damage_healed":0,"gold_gain":0,"player_choice":"Ignored","damage_taken":0,"max_hp_gain":0,"max_hp_loss":0,"event_name":"NoteForYourself","floor":20,"gold_loss":0}],"is_beta":false,"boss_relics":[{"not_picked":["Sozu","Runic Pyramid"],"picked":"Velvet Choker"}],"items_purged_floors":[5,21],"is_endless":false,"potions_floor_spawned":[7,8,13,23],"killed_by":"theJungle:Lyon","ascension_level":0}}