{"host":"rdr6bm7k3j6er0v3","time":1610230485,"event":{"mods":["BaseMod","CapriCore","Colored Powertips","Dio Mod","Ekko","Friendly Minions","Kratos Character Expansion","Minty Spire (QoL Compilation)","Retaliation","StSLib","TheHero","TheWitcher"],"gold_per_floor":[145,156,173,173,193,218,171,124,124,124,134,134,148,167,167,271,271,285,210,210,223,223,223],"floor_reached":22,"playtime":963,"items_purged":[],"score":188,"play_id":"b08c8d44-5e9d-473f-b959-e9967f85430c","local_time":"20210109201445","is_ascension_mode":false,"campfire_choices":[{"floor":10,"key":"REST"},{"data":"KratosMod:BladeWhip","floor":15,"key":"SMITH"}],"circlet_count":0,"master_deck":["KratosMod:Strike_K","KratosMod:Strike_K","KratosMod:Strike_K","KratosMod:Strike_K","KratosMod:Defend_K","KratosMod:Defend_K","KratosMod:Defend_K","KratosMod:cyclone","KratosMod:AthenaBane","KratosMod:BladeWhip","KratosMod:BladeWhip","KratosMod:Endure","KratosMod:settle","KratosMod:clawsofhades","KratosMod:BladeWhip+1","KratosMod:Endure","KratosMod:ShieldBash","KratosMod:Tempor","KratosMod:Revenge","KratosMod:Tempor","KratosMod:ShieldBash"],"relics":["KratosMod:eagle","NeowsBlessing","Bag of Marbles","Shuriken","Art of War","Black Star"],"acts_visited":["Exordium","TheCity"],"potions_floor_usage":[11,16,16,22],"damage_taken":[{"damage":0,"enemies":"Jaw Worm","floor":1,"turns":1},{"damage":0,"enemies":"Small Slimes","floor":2,"turns":1},{"damage":0,"enemies":"Cultist","floor":3,"turns":1},{"damage":5,"enemies":"2 Fungi Beasts","floor":5,"turns":2},{"damage":17,"enemies":"Gremlin Nob","floor":6,"turns":4},{"damage":6,"enemies":"3 Louse","floor":11,"turns":2},{"damage":0,"enemies":"Large Slime","floor":13,"turns":5},{"damage":10,"enemies":"Exordium Thugs","floor":14,"turns":3},{"damage":12,"enemies":"Hexaghost","floor":16,"turns":6},{"damage":33,"enemies":"Shell Parasite","floor":18,"turns":5},{"damage":5,"enemies":"Spheric Guardian","floor":21,"turns":3},{"damage":18,"enemies":"Snecko","floor":22,"turns":3}],"seed_played":"829079255409233830","potions_obtained":[{"floor":2,"key":"ColorlessPotion"},{"floor":5,"key":"ColorlessPotion"},{"floor":6,"key":"SteroidPotion"},{"floor":16,"key":"Dexterity Potion"},{"floor":21,"key":"EssenceOfSteel"}],"is_trial":false,"path_per_floor":["M","M","M","?","M","E","?","$","T","R","M","?","M","M","R","B",null,"M","?","?","M","M"],"character_chosen":"KRATOS","items_purchased":["KratosMod:BladeWhip"],"campfire_rested":1,"item_purchase_floors":[8],"current_hp_per_floor":[60,60,60,57,52,35,35,35,35,53,47,52,52,58,58,46,65,34,34,22,17,0,0],"gold":223,"neow_bonus":"THREE_ENEMY_KILL","is_daily":false,"chose_seed":false,"campfire_upgraded":1,"win_rate":0.0,"timestamp":1610230485,"path_taken":["M","M","M","?","M","E","?","$","T","R","M","?","M","M","R","BOSS","M","?","?","M","M"],"items_purchased_type":["Card"],"build_version":"2020-12-22","purchased_purges":0,"victory":false,"max_hp_per_floor":[60,60,60,60,60,60,60,60,60,60,60,65,65,65,65,65,65,65,65,65,65,65,65],"card_choices":[{"not_picked":["KratosMod:Endure","KratosMod:Roll"],"picked":"KratosMod:BladeWhip","floor":1},{"not_picked":["KratosMod:ShieldBash","KratosMod:Endure"],"picked":"KratosMod:BladeWhip","floor":2},{"not_picked":["KratosMod:clawsofhades","KratosMod:conjuresoul"],"picked":"KratosMod:Endure","floor":3},{"not_picked":["KratosMod:Roll","KratosMod:conjuresoul"],"picked":"KratosMod:settle","floor":5},{"not_picked":["KratosMod:Roll","KratosMod:settle"],"picked":"KratosMod:clawsofhades","floor":6},{"not_picked":["KratosMod:Roll","KratosMod:conjuresoul"],"picked":"KratosMod:Endure","floor":11},{"not_picked":["KratosMod:conjuresoul","KratosMod:Roll"],"picked":"KratosMod:ShieldBash","floor":13},{"not_picked":["KratosMod:settle","KratosMod:ablockalypse"],"picked":"KratosMod:Tempor","floor":14},{"not_picked":["KratosMod:ablockalypse","KratosMod:styx"],"picked":"KratosMod:Revenge","floor":16},{"not_picked":["KratosMod:Roll","KratosMod:conjuresoul"],"picked":"KratosMod:Tempor","floor":18},{"not_picked":["KratosMod:rattle","KratosMod:Tempor"],"picked":"KratosMod:ShieldBash","floor":21}],"player_experience":280034,"relics_obtained":[{"floor":6,"key":"Shuriken"},{"floor":9,"key":"Art of War"}],"event_choices":[{"damage_healed":0,"gold_gain":0,"player_choice":"Success","damage_taken":3,"relics_obtained":["Bag of Marbles"],"max_hp_gain":0,"max_hp_loss":0,"event_name":"Scrap Ooze","floor":4,"gold_loss":0},{"damage_healed":0,"gold_gain":0,"player_choice":"Left Gold","damage_taken":0,"max_hp_gain":0,"max_hp_loss":0,"event_name":"World of Goop","floor":7,"gold_loss":47},{"damage_healed":0,"gold_gain":0,"player_choice":"Donut","damage_taken":0,"max_hp_gain":5,"max_hp_loss":0,"event_name":"Big Fish","floor":12,"gold_loss":0},{"cards_removed":["KratosMod:Defend_K"],"damage_healed":0,"gold_gain":0,"player_choice":"Gave Gold","damage_taken":0,"max_hp_gain":0,"max_hp_loss":0,"event_name":"Beggar","floor":19,"gold_loss":75},{"damage_healed":0,"gold_gain":0,"player_choice":"POTION ","damage_taken":12,"max_hp_gain":0,"max_hp_loss":0,"event_name":"Knowing Skull","floor":20,"potions_obtained":["GamblersBrew"],"gold_loss":0,"cards_obtained":[]}],"is_beta":false,"boss_relics":[{"not_picked":["Runic Dome","Pandora\u0027s Box"],"picked":"Black Star"}],"items_purged_floors":[],"is_endless":false,"potions_floor_spawned":[2,5,6,16,21],"killed_by":"Snecko","ascension_level":0}}