{"host":"cv77zuuuekizn3ic","time":1610160597,"event":{"mods":["AchievementEnabler","BaseMod","Marisa£®ÏF”Í°°ƒß¿Ì…≥£©","Minty Spire (QoL Compilation)","StSLib","Waifu the Spire","everything is the same but u backflip on backflip","slay the spire mod where everything is the same but ironclad has a cowboy hat"],"gold_per_floor":[109,26,26,26,49,49,87,87,87,162,2,26,64,82,82,82,82],"floor_reached":16,"playtime":674,"items_purged":[],"score":216,"play_id":"3b78320c-c7c1-46ba-a9bd-253b90851cda","local_time":"20210109104957","is_ascension_mode":true,"campfire_choices":[{"data":"True Grit","floor":6.0,"key":"SMITH"},{"data":"Purity","floor":15,"key":"SMITH"}],"circlet_count":0,"master_deck":["AscendersBane","Strike_R","Strike_R","Strike_R","Strike_R","Strike_R","Defend_R","Defend_R","Defend_R","Defend_R","Bash","Purity+1","True Grit+1","Rampage","Power Through","Warcry","Parasite","Battle Trance","True Grit","Shrug It Off"],"relics":["Burning Blood","Golden Idol","Pen Nib","Gremlin Horn","Bag of Preparation","Eternal Feather"],"acts_visited":["Exordium"],"potions_floor_usage":[13,16],"damage_taken":[{"damage":4.0,"enemies":"2 Louse","floor":1.0,"turns":3.0},{"damage":7.0,"enemies":"Cultist","floor":5.0,"turns":5.0},{"damage":57.0,"enemies":"3 Sentries","floor":7.0,"turns":14.0},{"damage":4.0,"enemies":"Small Slimes","floor":12.0,"turns":4.0},{"damage":8,"enemies":"Lagavulin","floor":13,"turns":6},{"damage":6,"enemies":"Exordium Wildlife","floor":14,"turns":9},{"damage":36,"enemies":"Hexaghost","floor":16,"turns":10}],"seed_played":"-7847535718715053665","potions_obtained":[{"floor":4.0,"key":"DistilledChaos"},{"floor":4.0,"key":"CultistPotion"},{"floor":13,"key":"BlessingOfTheForge"}],"is_trial":false,"path_per_floor":["M","$","?","?","M","R","E","?","T","?","$","M","E","M","R","B"],"character_chosen":"IRONCLAD","items_purchased":["Rampage","Bag of Preparation"],"campfire_rested":0,"item_purchase_floors":[2,11],"current_hp_per_floor":[70,70,68,68,67,67,16,33,33,22,22,24,22,22,34,0,0],"gold":82,"neow_bonus":"RANDOM_COLORLESS","is_daily":false,"chose_seed":false,"campfire_upgraded":2,"win_rate":0.0,"timestamp":1610160597,"path_taken":["M","$","?","?","?","R","E","?","T","?","$","M","E","M","R","BOSS"],"items_purchased_type":["Card","Relic"],"build_version":"2020-12-22","purchased_purges":0,"victory":false,"max_hp_per_floor":[75,75,68,68,68,68,68,68,68,68,68,68,68,68,68,68,68],"card_choices":[{"not_picked":["PanicButton","Blind"],"picked":"Purity","floor":0.0},{"not_picked":["Clothesline","Flame Barrier"],"picked":"True Grit","floor":1.0},{"not_picked":["Carnage","Spot Weakness"],"picked":"Power Through","floor":5.0},{"not_picked":["Perfected Strike","Thunderclap"],"picked":"Warcry","floor":7.0},{"not_picked":["Wild Strike","Twin Strike"],"picked":"Battle Trance","floor":12.0},{"not_picked":["Uppercut","Flex"],"picked":"True Grit","floor":13},{"not_picked":["Reckless Charge","Clothesline"],"picked":"Shrug It Off","floor":14}],"player_experience":800104,"relics_obtained":[{"floor":7.0,"key":"Pen Nib"},{"floor":9.0,"key":"Gremlin Horn"},{"floor":13,"key":"Eternal Feather"}],"event_choices":[{"damage_healed":0.0,"max_hp_gain":0.0,"max_hp_loss":7.0,"gold_gain":0.0,"event_name":"Golden Idol","player_choice":"Lose Max HP","floor":3.0,"gold_loss":0.0,"damage_taken":0.0,"relics_obtained":["Golden Idol"]},{"damage_healed":0.0,"max_hp_gain":0.0,"max_hp_loss":0.0,"gold_gain":0.0,"event_name":"Lab","player_choice":"Got Potions","floor":4.0,"gold_loss":0.0,"damage_taken":0.0},{"damage_healed":17.0,"max_hp_gain":0.0,"max_hp_loss":0.0,"gold_gain":0.0,"event_name":"Mushrooms","player_choice":"Healed and dodged fight","floor":8.0,"gold_loss":0.0,"damage_taken":0.0,"cards_obtained":["Parasite"]},{"damage_healed":0.0,"max_hp_gain":0.0,"max_hp_loss":0.0,"gold_gain":75.0,"event_name":"World of Goop","player_choice":"Gather Gold","floor":10.0,"gold_loss":0.0,"damage_taken":11.0}],"is_beta":false,"boss_relics":[],"items_purged_floors":[],"is_endless":false,"potions_floor_spawned":[7,13,14],"killed_by":"Hexaghost","ascension_level":20}}