{"host":"April","time":1610189093,"event":{"mods":["BaseMod","Minty Spire (QoL Compilation)"],"gold_per_floor":[114,114,114,137,3,41,55,86,86,86,129,129,148,173,173,301,301,319,6,26,116,116],"floor_reached":21,"playtime":1330,"items_purged":[],"score":235,"play_id":"2ff34af4-494a-4c77-89d2-089f0e43322c","local_time":"20210109024453","is_ascension_mode":true,"campfire_choices":[{"data":"Intimidate","floor":10,"key":"SMITH"},{"data":"Impervious","floor":15,"key":"SMITH"}],"circlet_count":0,"master_deck":["Strike_R","Strike_R","Strike_R","Strike_R","Strike_R","Defend_R","Defend_R","Defend_R","Defend_R","Bash","Hemokinesis","Battle Trance","Impervious+1","Intimidate+1","Exhume","Clothesline","Burning Pact","Flame Barrier","Immolate","Seeing Red","Apotheosis"],"relics":["Burning Blood","NeowsBlessing","Letter Opener","Golden Idol","Shuriken","StoneCalendar","Question Card","Anchor","Nunchaku","Snecko Eye","Membership Card","Juzu Bracelet"],"acts_visited":["Exordium","TheCity"],"potions_floor_usage":[8,8,16,16,16],"damage_taken":[{"damage":0.0,"enemies":"Jaw Worm","floor":1.0,"turns":1.0},{"damage":0.0,"enemies":"2 Louse","floor":4.0,"turns":1.0},{"damage":0.0,"enemies":"Lagavulin","floor":6.0,"turns":2.0},{"damage":2.0,"enemies":"Cultist","floor":7.0,"turns":2.0},{"damage":22,"enemies":"3 Sentries","floor":8,"turns":4},{"damage":26,"enemies":"Gremlin Nob","floor":11,"turns":4},{"damage":2,"enemies":"Lots of Slimes","floor":13,"turns":4},{"damage":1,"enemies":"2 Fungi Beasts","floor":14,"turns":3},{"damage":36,"enemies":"Hexaghost","floor":16,"turns":12},{"damage":7,"enemies":"3 Byrds","floor":18,"turns":3},{"damage":4,"enemies":"Shell Parasite","floor":20,"turns":6}],"seed_played":"-9153734986127229775","potions_obtained":[{"floor":4.0,"key":"AttackPotion"},{"floor":8,"key":"EssenceOfSteel"},{"floor":11,"key":"Strength Potion"},{"floor":14,"key":"Block Potion"},{"floor":16,"key":"Strength Potion"},{"floor":18,"key":"FearPotion"}],"is_trial":false,"path_per_floor":["M","?","?","M","$","E","M","E","T","R","E","?","M","M","R","B",null,"M","$","M","?"],"character_chosen":"IRONCLAD","items_purchased":["Inflame","Energy Potion","SpeedPotion","Membership Card","Juzu Bracelet","Apotheosis"],"campfire_rested":0,"item_purchase_floors":[5,5,5,19,19,19],"current_hp_per_floor":[80,77,57,63,63,69,73,57,57,57,37,37,41,46,46,16,80,79,79,80,68,68],"gold":116,"neow_bonus":"THREE_ENEMY_KILL","is_daily":false,"chose_seed":false,"campfire_upgraded":2,"win_rate":0.0,"timestamp":1610189093,"path_taken":["M","?","?","?","$","E","M","E","T","R","E","?","M","M","R","BOSS","M","$","M","?"],"items_purchased_type":["Card","Potion","Potion","Relic","Relic","Card"],"build_version":"2020-12-18","purchased_purges":0,"victory":false,"max_hp_per_floor":[80,80,80,80,80,80,80,80,80,80,80,80,80,80,80,80,80,80,80,80,80,80],"card_choices":[{"not_picked":["Flex","Clothesline"],"picked":"Hemokinesis","floor":1.0},{"not_picked":["Rampage","Heavy Blade"],"picked":"Battle Trance","floor":4.0},{"not_picked":["Rage","Flame Barrier"],"picked":"Impervious","floor":6.0},{"not_picked":["Flex","Thunderclap"],"picked":"Intimidate","floor":7.0},{"not_picked":["Clash","Dropkick"],"picked":"Exhume","floor":8},{"not_picked":["Whirlwind","Headbutt","Bloodletting"],"picked":"Clothesline","floor":11},{"not_picked":["Flex","Wild Strike","Searing Blow"],"picked":"Burning Pact","floor":13},{"not_picked":["Headbutt","Warcry","Evolve"],"picked":"Flame Barrier","floor":14},{"not_picked":["Berserk","Exhume","Double Tap"],"picked":"Immolate","floor":16},{"not_picked":["Anger+1","Flex","Bloodletting"],"picked":"Seeing Red","floor":18},{"not_picked":["Rupture","Havoc","Anger+1","Warcry"],"picked":"SKIP","floor":20}],"player_experience":2566151,"relics_obtained":[{"floor":6.0,"key":"Shuriken"},{"floor":8,"key":"StoneCalendar"},{"floor":9,"key":"Question Card"},{"floor":11,"key":"Anchor"}],"event_choices":[{"damage_healed":0.0,"max_hp_gain":0.0,"max_hp_loss":0.0,"gold_gain":0.0,"event_name":"Scrap Ooze","player_choice":"Success","floor":2.0,"gold_loss":0.0,"damage_taken":3.0,"relics_obtained":["Letter Opener"]},{"damage_healed":0.0,"max_hp_gain":0.0,"max_hp_loss":0.0,"gold_gain":0.0,"event_name":"Golden Idol","player_choice":"Take Damage","floor":3.0,"gold_loss":0.0,"damage_taken":20.0,"relics_obtained":["Golden Idol"]},{"cards_removed":["Inflame"],"damage_healed":0,"gold_gain":0,"player_choice":"Gave Card","damage_taken":0,"relics_obtained":["Nunchaku"],"max_hp_gain":0,"max_hp_loss":0,"event_name":"WeMeetAgain","floor":12,"gold_loss":0}],"is_beta":true,"boss_relics":[{"not_picked":["Black Star","Tiny House"],"picked":"Snecko Eye"}],"items_purged_floors":[],"is_endless":false,"potions_floor_spawned":[4,8,11,13,14,16,18],"ascension_level":1}}