{"host":"6p0attdrtjqaih7v","time":1610233702,"event":{"mods":["2.2 Compatiblity","AchievementEnabler","Bard","BaseMod","Better Skull","Better Third Choice","Colored Powertips","Hermit","Highlight Path","Jorbs\u0027s Wanderer Trilogy","Key Reminder","Minty Spire (QoL Compilation)","Permanent Neow","Quick Restart","Random Character Button","Relic Stats","Replay The Spire","Robot Space Explorer","StSLib"],"gold_per_floor":[110,124,199,211,229,257,257,271,271,297,297,311,341,30,30,108,108,122,132,132,32,65,93,109,109,133,133,143,175,189,217,217,217,217],"floor_reached":33,"playtime":1785,"items_purged":["Strike_G","Strike_G"],"score":804,"play_id":"87cef0ca-2f7e-4fdd-8012-8a0277d76975","local_time":"20210109180822","is_ascension_mode":true,"campfire_choices":[{"data":"Neutralize","floor":7,"key":"SMITH"},{"data":"Replay:Bag of Tricks","floor":11,"key":"SMITH"},{"data":"Caltrops","floor":15,"key":"SMITH"},{"data":"Burst","floor":25,"key":"SMITH"},{"data":"Catalyst","floor":27,"key":"SMITH"},{"data":"Toxin Wave","floor":32,"key":"SMITH"}],"circlet_count":0,"master_deck":["AscendersBane","Strike_G","Strike_G+1","Strike_G+1","Defend_G","Defend_G","Defend_G","Defend_G","Defend_G","Survivor","Neutralize+1","Poisoned Stab","Caltrops+1","Dash","Dash","Dagger Spray","Adrenaline","Blur","PiercingWail","Replay:Bag of Tricks+1","Poisoned Stab","Backflip","Adrenaline","Burst+1","Cloak And Dagger","Catalyst+1","Toxin Wave+1","Quick Slash+1","Catalyst","Deflect+1","Acrobatics+1"],"relics":["Ring of the Serpent","Vajra","Snack Pack","Bronze Scales","Whetstone","Letter Opener","keyreminder:keyreminder","Orichalcum","Red Mask","Happy Flower","Tiny Chest","Omamori","Toxic Egg 2"],"acts_visited":["Exordium","TheCity"],"potions_floor_usage":[10,10,22,23,23,28,31,33],"damage_taken":[{"damage":4,"enemies":"Cultist","floor":1,"turns":5},{"damage":2,"enemies":"Small Slimes","floor":2,"turns":5},{"damage":1,"enemies":"2 Louse","floor":4,"turns":3},{"damage":3,"enemies":"Blue Slaver","floor":5,"turns":4},{"damage":10,"enemies":"3 Sentries","floor":6,"turns":7},{"damage":0,"enemies":"Looter","floor":8,"turns":3},{"damage":7,"enemies":"Lagavulin","floor":10,"turns":5},{"damage":0,"enemies":"Gremlin Gang","floor":12,"turns":3},{"damage":32,"enemies":"Gremlin Nob","floor":13,"turns":4},{"damage":0,"enemies":"Hexaghost","floor":16,"turns":8},{"damage":0,"enemies":"3 Byrds","floor":18,"turns":3},{"damage":2,"enemies":"2 Thieves","floor":19,"turns":4},{"damage":0,"enemies":"Masked Bandits","floor":22,"turns":3},{"damage":7,"enemies":"Book of Stabbing","floor":23,"turns":5},{"damage":11,"enemies":"Cultist and Chosen","floor":24,"turns":5},{"damage":0,"enemies":"Snecko","floor":28,"turns":4},{"damage":3,"enemies":"Slavers","floor":29,"turns":5},{"damage":5,"enemies":"Snake Plant","floor":30,"turns":3},{"damage":0,"enemies":"Gremlin Leader","floor":31,"turns":5},{"damage":73,"enemies":"Automaton","floor":33,"turns":10}],"seed_played":"-7834443764575403045","potions_obtained":[{"floor":2,"key":"Cursed Concoction"},{"floor":5,"key":"Strength Potion"},{"floor":8,"key":"Regen Potion"},{"floor":10,"key":"CunningPotion"},{"floor":16,"key":"ColorlessPotion"},{"floor":22,"key":"LifebloodPotion"},{"floor":24,"key":"PowerPotion"},{"floor":28,"key":"Adrenaline Potion"},{"floor":29,"key":"BlessingOfTheForge"},{"floor":30,"key":"Toxic Potion"}],"is_trial":false,"path_per_floor":["M","M","?","M","M","E","R","M","T","E","R","M","E","$","R","B",null,"M","M","?","$","?","E","M","R","T","R","M","E","M","E","R","B"],"character_chosen":"THE_SILENT","items_purchased":["Orichalcum","Adrenaline"],"campfire_rested":0,"item_purchase_floors":[14,14],"current_hp_per_floor":[61,59,36,35,32,22,22,22,22,33,33,39,15,15,15,27,61,65,69,49,49,55,56,49,49,49,49,55,56,53,57,57,0,0],"gold":217,"neow_bonus":"TEN_PERCENT_HP_BONUS","is_daily":false,"chose_seed":false,"campfire_upgraded":6,"win_rate":0.0,"timestamp":1610233702,"path_taken":["M","M","?","M","?","E","R","M","T","E","R","M","E","$","R","BOSS","M","M","?","$","?","E","M","R","T","R","M","E","M","E","R","BOSS"],"items_purchased_type":["Relic","Card"],"build_version":"2020-12-22","purchased_purges":2,"victory":false,"max_hp_per_floor":[72,72,72,72,72,72,72,72,72,72,72,72,72,72,72,72,72,72,72,77,77,77,77,77,77,77,77,77,77,77,77,77,77,77],"relic_stats":{"Happy Flower":[10],"counters":[20,94],"Bronze Scales":[212],"Tiny Chest":0,"Whetstone":["Strike_G","Strike_G"],"Letter Opener":[214],"Orichalcum":[90],"obtain_stats":[{"Happy Flower":23,"Vajra":3,"Omamori":29,"Whetstone":10,"Letter Opener":13,"Orichalcum":14,"keyreminder:keyreminder":13,"Bronze Scales":9,"Tiny Chest":26,"Snack Pack":6,"Red Mask":22,"Toxic Egg 2":31,"Ring of the Serpent":17,"Ring of the Snake":0},{"Happy Flower":14,"Vajra":2,"Omamori":17,"Whetstone":7,"Letter Opener":9,"Orichalcum":9,"keyreminder:keyreminder":9,"Bronze Scales":6,"Tiny Chest":15,"Snack Pack":5,"Red Mask":13,"Toxic Egg 2":19,"Ring of the Serpent":10,"Ring of the Snake":0},{"Happy Flower":62,"Vajra":10,"Omamori":76,"Whetstone":32,"Letter Opener":39,"Orichalcum":39,"keyreminder:keyreminder":39,"Bronze Scales":27,"Tiny Chest":67,"Snack Pack":24,"Red Mask":57,"Toxic Egg 2":84,"Ring of the Serpent":47,"Ring of the Snake":0}]},"card_choices":[{"not_picked":["Dodge and Roll","Dagger Throw"],"picked":"Poisoned Stab","floor":1},{"not_picked":["Dagger Spray","Flechettes"],"picked":"Caltrops","floor":2},{"not_picked":["Bane","Setup"],"picked":"Dash","floor":3},{"not_picked":["Acrobatics","Dagger Throw"],"picked":"Dash","floor":3},{"not_picked":["Flechettes","Setup"],"picked":"Dagger Spray","floor":4},{"not_picked":["Toxin Wave","Calculated Gamble"],"picked":"Adrenaline","floor":5},{"not_picked":["Flying Knee","Crippling Poison"],"picked":"Blur","floor":6},{"not_picked":["All Out Attack","Flechettes"],"picked":"PiercingWail","floor":8},{"not_picked":["PiercingWail","Dodge and Roll"],"picked":"Replay:Bag of Tricks","floor":10},{"not_picked":["Finisher","Bane"],"picked":"Poisoned Stab","floor":12},{"not_picked":["Deflect","Outmaneuver"],"picked":"Backflip","floor":13},{"not_picked":["ReplayTheSpireMod:From All Sides","After Image"],"picked":"Burst","floor":16},{"not_picked":["Flechettes","Deadly Poison"],"picked":"Cloak And Dagger","floor":18},{"not_picked":["Caltrops","Quick Slash"],"picked":"Catalyst","floor":19},{"not_picked":["Night Terror","Dagger Spray"],"picked":"Toxin Wave","floor":23},{"not_picked":["Deadly Poison","Replay:Poison Smokescreen"],"picked":"Quick Slash+1","floor":24},{"not_picked":["Finisher","Dodge and Roll"],"picked":"Catalyst","floor":28},{"not_picked":["Skewer","Riddle With Holes","Underhanded Strike"],"picked":"SKIP","floor":29},{"not_picked":["Blade Dance","Dodge and Roll"],"picked":"Deflect+1","floor":30},{"not_picked":["Doppelganger+1","Accuracy"],"picked":"Acrobatics+1","floor":31}],"player_experience":805737,"relics_obtained":[{"floor":3,"key":"Vajra"},{"floor":6,"key":"Snack Pack"},{"floor":9,"key":"Bronze Scales"},{"floor":10,"key":"Whetstone"},{"floor":13,"key":"Letter Opener"},{"floor":22,"key":"Red Mask"},{"floor":23,"key":"Happy Flower"},{"floor":26,"key":"Tiny Chest"},{"floor":29,"key":"Omamori"},{"floor":31,"key":"Toxic Egg 2"}],"event_choices":[{"damage_healed":0,"gold_gain":0,"player_choice":"Shed Blood","damage_taken":25,"max_hp_gain":5,"max_hp_loss":0,"event_name":"Forgotten Altar","floor":20,"gold_loss":0},{"damage_healed":0,"gold_gain":0,"player_choice":"Fought Bandits","damage_taken":0,"max_hp_gain":0,"max_hp_loss":0,"event_name":"Masked Bandits","floor":22,"gold_loss":0}],"is_beta":false,"boss_relics":[{"not_picked":["Pandora\u0027s Box","Painkiller Herb"],"picked":"Ring of the Serpent"}],"items_purged_floors":[14,21],"is_endless":false,"potions_floor_spawned":[2,5,8,10,16,22,24,28,29,30],"killed_by":"Automaton","ascension_level":20}}