{"host":"xe18zxp7krnsfrwn","time":1610235671,"event":{"mods":["BaseMod","BetterRewards","Colored Map","Downfall","Hubris","Infinite Spire","Minty Spire (QoL Compilation)","Replay The Spire","StSLib","The Animator","The Elementalist","The Runesmith","The Saiyan"],"gold_per_floor":[127,127,159,159,181,207,224,224,224,257,273,290,310,20,20,145,145,160,160,172,172,172,203,203,203,250,266,295,309,31,50,50,167,167,178,190,70,88,88,105,105,124,124,124,136,153,153,166,166,268,268,277,280,286,287,287,278,130,207,280,280,282,282,289,299,299,369,369,371,371,372,322,175,175,178,198,198,198,188,197,202,193,193,193,193,254,304,324,224,235,192,192],"floor_reached":91,"playtime":9621,"items_purged":[],"score":1922,"play_id":"3ae8e397-1272-47ec-b556-4d5a537323b8","local_time":"20210109154111","is_ascension_mode":false,"campfire_choices":[{"floor":8.0,"key":"REST"},{"floor":15.0,"key":"REST"},{"floor":25.0,"key":"REST"},{"data":"animator:Ainz","floor":32.0,"key":"SMITH"},{"floor":41.0,"key":"REST"},{"data":"animator:Vesta","floor":44.0,"key":"SMITH"},{"floor":49.0,"key":"REST"},{"floor":61,"key":"REST"},{"floor":74,"key":"RECALL"},{"floor":85,"key":"DIG"}],"circlet_count":0,"master_deck":["animator:Strike_HitsugiNoChaika+1","animator:Defend_HitsugiNoChaika","animator:Strike+1","animator:Defend","animator:Defend","animator:Defend","animator:AcuraAkari","animator:Gillette","animator:Benimaru+1","animator:Entoma+21","animator:Shuna+1","animator:Vesta+1","animator:Ainz+1","animator:YachiyoNanami","animator:Biyorigo+1","animator:YaoHaDucy+1","animator:KyokoSakura+1","animator:Shion+1","animator:Shizu+1","animator:Kaijin+1","animator:OrikoMikuni+1","infinitespire:Starlight","animator:SuzuneAmano+1","infinitespire:Starlight","animator:Shizu+1","animator:RoryMercury+1","animator:Viivi+1","animator:ChaikaTrabant+1","animator:Viivi+1","animator:QuestionMark+1","animator:Arpeggio+1","animator:Kaijin+1","animator:PandorasActor","animator:Shuna+1","animator:ChaikaBohdan+1","infinitespire:Collect+1","animator:NagisaMomoe","animator:HigakiRinne+1","animator:Shion+1","animator:Viivi+1","animator:NarberalGamma","animator:Nanami","animator:Millim+1","animator:ZankiKiguchi+1","animator:Rimuru","infinitespire:Execution","animator:Evileye","animator:Ainz+1","animator:Shichika","animator:Mitsuba+1","animator:NarberalGamma","animator:YaoHaDucy+1","animator:Vesta","animator:Rimuru","animator:Nanami+1","animator:KyokoSakura+1"],"relics":["animator:TheMissingPiece","hubris:Backtick","Molten Egg 2","hubris:Icosahedron","Strawberry","infinitespire:CheckeredPen","Anchor","Golden Egg","Bird Faced Urn","hubris:64BitClover","Sozu","Mirror","Red Skull","Chameleon Ring","Meat on the Bone","infinitespire:BottledMercury","ChewingGum","Bottled Flame","animator:Buoy","Fusion Hammer","Whetstone","Mark of Pain","animator:ShionDessert","hubris:OldNail","Matryoshka","Bronze Scales","Ring of Chaos","hubris:BottledHeart","DollysMirror","infinitespire:FocusingShard","infinitespire:EmpoweringShard","Iron Hammer","Sundial","hubris:DeckOfHolding","infinitespire:EvilPickle","Tiny House","Simple Rune"],"acts_visited":["Exordium","TheCity","TheBeyond","TheCity","TheBeyond"],"potions_floor_usage":[86],"damage_taken":[{"damage":2.0,"enemies":"2 Louse","floor":1.0,"turns":3.0},{"damage":0.0,"enemies":"Jaw Worm","floor":5.0,"turns":3.0},{"damage":36.0,"enemies":"3 Sentries","floor":6.0,"turns":10.0},{"damage":0.0,"enemies":"Small Slimes","floor":7.0,"turns":3.0},{"damage":8.0,"enemies":"Gremlin Nob","floor":10.0,"turns":4.0},{"damage":7.0,"enemies":"Blue Slaver","floor":11.0,"turns":4.0},{"damage":9.0,"enemies":"Exordium Wildlife","floor":12.0,"turns":4.0},{"damage":3.0,"enemies":"Lots of Slimes","floor":13.0,"turns":4.0},{"damage":39.0,"enemies":"Fading Forest","floor":16.0,"turns":11.0},{"damage":18.0,"enemies":"Spheric Guardian","floor":18.0,"turns":4.0},{"damage":0.0,"enemies":"Chosen","floor":20.0,"turns":3.0},{"damage":36.0,"enemies":"Nightmare","floor":23.0,"turns":6.0},{"damage":17.0,"enemies":"Snake Plant","floor":27.0,"turns":4.0},{"damage":56.0,"enemies":"Gremlin Leader","floor":28.0,"turns":7.0},{"damage":19.0,"enemies":"Shelled Parasite and Fungi","floor":29.0,"turns":4.0},{"damage":0.0,"enemies":"3 Cultists","floor":31.0,"turns":4.0},{"damage":36.0,"enemies":"Champ","floor":33.0,"turns":7.0},{"damage":24.0,"enemies":"3 Shapes","floor":35.0,"turns":3.0},{"damage":33.0,"enemies":"3 Darklings","floor":36.0,"turns":5.0},{"damage":17.0,"enemies":"Maw","floor":38.0,"turns":7.0},{"damage":50.0,"enemies":"Jaw Worm Horde","floor":40.0,"turns":5.0},{"damage":38.0,"enemies":"3 Darklings","floor":42.0,"turns":6.0},{"damage":49.0,"enemies":"4 Shapes","floor":45.0,"turns":4.0},{"damage":30.0,"enemies":"Transient","floor":46.0,"turns":5.0},{"damage":0.0,"enemies":"Maw","floor":48.0,"turns":5.0},{"damage":96.0,"enemies":"Awakened One","floor":50.0,"turns":8.0},{"damage":0,"enemies":"2 Louse","floor":52,"turns":2},{"damage":0,"enemies":"Cultist","floor":53,"turns":2},{"damage":0,"enemies":"Jaw Worm","floor":54,"turns":2},{"damage":24,"enemies":"Exordium Wildlife","floor":55,"turns":4},{"damage":63,"enemies":"Nightmare","floor":57,"turns":9},{"damage":0,"enemies":"2 Fungi Beasts","floor":62,"turns":2},{"damage":0,"enemies":"Large Slime","floor":64,"turns":2},{"damage":0,"enemies":"Blue Slaver","floor":65,"turns":2},{"damage":31,"enemies":"Slime Boss","floor":67,"turns":6},{"damage":0,"enemies":"Spheric Guardian","floor":69,"turns":2},{"damage":0,"enemies":"Shell Parasite","floor":71,"turns":3},{"damage":0,"enemies":"Sentry and Sphere","floor":75,"turns":2},{"damage":0,"enemies":"Snake Plant","floor":76,"turns":2},{"damage":0,"enemies":"Centurion and Healer","floor":79,"turns":4},{"damage":0,"enemies":"Snecko","floor":80,"turns":3},{"damage":0,"enemies":"Sentry and Sphere","floor":81,"turns":3},{"damage":0,"enemies":"Cultist and Chosen","floor":82,"turns":5},{"damage":0,"enemies":"Pondfish","floor":86,"turns":9},{"damage":0,"enemies":"3 Shapes","floor":88,"turns":4},{"damage":0,"enemies":"Orb Walker","floor":90,"turns":3},{"damage":0,"enemies":"infinitespire:Three Voidlings","floor":91,"turns":5},{"damage":11,"enemies":"Nightmare_Alpha","floor":91,"turns":5}],"seed_played":"2294904589602803190","potions_obtained":[{"floor":1.0,"key":"Languid Potion"},{"floor":3.0,"key":"sneckomod:MuddlingPotion"},{"floor":11.0,"key":"Elixir"},{"floor":12.0,"key":"Doom Potion"}],"is_trial":false,"path_per_floor":["M","?","?","T","M","E","M","R","T","E","M","M","M","$","R","B",null,"M","?","M","?","?","NM","?","R","T","M","E","M","$","M","R","B",null,"M","M","$","M","?","M","R","M","T","R","M","M","AVR","M","R","B",null,"M","M","M","M","$","NM","$","?","T","R","M","R","M","M","R_BF","B",null,"M","?","M","?","$","R","M","M","T","AVR","M","M","M","M","PTL","PTL","R_BF","B",null,"M","NS","M","?"],"character_chosen":"THE_ANIMATOR","items_purchased":["hubris:64BitClover","Meat on the Bone","animator:Viivi+1","animator:QuestionMark","animator:Arpeggio","hubris:OldNail","DollysMirror"],"campfire_rested":6,"item_purchase_floors":[14,30,30,37,37,58,73],"current_hp_per_floor":[64,64,56,56,58,22,24,47,47,39,36,31,31,31,55,32,81,65,65,71,50,50,30,30,54,54,61,31,16,16,50,50,56,91,69,64,64,77,77,45,74,68,68,68,55,54,54,76,104,46,106,106,108,108,96,96,65,65,65,65,98,102,102,112,114,114,83,114,114,1,1,1,1,1,1,1,1,1,1,1,1,1,1,1,1,1,1,1,1,1,0,0],"gold":192,"neow_bonus":"BOSS_RELIC","is_daily":false,"chose_seed":false,"campfire_upgraded":2,"win_rate":0.0,"timestamp":1610235671,"path_taken":["M","?","?","?","M","E","M","R","T","E","M","?","?","$","R","BOSS","M","?","?","?","?","NM","?","R","T","?","E","M","$","M","R","BOSS","M","M","$","M","?","M","R","M","T","R","?","M","AVR","M","R","BOSS","M","M","M","M","$","NM","$","?","T","R","M","R","M","M","R_BF","BOSS","M","?","M","?","$","R","M","M","T","AVR","M","M","M","?","PTL","PTL","R_BF","BOSS","M","NS","M","?"],"items_purchased_type":["Relic","Relic","Card","Card","Card","Relic","Relic"],"build_version":"2020-12-22","purchased_purges":0,"victory":false,"max_hp_per_floor":[66,66,74,74,76,76,78,78,78,78,78,80,81,81,81,81,81,83,83,83,83,83,83,83,83,83,83,85,87,87,89,89,91,91,93,95,95,97,97,99,99,99,99,99,101,102,102,104,104,106,106,106,108,108,110,110,110,110,110,110,110,112,112,112,114,114,114,114,114,1,1,1,1,1,1,1,1,1,1,1,1,1,1,1,1,1,1,1,1,1,1,1],"card_choices":[{"not_picked":["animator:Yuuichirou+1","animator:Shion+1"],"picked":"animator:Benimaru+1","floor":1.0},{"not_picked":["animator:Millim+1","animator:PandorasActor"],"picked":"animator:Entoma+1","floor":3.0},{"not_picked":["animator:Yoichi","animator:AcuraTooru+1"],"picked":"animator:Shuna","floor":3.0},{"not_picked":["animator:ZankiKiguchi+1","animator:Nanami"],"picked":"animator:Vesta","floor":5.0},{"not_picked":["animator:Hakurou+1","animator:Shinoa"],"picked":"animator:Ainz","floor":6.0},{"not_picked":["animator:IrohaTamaki+1","animator:YuiTsuruno+1"],"picked":"animator:YachiyoNanami","floor":7.0},{"not_picked":["animator:YuiTsuruno+1","animator:Kuribayashi+1"],"picked":"animator:Biyorigo","floor":10.0},{"not_picked":["animator:YuiTsuruno+1","animator:Emonzaemon+1"],"picked":"animator:YaoHaDucy+1","floor":11.0},{"not_picked":["animator:Millim+1","animator:TukaLunaMarceau"],"picked":"animator:KyokoSakura+1","floor":12.0},{"not_picked":["animator:Hakurou+1","animator:Shuna"],"picked":"animator:Shion+1","floor":13.0},{"not_picked":["animator:ItamiYouji+1","animator:MadokaKaname"],"picked":"animator:Shizu+1","floor":16.0},{"not_picked":["animator:Shinoa","animator:ChaikaBohdan+1"],"picked":"animator:Kaijin+1","floor":18.0},{"not_picked":["animator:Hitei","animator:Shigure+1"],"picked":"animator:OrikoMikuni+1","floor":20.0},{"not_picked":["infinitespire:Collect","infinitespire:Gouge"],"picked":"infinitespire:Starlight","floor":21.0},{"not_picked":["animator:Tyuule","animator:ZankiKiguchi+1"],"picked":"animator:SuzuneAmano+1","floor":23.0},{"not_picked":["animator:Ainz","animator:OrikoMikuni"],"picked":"animator:Shizu+1","floor":28.0},{"not_picked":["animator:MamiTomoe+1","animator:Entoma+1"],"picked":"animator:RoryMercury+1","floor":29.0},{"not_picked":["animator:OrikoMikuni","animator:Shion+1","animator:Yoichi"],"picked":"SKIP","floor":31.0},{"not_picked":["animator:AcuraShin+1","animator:Kyubey"],"picked":"animator:ChaikaTrabant+1","floor":33.0},{"not_picked":["animator:Fredrika","animator:AcuraAkari"],"picked":"animator:Viivi+1","floor":35.0},{"not_picked":["animator:Hitei","animator:AcuraAkari","animator:Tyuule+1"],"picked":"SKIP","floor":36.0},{"not_picked":["animator:AcuraTooru+1","animator:ZankiKiguchi+1"],"picked":"animator:Kaijin+1","floor":38.0},{"not_picked":["animator:Entoma+1","animator:Yoichi"],"picked":"animator:PandorasActor","floor":40.0},{"not_picked":["animator:Konayuki","animator:Shion+1"],"picked":"animator:Shuna+1","floor":45.0},{"not_picked":["animator:PandorasActor+1","animator:LeleiLaLalena+1"],"picked":"animator:ChaikaBohdan+1","floor":46.0},{"not_picked":["animator:Arpeggio","animator:Millim+1"],"picked":"animator:NagisaMomoe","floor":48.0},{"not_picked":["animator:ChaikaTrabant+1","animator:Guren"],"picked":"animator:HigakiRinne","floor":50.0},{"not_picked":["animator:Souei","animator:Hakurou+1"],"picked":"animator:Shion+1","floor":52},{"not_picked":["animator:TukaLunaMarceau","animator:MadokaKaname"],"picked":"animator:Viivi+1","floor":53},{"not_picked":["animator:Shinoa","animator:Bozes+1"],"picked":"animator:NarberalGamma","floor":54},{"not_picked":["animator:YaoHaDucy+1","animator:IrohaTamaki+1"],"picked":"animator:Nanami","floor":55},{"not_picked":["animator:Kaijin","animator:Benimaru+1"],"picked":"animator:Millim+1","floor":57},{"not_picked":["animator:Shinoa","animator:Entoma+1"],"picked":"animator:ZankiKiguchi+1","floor":62},{"not_picked":["animator:MamiTomoe+1","animator:ChaikaBohdan+1","animator:KyokoSakura+1"],"picked":"SKIP","floor":64},{"not_picked":["animator:Kaijin","animator:Shion+1","animator:Konayuki"],"picked":"SKIP","floor":65},{"not_picked":["animator:PinaCoLada","animator:ItamiYouji+1"],"picked":"animator:Rimuru","floor":67},{"not_picked":["infinitespire:FinalStrike","infinitespire:Starlight"],"picked":"infinitespire:Execution","floor":68},{"not_picked":["animator:NarberalGamma","animator:PandorasActor"],"picked":"animator:Evileye","floor":69},{"not_picked":["animator:ChaikaBohdan+1","animator:TukaLunaMarceau+1","animator:AcuraTooru+1"],"picked":"SKIP","floor":71},{"not_picked":["animator:TsurugaMeisai+1","animator:Entoma+1"],"picked":"animator:Shichika","floor":75},{"not_picked":["animator:Konayuki","animator:Hitei+1"],"picked":"animator:Mitsuba+1","floor":76},{"not_picked":["animator:Shalltear+1","animator:PandorasActor"],"picked":"animator:NarberalGamma","floor":79},{"not_picked":["animator:UneriGinkaku+1","animator:Kyubey","animator:Sebas"],"picked":"SKIP","floor":80},{"not_picked":["animator:Shalltear+1","animator:SuzuneAmano+1"],"picked":"animator:YaoHaDucy+1","floor":81},{"not_picked":["animator:LeleiLaLalena","animator:Guy+1"],"picked":"animator:Vesta","floor":82},{"not_picked":["animator:AcuraShin+1","animator:ChaikaTrabant+1"],"picked":"animator:Rimuru","floor":86},{"not_picked":["animator:Tyuule","animator:HiiragiShinya"],"picked":"animator:Nanami+1","floor":87},{"not_picked":["animator:Mitsuba+1","animator:NagisaMomoe"],"picked":"animator:KyokoSakura+1","floor":90}],"player_experience":478453,"relics_obtained":[{"floor":3.0,"key":"Strawberry"},{"floor":4.0,"key":"infinitespire:CheckeredPen"},{"floor":6.0,"key":"Anchor"},{"floor":9.0,"key":"Golden Egg"},{"floor":10.0,"key":"Bird Faced Urn"},{"floor":23.0,"key":"Mirror"},{"floor":26.0,"key":"Red Skull"},{"floor":28.0,"key":"Chameleon Ring"},{"floor":33.0,"key":"infinitespire:BottledMercury"},{"floor":43.0,"key":"Bottled Flame"},{"floor":46.0,"key":"animator:Buoy"},{"floor":57,"key":"animator:ShionDessert"},{"floor":60,"key":"Matryoshka"},{"floor":62,"key":"Bronze Scales"},{"floor":76,"key":"infinitespire:FocusingShard"},{"floor":77,"key":"infinitespire:EmpoweringShard"},{"floor":77,"key":"Iron Hammer"},{"floor":85,"key":"hubris:DeckOfHolding"},{"floor":90,"key":"Simple Rune"}],"event_choices":[{"cards_removed":["animator:MadokaKaname"],"damage_healed":0.0,"max_hp_gain":0.0,"max_hp_loss":0.0,"gold_gain":0.0,"event_name":"Purifier","player_choice":"Purged","floor":19.0,"gold_loss":0.0,"damage_taken":0.0},{"damage_healed":0.0,"max_hp_gain":0.0,"max_hp_loss":0.0,"gold_gain":0.0,"event_name":"Duplicator","player_choice":"Copied","floor":24.0,"gold_loss":0.0,"damage_taken":0.0,"cards_obtained":["infinitespire:Starlight"]},{"damage_healed":0.0,"max_hp_gain":0.0,"max_hp_loss":0.0,"gold_gain":0.0,"event_name":"Purifier","player_choice":"Ignored","floor":39.0,"gold_loss":0.0,"damage_taken":0.0},{"damage_healed":0,"gold_gain":77,"player_choice":"Gained Gold","damage_taken":0,"max_hp_gain":0,"max_hp_loss":0,"event_name":"Golden Wing","floor":59,"gold_loss":0},{"damage_healed":0,"gold_gain":0,"player_choice":"Bet on Owner","damage_taken":0,"max_hp_gain":0,"max_hp_loss":0,"event_name":"The Joust","floor":72,"gold_loss":50}],"is_beta":false,"boss_relics":[{"not_picked":["Coffee Dripper","Velvet Choker"],"picked":"Sozu"},{"not_picked":["SlaversCollar","Tiny House"],"picked":"ChewingGum"},{"not_picked":["Honey Jar","Cursed Key"],"picked":"Mark of Pain"},{"not_picked":["Pandora\u0027s Box","Replay:Wanted Poster"],"picked":"Ring of Chaos"},{"not_picked":["animator:RacePiece","Philosopher\u0027s Stone"],"picked":"Tiny House"}],"items_purged_floors":[],"is_endless":true,"potions_floor_spawned":[1,11,12,18,29,36,40,42,45,52,53,54,64,67,69,79,82,86,88],"killed_by":"Nightmare_Alpha","ascension_level":0}}