{"host":"45gjn1i9lq2ky2i9","time":1610203950,"event":{"mods":["2.2 Compatiblity","Act Like it!","Aspiration","Bard","BaseMod","Beaked The Cultist","Better Altar","Better Match","Better Note","Better Sensory Stone","Better Skull","Better Third Choice","Better Vampires","Conspire","Downfall","Halation","Hubris","Infinite Spire","Jedi Mod","Lobotomy","LobotomyExtend","Minty Spire (QoL Compilation)","Pale of the Ancients","Permanent Neow","Replay The Spire","Shop Mod","Spikes Relics","StSLib","The Mystic","The Runesmith","The Wild Card"],"gold_per_floor":[99,113,128,128,143,243,243,243,253,253,270,270,290,310,329,427,427,427,446,446,478,488,488,488,521,446,478,403,422,433,450,467,563,563,563,575,593,612,623,623,623,643,643,662,676,686,704,46,60,60],"floor_reached":51,"playtime":2344,"items_purged":["ReplayTheSpireMod:Splinters"],"score":993,"play_id":"95d20457-7d6d-4082-bacb-838306a6f8bf","local_time":"20210109225230","is_ascension_mode":true,"campfire_choices":[{"data":"Guardian:TwinSlam","floor":1,"key":"SMITH"},{"floor":8,"key":"REST"},{"data":"Guardian:RollAttack","floor":12,"key":"SMITH"},{"floor":18,"key":"RECALL"},{"floor":26,"key":"REST"},{"data":"Guardian:ExploitGems","floor":28,"key":"SMITH"},{"data":"theWildCard:Desolation","floor":35,"key":"SMITH"},{"data":"Guardian:PolyBeam","floor":40,"key":"SMITH"}],"circlet_count":0,"master_deck":["Guardian:Strike_Guardian","Guardian:Strike_Guardian","Guardian:Strike_Guardian","Guardian:Strike_Guardian","Guardian:Defend_Guardian","Guardian:Defend_Guardian","Guardian:Defend_Guardian","Guardian:Defend_Guardian","Guardian:CurlUp","Guardian:TwinSlam+1","Guardian:ExploitGems+1","Guardian:ArmoredProtocol","Guardian:EvasiveProtocol","Guardian:VentSteam","Guardian:RollAttack+1","Guardian:PolyBeam+1","hubris:InfiniteBlow+79","Guardian:Repulse+1","Guardian:Suspension","hexamod:SpectersWail","Hologram+1","bard:Thunderwave","Acrobatics+1","Blade Dance+1","Backflip","theWildCard:Desolation+1","Runesmith:Permafrost+1","Guardian:Gem_Cyan","ParadiseLost"],"relics":["Guardian:ModeShifter","hubris:Towel","downfall:GremlinWheel","hubris:CrystalStatue","beaked:SacredDeck","PrismaticShard","hubris:SlimyHat","hubris:Metronome","TungstenRod","downfall:HeartBlessingRed","SnailShell","downfall:HeartBlessingGreen","aspiration:MobileForge","hubris:64BitClover","conspire:InfiniteJournal","jedi:heavyjacket"],"acts_visited":["Exordium","TheCity","TheBeyond"],"potions_floor_usage":[13,16,25,27,51],"damage_taken":[{"damage":0,"enemies":"Jaw Worm","floor":2,"turns":4},{"damage":3,"enemies":"Small Slimes","floor":3,"turns":4},{"damage":4,"enemies":"Cultist","floor":5,"turns":5},{"damage":50,"enemies":"Cultist","floor":6,"turns":6},{"damage":0,"enemies":"2 Fungi Beasts","floor":9,"turns":4},{"damage":1,"enemies":"3 Louse","floor":11,"turns":3},{"damage":0,"enemies":"Gremlin Gang","floor":13,"turns":3},{"damage":7,"enemies":"Large Slime","floor":14,"turns":4},{"damage":2,"enemies":"Blue Slaver","floor":15,"turns":2},{"damage":44,"enemies":"downfall:Silent","floor":16,"turns":15},{"damage":1,"enemies":"Chosen","floor":19,"turns":4},{"damage":0,"enemies":"conspire:MimicChest","floor":21,"turns":1},{"damage":0,"enemies":"Spheric Guardian","floor":22,"turns":3},{"damage":28,"enemies":"Slavers","floor":25,"turns":5},{"damage":3,"enemies":"Book of Stabbing","floor":27,"turns":2},{"damage":16,"enemies":"Shelled Parasite and Fungi","floor":29,"turns":4},{"damage":0,"enemies":"3 Cultists","floor":30,"turns":4},{"damage":0,"enemies":"Centurion and Healer","floor":31,"turns":2},{"damage":4,"enemies":"Snake Plant","floor":32,"turns":4},{"damage":0,"enemies":"downfall:Defect","floor":33,"turns":3},{"damage":0,"enemies":"Orb Walker","floor":36,"turns":2},{"damage":4,"enemies":"3 Darklings","floor":37,"turns":4},{"damage":0,"enemies":"Spire Growth","floor":38,"turns":2},{"damage":14,"enemies":"4 Shapes","floor":39,"turns":2},{"damage":24,"enemies":"Sphere and 2 Shapes","floor":44,"turns":4},{"damage":0,"enemies":"Jaw Worm Horde","floor":45,"turns":2},{"damage":16,"enemies":"3 Darklings","floor":46,"turns":4},{"damage":5,"enemies":"Sphere and 2 Shapes","floor":47,"turns":5},{"damage":0,"enemies":"downfall:FleeingMerchant","floor":48,"turns":4},{"damage":0,"enemies":"Spire Growth","floor":49,"turns":1},{"damage":0,"enemies":"downfall:Ironclad","floor":50,"turns":4},{"damage":10,"enemies":"Malkuth","floor":51,"turns":3},{"damage":0,"enemies":"Hod","floor":51,"turns":1},{"damage":22,"enemies":"Chesed","floor":51,"turns":2}],"seed_played":"5264241148970635013","potions_obtained":[{"floor":3,"key":"SmokeBomb"},{"floor":6,"key":"jedi:wingpotion"},{"floor":9,"key":"Explosive Potion"},{"floor":15,"key":"Guardian:BlockOnCardUsePotion"},{"floor":16,"key":"PowerPotion"},{"floor":19,"key":"Weak Potion"},{"floor":29,"key":"Energy Potion"},{"floor":31,"key":"Strength Potion"},{"floor":33,"key":"BlessingOfTheForge"},{"floor":39,"key":"SpeedPotion"},{"floor":45,"key":"Doom Potion"}],"is_trial":false,"path_per_floor":["R","M","M","?","M","?","T","R","M","?","M","R","M","M","M","B",null,"R","M","?","?","M","?","T","E","R","E","R","M","M","M","M","B",null,"R","M","M","M","M","R","T","?","?","M","M","M","M","$","M","B",null],"character_chosen":"GUARDIAN","items_purchased":["conspire:InfiniteJournal","jedi:heavyjacket"],"campfire_rested":2,"item_purchase_floors":[48,48],"current_hp_per_floor":[80,80,77,77,73,23,23,47,47,73,72,72,72,65,63,19,80,80,79,71,71,71,71,71,43,67,64,64,48,48,48,44,44,80,80,80,76,76,62,62,62,62,62,38,38,22,17,17,17,17],"gold":60,"neow_bonus":"ONE_RANDOM_RARE_CARD","is_daily":false,"chose_seed":false,"campfire_upgraded":5,"win_rate":0.0,"timestamp":1610203950,"path_taken":["R","M","M","?","M","?","T","R","?","?","M","R","M","M","M","BOSS","R","M","?","?","M","?","T","E","R","E","R","M","M","?","M","BOSS","R","M","M","M","M","R","T","?","?","M","M","M","M","$","M","BOSS"],"items_purchased_type":["Relic","Relic"],"build_version":"2020-12-22","purchased_purges":1,"victory":true,"max_hp_per_floor":[80,80,80,80,80,80,80,80,80,80,80,80,80,80,80,80,80,80,80,80,80,80,80,80,80,80,80,80,80,80,80,80,80,80,80,80,80,80,80,80,80,80,80,80,80,80,80,80,80,80],"card_choices":[{"not_picked":["Guardian:WalkerClaw","Guardian:Incinerate"],"picked":"Guardian:ArmoredProtocol","floor":2},{"not_picked":["Guardian:PrimingBeam","Guardian:TemporalShield"],"picked":"Guardian:EvasiveProtocol","floor":3},{"not_picked":["Guardian:BronzeArmor","Guardian:Planning"],"picked":"Guardian:VentSteam","floor":5},{"not_picked":["Guardian:RollAttack","Guardian:MultiBeam"],"picked":"Guardian:Gem_Cyan","floor":9},{"not_picked":["Guardian:HyperBeam_Guardian","Guardian:Reroute"],"picked":"Guardian:RollAttack","floor":11},{"not_picked":["Guardian:TemporalShield","Guardian:RollAttack"],"picked":"Guardian:PolyBeam","floor":13},{"not_picked":["Guardian:ChargeCore","Guardian:VentSteam","Guardian:PrismaticBarrier"],"picked":"SKIP","floor":14},{"not_picked":["Guardian:Recover","Guardian:Planning"],"picked":"Guardian:Gem_Fragmented","floor":15},{"not_picked":["Guardian:GemFire","Guardian:HyperBeam_Guardian"],"picked":"Guardian:Gem_Synthetic","floor":16},{"not_picked":["Guardian:Orbwalk","Guardian:DecasProtection"],"picked":"Guardian:Repulse+1","floor":19},{"not_picked":["Guardian:WalkerClaw","Guardian:TemporalStrike+1"],"picked":"Guardian:Suspension","floor":20},{"not_picked":["mysticmod:BulkUp","hexamod:InspiringFlames"],"picked":"hexamod:SpectersWail","floor":21},{"not_picked":["bard:BucklerBash","bard:TinyHut"],"picked":"Hologram+1","floor":22},{"not_picked":["bard:Flourish","jedi:blockon+1"],"picked":"bard:Thunderwave","floor":25},{"not_picked":["Slimebound:SplitMire","Sucker Punch"],"picked":"Acrobatics+1","floor":27},{"not_picked":["FlurryOfBlows","bard:Heroism"],"picked":"Blade Dance+1","floor":29},{"not_picked":["PlatinumSkin","theWildCard:Loki"],"picked":"Backflip","floor":30},{"not_picked":["Deflect","Reflex"],"picked":"theWildCard:Desolation","floor":31},{"not_picked":["ReplayTheSpireMod:Strike From Hell+1","hexamod:GhostLash","Blizzard"],"picked":"SKIP","floor":32},{"not_picked":["champ:TornadoPunch","Rebound","BasicCrystalCard+1"],"picked":"SKIP","floor":36},{"not_picked":["hexamod:ChargedBarrage+1","Masterful Stab"],"picked":"Runesmith:Permafrost+1","floor":37},{"not_picked":["champ:Haymaker","mysticmod:PowerSlash","beaked:Negation"],"picked":"SKIP","floor":38},{"not_picked":["Slimebound:PressTheAttack+1","CUTE+1","Runesmith:HeatedChisel"],"picked":"SKIP","floor":39},{"not_picked":["FrostShard","Panic Button+1"],"picked":"Guardian:Gem_Cyan","floor":42},{"not_picked":["Slimebound:SplitBruiser","bard:LocateObject+1"],"picked":"ParadiseLost","floor":44},{"not_picked":["Guardian:TemporalShield+1","mysticmod:Snowball+1","beaked:Brace"],"picked":"SKIP","floor":45},{"not_picked":["champ:Haymaker","sneckomod:UnknownWeak+1","Sweeping Beam+1"],"picked":"SKIP","floor":46},{"not_picked":["FlyingSleeves","sneckomod:Unknown2Cost","MagicBullet"],"picked":"SKIP","floor":47},{"not_picked":["conspire:Rain+1","champ:HoldFirm","SomewhereSpear+1"],"picked":"SKIP","floor":48},{"not_picked":["beaked:FeelMyPain","mysticmod:Riposte","mysticmod:Daze+1"],"picked":"SKIP","floor":49}],"player_experience":521608,"relics_obtained":[{"floor":6,"key":"downfall:GremlinWheel"},{"floor":7,"key":"hubris:CrystalStatue"},{"floor":20,"key":"PrismaticShard"},{"floor":21,"key":"hubris:SlimyHat"},{"floor":24,"key":"hubris:Metronome"},{"floor":25,"key":"TungstenRod"},{"floor":27,"key":"SnailShell"},{"floor":42,"key":"hubris:64BitClover"}],"event_choices":[{"damage_healed":26,"gold_gain":0,"player_choice":"Banana","damage_taken":0,"max_hp_gain":0,"max_hp_loss":0,"event_name":"Big Fish","floor":10,"gold_loss":0},{"damage_healed":0,"gold_gain":0,"player_choice":"Got Potions","damage_taken":0,"max_hp_gain":0,"max_hp_loss":0,"event_name":"Lab","floor":43,"gold_loss":0}],"is_beta":false,"boss_relics":[{"not_picked":["conspire:SlowCooker","Astrolabe"],"picked":"beaked:SacredDeck"},{"not_picked":["aspiration:PoetsPen_weak","aspiration:RitualDagger"],"picked":"aspiration:MobileForge"}],"items_purged_floors":[48],"is_endless":false,"potions_floor_spawned":[3,6,9,15,16,19,29,31,32,33,37,39,44,45],"ascension_level":2}}