{"host":"roqztpbdbchtekes","time":1610187309,"event":{"mods":["A Magickal Journey","AchievementEnabler","BaseMod","Better Note","Better Third Choice","BetterRewards","Block Reminder","Colored Map","Colored Powertips","Curses Come First","DeckTracker","Minty Spire (QoL Compilation)","Relic Stats","Spicy Shops","StSLib"],"gold_per_floor":[116,41,41,41,41,72,72,72,72],"floor_reached":8,"playtime":276,"items_purged":["Strike_R"],"score":57,"play_id":"63b05e7a-fa7e-435f-b46a-6636f61570db","local_time":"20210109111509","is_ascension_mode":true,"campfire_choices":[],"circlet_count":0,"master_deck":["Strike_R","Strike_R","Strike_R","Strike_R","Defend_R","Defend_R","Defend_R","Defend_R","Bash","Immolate","Inflame+1","Heavy Blade"],"relics":["Burning Blood","Golden Idol","Eternal Feather","NlothsMask"],"acts_visited":["Exordium"],"potions_floor_usage":[],"damage_taken":[{"damage":1,"enemies":"Cultist","floor":1,"turns":3},{"damage":41,"enemies":"Gremlin Nob","floor":6,"turns":5},{"damage":36,"enemies":"Lagavulin","floor":8,"turns":5}],"seed_played":"324180438365388694","potions_obtained":[{"floor":6,"key":"ElixirPotion"}],"is_trial":false,"path_per_floor":["M","$","?","$","?","E","?","E"],"character_chosen":"IRONCLAD","items_purchased":[],"campfire_rested":0,"item_purchase_floors":[],"current_hp_per_floor":[80,80,80,80,60,25,25,0,0],"gold":72,"neow_bonus":"ONE_RANDOM_RARE_CARD","is_daily":false,"chose_seed":false,"campfire_upgraded":0,"win_rate":0.0,"timestamp":1610187309,"path_taken":["M","?","?","$","?","E","?","E"],"items_purchased_type":[],"build_version":"2020-12-22","purchased_purges":1,"victory":false,"max_hp_per_floor":[80,80,80,80,80,80,80,80,80],"relic_stats":{"counters":[3,13],"Golden Idol":6,"Eternal Feather":0,"obtain_stats":[{"Golden Idol":5,"Eternal Feather":6,"Burning Blood":0,"NlothsMask":7},{"Golden Idol":1,"Eternal Feather":2,"Burning Blood":0,"NlothsMask":2},{"Golden Idol":3,"Eternal Feather":8,"Burning Blood":0,"NlothsMask":8}],"Burning Blood":7},"card_choices":[{"not_picked":["Shrug It Off","Anger"],"picked":"Inflame","floor":1},{"not_picked":["Clash","Rupture"],"picked":"Heavy Blade","floor":6}],"player_experience":269631,"relics_obtained":[{"floor":6,"key":"Eternal Feather"}],"event_choices":[{"damage_healed":0,"gold_gain":0,"player_choice":"Grow","damage_taken":0,"max_hp_gain":0,"max_hp_loss":0,"event_name":"Living Wall","floor":3,"gold_loss":0,"cards_upgraded":["Inflame"]},{"damage_healed":0,"gold_gain":0,"player_choice":"Take Damage","damage_taken":20,"relics_obtained":["Golden Idol"],"max_hp_gain":0,"max_hp_loss":0,"event_name":"Golden Idol","floor":5,"gold_loss":0},{"damage_healed":0,"gold_gain":0,"player_choice":"Trade","damage_taken":0,"relics_obtained":["NlothsMask"],"max_hp_gain":0,"max_hp_loss":0,"event_name":"FaceTrader","floor":7,"gold_loss":0}],"is_beta":false,"boss_relics":[],"items_purged_floors":[2],"is_endless":false,"potions_floor_spawned":[6],"killed_by":"Lagavulin","ascension_level":2}}