{"host":"khm4we1ijduz33xh","time":1610203555,"event":{"mods":["AchievementEnabler","BaseMod","Colored Map","Minty Spire (QoL Compilation)","Rare Cards Sparkle","StSLib","SuperFastMode"],"gold_per_floor":[114,130,142,158,158,188,198,212,262,275,304,304,40,58,58,162,162,181,148,159,159,11,11,30,30,30,60,77,77,7,22,22,126,126,141,141,151,199,218,218,251,251,276,276,276,294,364,384,384,384],"floor_reached":51,"playtime":3298,"items_purged":["Strike_G","Defend_G"],"score":754,"play_id":"2b7d3c97-016d-4297-8b22-cb6c8d5018d2","local_time":"20210109234555","is_ascension_mode":true,"campfire_choices":[{"floor":12.0,"key":"REST"},{"data":"Concentrate","floor":15.0,"key":"SMITH"},{"data":"Calculated Gamble","floor":23.0,"key":"SMITH"},{"data":"Accuracy","floor":25.0,"key":"SMITH"},{"floor":29.0,"key":"REST"},{"data":"Blade Dance","floor":32.0,"key":"SMITH"},{"data":"After Image","floor":40.0,"key":"SMITH"},{"floor":42.0,"key":"REST"},{"data":"Reflex","floor":45.0,"key":"SMITH"},{"floor":49.0,"key":"REST"}],"circlet_count":0,"master_deck":["Strike_G","Defend_G","Defend_G","Defend_G","Defend_G","Survivor","Neutralize","Accuracy+1","Blade Dance","Reflex+1","Escape Plan","Concentrate+1","Malaise","Cloak And Dagger","Infinite Blades","Footwork","After Image+1","Calculated Gamble+1","Underhanded Strike+1","Blade Dance+1","Calculated Gamble+1","Outmaneuver+1","Finisher","PiercingWail+1","Grand Finale","Expertise+1","Quick Slash+1","Blade Dance+1","Clumsy","Doubt","Envenom"],"relics":["Ring of the Snake","NeowsBlessing","MealTicket","Oddly Smooth Stone","Gambling Chip","Sling","HoveringKite","Toxic Egg 2","Mummified Hand","Cursed Key","Ginger","Regal Pillow","Molten Egg 2"],"acts_visited":["Exordium","TheCity","TheBeyond"],"potions_floor_usage":[50,50],"damage_taken":[{"damage":0.0,"enemies":"Cultist","floor":1.0,"turns":1.0},{"damage":0.0,"enemies":"2 Louse","floor":2.0,"turns":1.0},{"damage":0.0,"enemies":"Small Slimes","floor":3.0,"turns":1.0},{"damage":2.0,"enemies":"Red Slaver","floor":4.0,"turns":5.0},{"damage":42.0,"enemies":"Lagavulin","floor":6.0,"turns":10.0},{"damage":5.0,"enemies":"2 Fungi Beasts","floor":7.0,"turns":3.0},{"damage":1.0,"enemies":"Looter","floor":8.0,"turns":3.0},{"damage":7.0,"enemies":"Exordium Wildlife","floor":10.0,"turns":4.0},{"damage":22.0,"enemies":"Gremlin Nob","floor":11.0,"turns":5.0},{"damage":6.0,"enemies":"Blue Slaver","floor":14.0,"turns":3.0},{"damage":24.0,"enemies":"The Guardian","floor":16.0,"turns":13.0},{"damage":8.0,"enemies":"Chosen","floor":18.0,"turns":6.0},{"damage":22.0,"enemies":"2 Thieves","floor":19.0,"turns":5.0},{"damage":14.0,"enemies":"3 Cultists","floor":20.0,"turns":8.0},{"damage":5.0,"enemies":"Centurion and Healer","floor":24.0,"turns":7.0},{"damage":6.0,"enemies":"Book of Stabbing","floor":27.0,"turns":5.0},{"damage":17.0,"enemies":"Sentry and Sphere","floor":28.0,"turns":5.0},{"damage":0.0,"enemies":"3 Cultists","floor":31.0,"turns":4.0},{"damage":20.0,"enemies":"Champ","floor":33.0,"turns":12.0},{"damage":14.0,"enemies":"3 Darklings","floor":35.0,"turns":5.0},{"damage":0.0,"enemies":"Orb Walker","floor":37.0,"turns":3.0},{"damage":24.0,"enemies":"2 Orb Walkers","floor":38.0,"turns":4.0},{"damage":6.0,"enemies":"Sphere and 2 Shapes","floor":39.0,"turns":5.0},{"damage":4.0,"enemies":"Reptomancer","floor":41.0,"turns":5.0},{"damage":0.0,"enemies":"Transient","floor":46.0,"turns":5.0},{"damage":10.0,"enemies":"Maw","floor":48.0,"turns":4.0},{"damage":5,"enemies":"Donu and Deca","floor":50,"turns":8}],"seed_played":"4104530743109737720","potions_obtained":[{"floor":1.0,"key":"SkillPotion"},{"floor":4.0,"key":"Regen Potion"},{"floor":6.0,"key":"DistilledChaos"},{"floor":7.0,"key":"Swift Potion"},{"floor":11.0,"key":"Energy Potion"},{"floor":14.0,"key":"Fire Potion"},{"floor":19.0,"key":"SkillPotion"},{"floor":24.0,"key":"SteroidPotion"},{"floor":27.0,"key":"GhostInAJar"},{"floor":31.0,"key":"Weak Potion"},{"floor":38.0,"key":"ColorlessPotion"},{"floor":39.0,"key":"Dexterity Potion"}],"is_trial":false,"path_per_floor":["M","M","M","M","?","E","M","M","T","M","E","R","$","M","R","B",null,"M","M","M","?","$","R","M","R","T","E","M","R","$","M","R","B",null,"M","?","M","?","M","R","E","R","T","?","R","M","T","M","R","B",null],"character_chosen":"THE_SILENT","items_purchased":["Infinite Blades","Sling","Energy Potion","Finisher"],"campfire_rested":4,"item_purchase_floors":[13,13,22,30],"current_hp_per_floor":[70,70,70,68,68,40,35,34,34,27,5,26,41,35,35,11,70,62,40,26,26,41,41,36,36,36,30,13,34,49,49,49,29,70,56,56,56,32,26,26,22,58,58,58,58,58,58,48,70,65],"gold":384,"neow_bonus":"THREE_ENEMY_KILL","is_daily":false,"chose_seed":false,"campfire_upgraded":6,"win_rate":0.0,"timestamp":1610203555,"path_taken":["M","M","M","?","?","E","?","?","T","M","E","R","$","M","R","BOSS","M","M","M","?","$","R","M","R","T","E","M","R","$","?","R","BOSS","M","?","M","?","M","R","E","R","T","?","R","M","?","M","R","BOSS"],"items_purchased_type":["Card","Relic","Potion","Card"],"build_version":"2020-12-22","purchased_purges":2,"victory":true,"max_hp_per_floor":[70,70,70,70,70,70,70,70,70,70,70,70,70,70,70,70,70,70,70,70,70,70,70,70,70,70,70,70,70,70,70,70,70,70,70,70,70,70,70,70,70,70,70,70,70,70,70,70,70,70],"card_choices":[{"not_picked":["PiercingWail","Outmaneuver"],"picked":"Accuracy","floor":1.0},{"not_picked":["Setup","Dagger Throw"],"picked":"Blade Dance","floor":2.0},{"not_picked":["Dagger Spray","Terror","Poisoned Stab"],"picked":"SKIP","floor":3.0},{"not_picked":["Underhanded Strike","Flechettes"],"picked":"Reflex","floor":4.0},{"not_picked":["Deflect","Reflex","Poisoned Stab"],"picked":"SKIP","floor":6.0},{"not_picked":["Backstab","Prepared"],"picked":"Escape Plan","floor":7.0},{"not_picked":["Tactician","Skewer"],"picked":"Concentrate","floor":8.0},{"not_picked":["Bouncing Flask","Poisoned Stab"],"picked":"Malaise","floor":10.0},{"not_picked":["Poisoned Stab","Crippling Poison"],"picked":"Cloak And Dagger","floor":11.0},{"not_picked":["PiercingWail","Blade Dance"],"picked":"Footwork","floor":14.0},{"not_picked":["Grand Finale","Night Terror"],"picked":"After Image","floor":16.0},{"not_picked":["Dash","Catalyst","Sucker Punch"],"picked":"SKIP","floor":18.0},{"not_picked":["Choke","Dagger Spray"],"picked":"Calculated Gamble","floor":19.0},{"not_picked":["Deadly Poison+1","All Out Attack"],"picked":"Underhanded Strike+1","floor":20.0},{"not_picked":["Calculated Gamble","Flechettes"],"picked":"Blade Dance","floor":24.0},{"not_picked":["Terror+1","Reflex+1"],"picked":"Calculated Gamble+1","floor":27.0},{"not_picked":["Noxious Fumes+1","Flying Knee+1"],"picked":"Outmaneuver+1","floor":28.0},{"not_picked":["Sucker Punch","Dagger Spray"],"picked":"PiercingWail+1","floor":31.0},{"not_picked":["Die Die Die","Doppelganger+1"],"picked":"Grand Finale","floor":33.0},{"not_picked":["Riddle With Holes","Dash","Crippling Poison+1"],"picked":"SKIP","floor":35.0},{"not_picked":["Deflect+1","Poisoned Stab"],"picked":"Expertise+1","floor":37.0},{"not_picked":["PiercingWail+1","Grand Finale"],"picked":"Quick Slash+1","floor":38.0},{"not_picked":["Blur+1","Underhanded Strike","Dodge and Roll+1"],"picked":"SKIP","floor":39.0},{"not_picked":["Cloak And Dagger+1","Deadly Poison+1"],"picked":"Blade Dance+1","floor":41.0},{"not_picked":["Leg Sweep+1","All Out Attack","Dash"],"picked":"SKIP","floor":46.0},{"not_picked":["Flechettes+1","PiercingWail+1"],"picked":"Envenom","floor":48.0}],"player_experience":180470,"relics_obtained":[{"floor":6.0,"key":"MealTicket"},{"floor":9.0,"key":"Oddly Smooth Stone"},{"floor":11.0,"key":"Gambling Chip"},{"floor":26.0,"key":"Toxic Egg 2"},{"floor":27.0,"key":"Mummified Hand"},{"floor":38.0,"key":"Ginger"},{"floor":41.0,"key":"Regal Pillow"},{"floor":47.0,"key":"Molten Egg 2"}],"event_choices":[{"cards_removed":["Strike_G"],"damage_healed":0.0,"max_hp_gain":0.0,"max_hp_loss":0.0,"gold_gain":0.0,"event_name":"Purifier","player_choice":"Purged","floor":5.0,"gold_loss":0.0,"damage_taken":0.0},{"cards_removed":["Strike_G"],"damage_healed":0.0,"max_hp_gain":0.0,"max_hp_loss":0.0,"gold_gain":0.0,"event_name":"Purifier","player_choice":"Purged","floor":21.0,"gold_loss":0.0,"damage_taken":0.0},{"damage_healed":0.0,"max_hp_gain":0.0,"max_hp_loss":0.0,"gold_gain":0.0,"event_name":"Tomb of Lord Red Mask","player_choice":"Ignored","floor":36.0,"gold_loss":0.0,"damage_taken":0.0},{"damage_healed":0.0,"max_hp_gain":0.0,"max_hp_loss":0.0,"gold_gain":0.0,"event_name":"Mysterious Sphere","player_choice":"Fight","floor":38.0,"gold_loss":0.0,"damage_taken":0.0},{"cards_removed":["Strike_G"],"damage_healed":0.0,"max_hp_gain":0.0,"max_hp_loss":0.0,"gold_gain":0.0,"event_name":"Falling","player_choice":"Removed Attack","floor":44.0,"gold_loss":0.0,"damage_taken":0.0}],"is_beta":false,"boss_relics":[{"not_picked":["Fusion Hammer","Runic Dome"],"picked":"HoveringKite"},{"not_picked":["Calling Bell","Pandora\u0027s Box"],"picked":"Cursed Key"}],"items_purged_floors":[13,22],"is_endless":false,"potions_floor_spawned":[1,4,6,7,11,14,19,24,27,31,38,39],"ascension_level":2}}