{"host":"j4g6ia6asvpyu2b0","time":1610235218,"event":{"mods":["BaseMod","Colored Map","Minty Spire (QoL Compilation)","Permanent Neow","Quick Restart","Relic Stats","StSLib","Unceasing Turn Reminder"],"gold_per_floor":[363,363,375,395,413,413,438,450,450,450,483,483,483,517,517,517,517],"floor_reached":16,"playtime":499,"items_purged":[],"score":205,"play_id":"2b83e21c-fe74-45ef-9d5c-7ddbf177066b","local_time":"20210109163338","is_ascension_mode":true,"campfire_choices":[{"data":"Bash","floor":6,"key":"SMITH"},{"data":"Uppercut","floor":10,"key":"SMITH"},{"floor":13,"key":"REST"},{"data":"Pommel Strike","floor":15,"key":"SMITH"}],"circlet_count":0,"master_deck":["AscendersBane","Strike_R","Strike_R","Strike_R","Strike_R","Defend_R","Defend_R","Defend_R","Defend_R","Bash+1","Dropkick","Feed","Twin Strike","Hemokinesis","Cleave","Feed","Uppercut+1","Pommel Strike+1","Corruption+1"],"relics":["Burning Blood","The Courier","Eternal Feather","Smiling Mask","Frozen Egg 2"],"acts_visited":["Exordium"],"potions_floor_usage":[5,7,11,16,16],"damage_taken":[{"damage":0,"enemies":"Small Slimes","floor":1,"turns":5},{"damage":6,"enemies":"Cultist","floor":3,"turns":4},{"damage":12,"enemies":"2 Louse","floor":4,"turns":3},{"damage":12,"enemies":"Exordium Wildlife","floor":5,"turns":5},{"damage":27,"enemies":"Lagavulin","floor":7,"turns":6},{"damage":22,"enemies":"Exordium Thugs","floor":8,"turns":5},{"damage":38,"enemies":"3 Sentries","floor":11,"turns":6},{"damage":17,"enemies":"Gremlin Nob","floor":14,"turns":4},{"damage":67,"enemies":"The Guardian","floor":16,"turns":13}],"seed_played":"5935691564268469403","potions_obtained":[{"floor":1,"key":"SkillPotion"},{"floor":3,"key":"ElixirPotion"},{"floor":5,"key":"Energy Potion"},{"floor":7,"key":"SkillPotion"},{"floor":14,"key":"Fire Potion"}],"is_trial":false,"path_per_floor":["M","?","M","M","M","R","E","M","T","R","E","?","R","E","R","B"],"character_chosen":"IRONCLAD","items_purchased":[],"campfire_rested":1,"item_purchase_floors":[],"current_hp_per_floor":[72,72,75,72,69,69,51,38,38,47,21,26,64,56,65,0,0],"gold":517,"neow_bonus":"TWO_FIFTY_GOLD","is_daily":false,"chose_seed":false,"campfire_upgraded":3,"win_rate":0.0,"timestamp":1610235218,"path_taken":["M","?","M","?","M","R","E","M","T","R","E","?","R","E","R","BOSS"],"items_purchased_type":[],"build_version":"2020-12-22","purchased_purges":0,"victory":false,"max_hp_per_floor":[72,72,75,78,81,81,84,87,87,87,93,98,98,101,101,101,101],"relic_stats":{"counters":[9,51],"Eternal Feather":27,"Smiling Mask":0,"obtain_stats":[{"Eternal Feather":9,"The Courier":7,"Frozen Egg 2":14,"Smiling Mask":11,"Burning Blood":0},{"Eternal Feather":6,"The Courier":5,"Frozen Egg 2":8,"Smiling Mask":7,"Burning Blood":0},{"Eternal Feather":28,"The Courier":23,"Frozen Egg 2":38,"Smiling Mask":34,"Burning Blood":0}],"Burning Blood":42},"card_choices":[{"not_picked":["Warcry","Heavy Blade"],"picked":"Dropkick","floor":1},{"not_picked":["Flex","Bloodletting"],"picked":"Twin Strike","floor":3},{"not_picked":["Wild Strike","Searing Blow"],"picked":"Hemokinesis","floor":4},{"not_picked":["Twin Strike","Sword Boomerang"],"picked":"Cleave","floor":5},{"not_picked":["Armaments","Pommel Strike"],"picked":"Feed","floor":7},{"not_picked":["Warcry","Clothesline"],"picked":"Uppercut","floor":8},{"not_picked":["Bloodletting","Feel No Pain"],"picked":"Pommel Strike","floor":11},{"not_picked":["Body Slam","Heavy Blade"],"picked":"Corruption+1","floor":14}],"player_experience":779275,"relics_obtained":[{"floor":7,"key":"The Courier"},{"floor":9,"key":"Eternal Feather"},{"floor":11,"key":"Smiling Mask"},{"floor":14,"key":"Frozen Egg 2"}],"event_choices":[{"damage_healed":0,"gold_gain":0,"cards_transformed":["Strike_R"],"player_choice":"Transformed","damage_taken":0,"max_hp_gain":0,"max_hp_loss":0,"event_name":"Transmorgrifier","floor":2,"gold_loss":0,"cards_obtained":["Feed"]},{"damage_healed":0,"gold_gain":0,"player_choice":"Donut","damage_taken":0,"max_hp_gain":5,"max_hp_loss":0,"event_name":"Big Fish","floor":12,"gold_loss":0}],"is_beta":false,"boss_relics":[],"items_purged_floors":[],"is_endless":false,"potions_floor_spawned":[1,3,5,7,14],"killed_by":"The Guardian","ascension_level":10}}