{"host":"3jjxuhjpio8e4zkv","time":1610152828,"event":{"mods":["BaseMod","Colored Map","Highlight Path","Minty Spire (QoL Compilation)","Permanent Neow","Relic Stats","StSLib"],"gold_per_floor":[114,134,151,151,164,164,179,209,209,209,209],"floor_reached":10,"playtime":538,"items_purged":[],"score":140,"play_id":"eba036e4-6a0f-4b6e-9bbc-065517d473a8","local_time":"20210108194028","is_ascension_mode":true,"campfire_choices":[{"data":"Predator","floor":6,"key":"SMITH"}],"circlet_count":0,"master_deck":["AscendersBane","Strike_G","Strike_G","Strike_G","Strike_G","Strike_G","Defend_G","Defend_G","Defend_G","Defend_G","Survivor","Neutralize","Backflip","Burst","Slice","Predator+1","Skewer","Endless Agony"],"relics":["Ring of the Snake","Regal Pillow","Bag of Marbles"],"acts_visited":["Exordium"],"potions_floor_usage":[8,8],"damage_taken":[{"damage":4,"enemies":"Jaw Worm","floor":1,"turns":4},{"damage":1,"enemies":"Small Slimes","floor":2,"turns":6},{"damage":2,"enemies":"Cultist","floor":3,"turns":5},{"damage":1,"enemies":"2 Fungi Beasts","floor":5,"turns":5},{"damage":13,"enemies":"Exordium Wildlife","floor":7,"turns":4},{"damage":25,"enemies":"3 Sentries","floor":8,"turns":8},{"damage":34,"enemies":"Gremlin Nob","floor":10,"turns":3}],"seed_played":"1005380446524178725","potions_obtained":[{"floor":0,"key":"BlessingOfTheForge"},{"floor":0,"key":"SteroidPotion"}],"is_trial":false,"path_per_floor":["M","M","M","?","M","R","M","E","T","E"],"character_chosen":"THE_SILENT","items_purchased":[],"campfire_rested":0,"item_purchase_floors":[],"current_hp_per_floor":[55,54,52,52,51,51,38,13,13,0,0],"gold":209,"neow_bonus":"THREE_SMALL_POTIONS","is_daily":false,"chose_seed":false,"campfire_upgraded":1,"win_rate":0.0,"timestamp":1610152828,"path_taken":["M","M","M","?","M","R","M","E","T","E"],"items_purchased_type":[],"build_version":"2020-12-22","purchased_purges":0,"victory":false,"max_hp_per_floor":[66,66,66,66,66,66,66,66,66,66,66],"relic_stats":{"Regal Pillow":0,"counters":[7,35],"obtain_stats":[{"Regal Pillow":8,"Bag of Marbles":9,"Ring of the Snake":0},{"Regal Pillow":6,"Bag of Marbles":6,"Ring of the Snake":0},{"Regal Pillow":32,"Bag of Marbles":32,"Ring of the Snake":0}],"Ring of the Snake":[14]},"card_choices":[{"not_picked":["Tactician","Outmaneuver"],"picked":"Backflip","floor":1},{"not_picked":["Backflip","Expertise"],"picked":"Burst","floor":2},{"not_picked":["Catalyst","Calculated Gamble","Bane"],"picked":"SKIP","floor":3},{"not_picked":["Prepared","Dagger Throw"],"picked":"Predator","floor":5},{"not_picked":["PiercingWail","Storm of Steel"],"picked":"Skewer","floor":7},{"not_picked":["Skewer","Well Laid Plans"],"picked":"Endless Agony","floor":8}],"player_experience":1195587,"relics_obtained":[{"floor":8,"key":"Regal Pillow"},{"floor":9,"key":"Bag of Marbles"}],"event_choices":[{"damage_healed":0,"gold_gain":0,"cards_transformed":["Defend_G"],"player_choice":"Change","damage_taken":0,"max_hp_gain":0,"max_hp_loss":0,"event_name":"Living Wall","floor":4,"gold_loss":0,"cards_obtained":["Slice"]}],"is_beta":false,"boss_relics":[],"items_purged_floors":[],"is_endless":false,"potions_floor_spawned":[3,5,7],"killed_by":"Gremlin Nob","ascension_level":20}}