{"host":"newqdrzxfhh2im9e","time":1610171973,"event":{"mods":["AchievementEnabler","BaseMod","BetterRewards","Block Reminder","Colored Map","Jorbs\u0027s Wanderer Trilogy","Minty Spire (QoL Compilation)","Rare Cards Sparkle","Shop Mod","StSLib"],"gold_per_floor":[217,217,237,237,237,237,251,21,21,347,359,393,393,413,413,509,509,528,488,19,31,50,50,60,60,141,141,241,241,254,254,254,254,254],"floor_reached":33,"playtime":1324,"items_purged":["Regret"],"score":255,"play_id":"74611392-fc23-462c-bc0e-01373af9d94a","local_time":"20210108215933","is_ascension_mode":false,"campfire_choices":[{"data":"Wallop","floor":6,"key":"SMITH"},{"floor":15,"key":"REST"},{"floor":23,"key":"REST"},{"floor":25,"key":"REST"},{"floor":32,"key":"REST"}],"circlet_count":0,"master_deck":["Strike_P","Strike_P","Strike_P+1","Strike_P","Defend_P+1","Defend_P","Defend_P+1","Defend_P","Eruption","Vigilance","BattleHymn","Wallop+1","SignatureMove","Collect","Consecrate+1","MasterReality","Fasting2","Establishment","DeceiveReality+1","CarveReality","SignatureMove+1","BattleHymn+1","ForeignInfluence","Prostrate+1","LikeWater"],"relics":["PureWater","Pantograph","Question Card","Anchor","Matryoshka","Old Coin","Incense Burner","VioletLotus","Whetstone","Eternal Feather","Regal Pillow","Darkstone Periapt","WingedGreaves","Calipers","HornCleat"],"acts_visited":["Exordium","TheCity"],"potions_floor_usage":[10,10,12,14,21,30,33],"damage_taken":[{"damage":1,"enemies":"Jaw Worm","floor":1,"turns":3},{"damage":0,"enemies":"Small Slimes","floor":3,"turns":4},{"damage":2,"enemies":"2 Louse","floor":7,"turns":2},{"damage":24,"enemies":"Lagavulin","floor":10,"turns":5},{"damage":3,"enemies":"Lots of Slimes","floor":11,"turns":4},{"damage":21,"enemies":"3 Sentries","floor":12,"turns":6},{"damage":0,"enemies":"Blue Slaver","floor":14,"turns":2},{"damage":48,"enemies":"Hexaghost","floor":16,"turns":9},{"damage":44,"enemies":"3 Byrds","floor":18,"turns":6},{"damage":17,"enemies":"Shell Parasite","floor":21,"turns":6},{"damage":7,"enemies":"Centurion and Healer","floor":22,"turns":7},{"damage":17,"enemies":"Cultist and Chosen","floor":24,"turns":7},{"damage":15,"enemies":"Colosseum Slavers","floor":28,"turns":4},{"damage":21,"enemies":"Colosseum Nobs","floor":28,"turns":5},{"damage":0,"enemies":"Snecko","floor":30,"turns":3},{"damage":90,"enemies":"Collector","floor":33,"turns":9}],"seed_played":"-7927424502425240163","potions_obtained":[{"floor":1,"key":"Regen Potion"},{"floor":3,"key":"Energy Potion"},{"floor":11,"key":"ColorlessPotion"},{"floor":12,"key":"PowerPotion"},{"floor":18,"key":"DuplicationPotion"},{"floor":28,"key":"Energy Potion"},{"floor":30,"key":"Weak Potion"}],"is_trial":false,"path_per_floor":["M","$","M","?","?","R","M","$","T","E","M","E","?","M","R","B",null,"M","?","$","M","M","R","M","R","T","?","?","?","M","?","R","B"],"character_chosen":"WATCHER","items_purchased":["Anchor","Whetstone","Eternal Feather","CarveReality"],"campfire_rested":4,"item_purchase_floors":[8,20,20,20],"current_hp_per_floor":[71,71,71,71,64,64,62,62,62,52,49,28,14,14,35,12,72,28,28,28,11,4,37,20,53,53,53,17,41,41,41,72,0,0],"gold":254,"neow_bonus":"HUNDRED_GOLD","is_daily":false,"chose_seed":false,"campfire_upgraded":1,"win_rate":0.0,"timestamp":1610171973,"path_taken":["M","$","M","?","?","R","M","$","T","E","M","E","?","M","R","BOSS","M","?","$","M","M","R","?","R","T","?","?","?","M","?","R","BOSS"],"items_purchased_type":["Relic","Relic","Relic","Card"],"build_version":"2020-12-22","purchased_purges":1,"victory":false,"max_hp_per_floor":[72,72,72,72,72,72,72,72,72,72,72,72,72,72,72,72,72,72,72,72,72,72,72,72,72,72,72,72,72,72,72,72,72,72],"card_choices":[{"not_picked":["CrushJoints","ClearTheMind"],"picked":"BattleHymn","floor":1},{"not_picked":["Weave","WindmillStrike"],"picked":"Wallop","floor":3},{"not_picked":["BowlingBash","Weave","Evaluate"],"picked":"SignatureMove","floor":7},{"not_picked":["Crescendo","ThirdEye","Vengeance"],"picked":"Collect","floor":10},{"not_picked":["EmptyFist","FlurryOfBlows","JustLucky"],"picked":"Consecrate","floor":11},{"not_picked":["Evaluate","EmptyBody","SpiritShield"],"picked":"MasterReality","floor":12},{"not_picked":["CrushJoints","Protect","Consecrate"],"picked":"Fasting2","floor":14},{"not_picked":["Omniscience","MasterReality","Vault"],"picked":"Establishment","floor":16},{"not_picked":["JustLucky+1","BowlingBash+1","FollowUp+1"],"picked":"DeceiveReality","floor":18},{"not_picked":["PathToVictory+1","EmptyFist","BowlingBash+1"],"picked":"SignatureMove+1","floor":21},{"not_picked":["SignatureMove","MasterReality","Prostrate+1"],"picked":"BattleHymn+1","floor":22},{"not_picked":["EmptyBody","FlyingSleeves+1","FollowUp"],"picked":"ForeignInfluence","floor":24},{"not_picked":["FollowUp","Evaluate+1","Weave"],"picked":"Prostrate+1","floor":28},{"not_picked":["Evaluate+1","Consecrate","JustLucky"],"picked":"LikeWater","floor":30}],"player_experience":712931,"relics_obtained":[{"floor":9,"key":"Matryoshka"},{"floor":10,"key":"Old Coin"},{"floor":12,"key":"Incense Burner"},{"floor":26,"key":"Regal Pillow"},{"floor":26,"key":"Darkstone Periapt"},{"floor":28,"key":"Calipers"},{"floor":28,"key":"HornCleat"}],"event_choices":[{"damage_healed":0,"gold_gain":0,"player_choice":"Box","damage_taken":0,"relics_obtained":["Pantograph"],"max_hp_gain":0,"max_hp_loss":0,"event_name":"Big Fish","floor":4,"gold_loss":0,"cards_obtained":["Regret"]},{"damage_healed":0,"gold_gain":0,"player_choice":"Success","damage_taken":7,"relics_obtained":["Question Card"],"max_hp_gain":0,"max_hp_loss":0,"event_name":"Scrap Ooze","floor":5,"gold_loss":0},{"damage_healed":0,"gold_gain":0,"player_choice":"Entered Light","damage_taken":14,"max_hp_gain":0,"max_hp_loss":0,"event_name":"Shining Light","floor":13,"gold_loss":0,"cards_upgraded":["Defend_P","Defend_P"]},{"damage_healed":0,"gold_gain":0,"player_choice":"Upgrade","damage_taken":0,"max_hp_gain":0,"max_hp_loss":0,"event_name":"Designer","floor":19,"gold_loss":40,"cards_upgraded":["DeceiveReality"]},{"damage_healed":0,"gold_gain":0,"player_choice":"Opened","damage_taken":0,"relics_obtained":["WingedGreaves"],"max_hp_gain":0,"max_hp_loss":0,"event_name":"The Mausoleum","floor":27,"gold_loss":0},{"damage_healed":0,"gold_gain":0,"player_choice":"Fight","damage_taken":0,"max_hp_gain":0,"max_hp_loss":0,"event_name":"Colosseum","floor":28,"gold_loss":0},{"damage_healed":0,"gold_gain":0,"player_choice":"Fought Nobs","damage_taken":0,"max_hp_gain":0,"max_hp_loss":0,"event_name":"Colosseum","floor":28,"gold_loss":0},{"damage_healed":24,"gold_gain":0,"player_choice":"Heal","damage_taken":0,"max_hp_gain":0,"max_hp_loss":0,"event_name":"The Library","floor":29,"gold_loss":0},{"damage_healed":0,"gold_gain":0,"player_choice":"Ignored","damage_taken":0,"max_hp_gain":0,"max_hp_loss":0,"event_name":"NoteForYourself","floor":31,"gold_loss":0}],"is_beta":false,"boss_relics":[{"not_picked":["Pandora\u0027s Box","Runic Pyramid"],"picked":"VioletLotus"}],"items_purged_floors":[8],"is_endless":false,"potions_floor_spawned":[1,3,11,12,18,28,28,30],"killed_by":"Collector","ascension_level":0}}