{"host":"94aus4jnk6thj94q","time":1610229491,"event":{"mods":["BaseMod","Minty Spire (QoL Compilation)","Quick Restart","StSLib"],"gold_per_floor":[15,115,133,32,46,74,74,90,90,90,101,135,135,149,149,247,247,264,11,25,25,39,66,66,81,81,93,93,108,108,62,62,158,158,169,189,189,199,216,227,94,94,174,193,193,243,260,277,277,277],"floor_reached":51,"playtime":11627,"items_purged":[],"score":735,"play_id":"55ee1f79-ab10-4d72-a658-596cab37ac18","local_time":"20210109235811","is_ascension_mode":false,"campfire_choices":[{"floor":7.0,"key":"REST"},{"floor":10.0,"key":"REST"},{"floor":13.0,"key":"REST"},{"floor":15.0,"key":"REST"},{"floor":24.0,"key":"REST"},{"floor":28.0,"key":"REST"},{"floor":30.0,"key":"RECALL"},{"data":"Footwork","floor":32.0,"key":"SMITH"},{"floor":45,"key":"REST"},{"floor":49,"key":"REST"}],"circlet_count":0,"master_deck":["Strike_G","Strike_G","Strike_G","Strike_G","Strike_G","Defend_G","Defend_G","Defend_G","Defend_G","Defend_G","Survivor","Neutralize","A Thousand Cuts+1","Poisoned Stab","Footwork+1","Backstab","Accuracy","Blade Dance","Cloak And Dagger","Blade Dance","Blade Dance","Bullet Time","Blade Dance+1","Choke","Caltrops+1","Finisher+1","Slice","Accuracy","Blade Dance","Blade Dance","Blur+1","Footwork","Writhe","Slice+1","Accuracy","Blade Dance","Bandage Up","Blade Dance","Cloak And Dagger+1","Accuracy+1"],"relics":["Ring of the Serpent","InkBottle","Matryoshka","White Beast Statue","WristBlade","Mummified Hand","Bottled Flame","Paper Crane","Shuriken","Blue Candle","Gremlin Horn","Du-Vu Doll"],"acts_visited":["Exordium","TheCity","TheBeyond"],"potions_floor_usage":[44,44,47,47,50,50],"damage_taken":[{"damage":8.0,"enemies":"Jaw Worm","floor":1.0,"turns":6.0},{"damage":0.0,"enemies":"Cultist","floor":3.0,"turns":4.0},{"damage":0.0,"enemies":"Small Slimes","floor":5.0,"turns":4.0},{"damage":8.0,"enemies":"Lagavulin","floor":6.0,"turns":8.0},{"damage":6.0,"enemies":"Exordium Wildlife","floor":8.0,"turns":7.0},{"damage":2.0,"enemies":"3 Louse","floor":11.0,"turns":3.0},{"damage":12.0,"enemies":"3 Sentries","floor":12.0,"turns":6.0},{"damage":6.0,"enemies":"2 Fungi Beasts","floor":14.0,"turns":3.0},{"damage":30.0,"enemies":"Hexaghost","floor":16.0,"turns":7.0},{"damage":8.0,"enemies":"Shell Parasite","floor":18.0,"turns":4.0},{"damage":0.0,"enemies":"Spheric Guardian","floor":20.0,"turns":1.0},{"damage":3.0,"enemies":"Snake Plant","floor":22.0,"turns":3.0},{"damage":0.0,"enemies":"Gremlin Leader","floor":23.0,"turns":3.0},{"damage":15.0,"enemies":"Shelled Parasite and Fungi","floor":25.0,"turns":4.0},{"damage":0.0,"enemies":"3 Cultists","floor":27.0,"turns":2.0},{"damage":0.0,"enemies":"Sentry and Sphere","floor":29.0,"turns":2.0},{"damage":8.0,"enemies":"Automaton","floor":33.0,"turns":4.0},{"damage":26.0,"enemies":"3 Shapes","floor":35.0,"turns":7.0},{"damage":0.0,"enemies":"3 Darklings","floor":36.0,"turns":3.0},{"damage":8.0,"enemies":"Sphere and 2 Shapes","floor":38.0,"turns":4.0},{"damage":24.0,"enemies":"Jaw Worm Horde","floor":39.0,"turns":3.0},{"damage":6,"enemies":"3 Darklings","floor":40,"turns":3},{"damage":1,"enemies":"Spire Growth","floor":44,"turns":2},{"damage":7,"enemies":"Mind Bloom Boss Battle","floor":46,"turns":4},{"damage":1,"enemies":"Transient","floor":47,"turns":5},{"damage":1,"enemies":"Sphere and 2 Shapes","floor":48,"turns":3},{"damage":57,"enemies":"Awakened One","floor":50,"turns":5}],"seed_played":"6846047291800316603","potions_obtained":[{"floor":1.0,"key":"Dexterity Potion"},{"floor":8.0,"key":"BlessingOfTheForge"},{"floor":12.0,"key":"SpeedPotion"},{"floor":14.0,"key":"SteroidPotion"},{"floor":16.0,"key":"LiquidMemories"},{"floor":18.0,"key":"Fire Potion"},{"floor":20.0,"key":"GhostInAJar"},{"floor":22.0,"key":"ColorlessPotion"},{"floor":23.0,"key":"EntropicBrew"},{"floor":25.0,"key":"DuplicationPotion"},{"floor":27.0,"key":"FairyPotion"},{"floor":35.0,"key":"AttackPotion"},{"floor":36.0,"key":"Regen Potion"},{"floor":38.0,"key":"SkillPotion"},{"floor":40,"key":"PowerPotion"},{"floor":44,"key":"SteroidPotion"},{"floor":46,"key":"AttackPotion"},{"floor":47,"key":"Ancient Potion"},{"floor":48,"key":"SteroidPotion"}],"is_trial":false,"path_per_floor":["M","?","M","$","M","E","R","M","T","R","M","E","R","M","R","B",null,"M","$","M","?","M","E","R","M","T","M","R","M","R","$","R","B",null,"M","M","?","M","M","M","$","?","T","M","R","?","M","M","R","B",null],"character_chosen":"THE_SILENT","items_purchased":["Footwork","Backstab","Mummified Hand","Blade Dance","Accuracy","Blade Dance"],"campfire_rested":8,"item_purchase_floors":[4,4,19,31,41,41],"current_hp_per_floor":[62,62,62,62,62,54,70,64,64,70,68,56,70,64,70,40,70,62,62,62,62,59,59,70,55,55,55,70,70,70,70,70,62,70,58,58,70,70,46,40,40,40,40,39,60,53,56,59,70,13],"gold":277,"neow_bonus":"THREE_RARE_CARDS","is_daily":false,"chose_seed":false,"campfire_upgraded":1,"win_rate":0.0,"timestamp":1610229491,"path_taken":["M","?","M","$","?","E","R","M","T","R","M","E","R","M","R","BOSS","M","$","?","?","?","E","R","M","T","M","R","M","R","$","R","BOSS","M","M","?","M","M","M","$","?","T","?","R","?","M","M","R","BOSS"],"items_purchased_type":["Card","Card","Relic","Card","Card","Card"],"build_version":"2020-12-22","purchased_purges":0,"victory":true,"max_hp_per_floor":[70,70,70,70,70,70,70,70,70,70,70,70,70,70,70,70,70,70,70,70,70,70,70,70,70,70,70,70,70,70,70,70,70,70,70,70,70,70,70,70,70,70,70,70,70,70,70,70,70,70],"card_choices":[{"not_picked":["Wraith Form v2","Tools of the Trade"],"picked":"A Thousand Cuts","floor":0.0},{"not_picked":["Distraction","Tactician","Underhanded Strike"],"picked":"SKIP","floor":1.0},{"not_picked":["Sucker Punch","Choke"],"picked":"Poisoned Stab","floor":3.0},{"not_picked":["Crippling Poison","Bane"],"picked":"Accuracy","floor":5.0},{"not_picked":["Deadly Poison","Acrobatics"],"picked":"Blade Dance","floor":6.0},{"not_picked":["Bane","Blade Dance"],"picked":"Cloak And Dagger","floor":8.0},{"not_picked":["Deadly Poison","Flechettes"],"picked":"Blade Dance","floor":11.0},{"not_picked":["Glass Knife","Eviscerate"],"picked":"Blade Dance","floor":12.0},{"not_picked":["Dash","Poisoned Stab","Well Laid Plans"],"picked":"SKIP","floor":14.0},{"not_picked":["Envenom","Doppelganger"],"picked":"Bullet Time","floor":16.0},{"not_picked":["Prepared","Dagger Spray"],"picked":"Blade Dance+1","floor":18.0},{"not_picked":["Underhanded Strike","Quick Slash+1"],"picked":"Choke","floor":20.0},{"not_picked":["Underhanded Strike","Bane"],"picked":"Caltrops+1","floor":22.0},{"not_picked":["Endless Agony","Noxious Fumes"],"picked":"Finisher+1","floor":23.0},{"not_picked":["Night Terror","Prepared"],"picked":"Slice","floor":25.0},{"not_picked":["Sucker Punch+1","Dagger Spray"],"picked":"Accuracy","floor":27.0},{"not_picked":["Masterful Stab","Sucker Punch"],"picked":"Blade Dance","floor":29.0},{"not_picked":["Expertise+1","Backstab+1"],"picked":"Blur+1","floor":35.0},{"not_picked":["Flying Knee","Slice+1"],"picked":"Footwork","floor":36.0},{"not_picked":["Flying Knee+1","Prepared","Calculated Gamble"],"picked":"SKIP","floor":38.0},{"not_picked":["Doppelganger","Acrobatics+1"],"picked":"Slice+1","floor":39.0},{"not_picked":["Flying Knee","Noxious Fumes+1","Quick Slash+1"],"picked":"SKIP","floor":40},{"not_picked":["Dark Shackles","The Bomb"],"picked":"Bandage Up","floor":42},{"not_picked":["Prepared+1","Finisher"],"picked":"Blade Dance","floor":44},{"not_picked":["PiercingWail+1","Riddle With Holes+1"],"picked":"Cloak And Dagger+1","floor":46},{"not_picked":["Underhanded Strike","All Out Attack"],"picked":"Accuracy+1","floor":47},{"not_picked":["Acrobatics+1","Dodge and Roll","Flying Knee+1"],"picked":"SKIP","floor":48}],"player_experience":5747047,"relics_obtained":[{"floor":6.0,"key":"InkBottle"},{"floor":9.0,"key":"Matryoshka"},{"floor":12.0,"key":"White Beast Statue"},{"floor":23.0,"key":"Bottled Flame"},{"floor":26.0,"key":"Paper Crane"},{"floor":26.0,"key":"Shuriken"},{"floor":43,"key":"Blue Candle"},{"floor":43,"key":"Gremlin Horn"},{"floor":46,"key":"Du-Vu Doll"}],"event_choices":[{"damage_healed":0.0,"max_hp_gain":0.0,"max_hp_loss":0.0,"gold_gain":100.0,"event_name":"Golden Shrine","player_choice":"Pray","floor":2.0,"gold_loss":0.0,"damage_taken":0.0},{"damage_healed":0.0,"max_hp_gain":0.0,"max_hp_loss":0.0,"gold_gain":0.0,"event_name":"Accursed Blacksmith","player_choice":"Forge","floor":21.0,"gold_loss":0.0,"damage_taken":0.0,"cards_upgraded":["A Thousand Cuts"]},{"damage_healed":18.0,"max_hp_gain":0.0,"max_hp_loss":0.0,"gold_gain":0.0,"event_name":"Winding Halls","player_choice":"Writhe","floor":37.0,"gold_loss":0.0,"damage_taken":0.0,"cards_obtained":["Writhe"]},{"damage_healed":0,"gold_gain":0,"player_choice":"Memory 1","damage_taken":0,"max_hp_gain":0,"max_hp_loss":0,"event_name":"SensoryStone","floor":42,"gold_loss":0},{"damage_healed":0,"gold_gain":0,"player_choice":"Fight","damage_taken":0,"max_hp_gain":0,"max_hp_loss":0,"event_name":"MindBloom","floor":46,"gold_loss":0}],"is_beta":false,"boss_relics":[{"not_picked":["Ectoplasm","Coffee Dripper"],"picked":"WristBlade"},{"not_picked":["SacredBark","Astrolabe"],"picked":"Ring of the Serpent"}],"items_purged_floors":[],"is_endless":false,"potions_floor_spawned":[1,8,12,14,16,18,20,22,23,25,27,29,33,35,36,38,39,40,44,46,47,48],"ascension_level":0}}