{"host":"Rich","time":1610159587,"event":{"mods":["AchievementEnabler","BaseMod","Highlight Path","Minty Spire (QoL Compilation)","Relic Stats"],"gold_per_floor":[109,109,109,126,106,31,66,81,105,138,138,157,157,171,171,171,171],"floor_reached":16,"playtime":315,"items_purged":["Regret"],"score":270,"play_id":"ac4ab97e-0cdd-4a5a-8e71-8ed9800f75d6","local_time":"20210108213307","is_ascension_mode":true,"campfire_choices":[{"data":"Defragment","floor":11,"key":"SMITH"},{"data":"Tempest","floor":15,"key":"SMITH"}],"circlet_count":0,"master_deck":["AscendersBane","Strike_B","Strike_B","Strike_B","Strike_B","Defend_B","Defend_B","Defend_B","Defend_B","Zap","Dualcast","Defragment+1","Cold Snap","Capacitor","Loop","Reboot","Tempest+1"],"relics":["Cracked Core","NeowsBlessing","Strawberry","Eternal Feather","Smiling Mask","PreservedInsect","Happy Flower","Golden Idol"],"acts_visited":["Exordium"],"potions_floor_usage":[10,16,16],"damage_taken":[{"damage":0,"enemies":"Small Slimes","floor":1,"turns":1},{"damage":0,"enemies":"Cultist","floor":4,"turns":1},{"damage":0,"enemies":"Lagavulin","floor":7,"turns":1},{"damage":9,"enemies":"Jaw Worm","floor":8,"turns":4},{"damage":11,"enemies":"Gremlin Nob","floor":10,"turns":3},{"damage":14,"enemies":"3 Louse","floor":12,"turns":3},{"damage":7,"enemies":"Blue Slaver","floor":14,"turns":4},{"damage":31,"enemies":"Slime Boss","floor":16,"turns":7}],"seed_played":"-2002125080499507671","potions_obtained":[{"floor":1,"key":"SteroidPotion"},{"floor":4,"key":"Energy Potion"},{"floor":5,"key":"Strength Potion"},{"floor":14,"key":"Explosive Potion"}],"is_trial":false,"path_per_floor":["M","?","?","M","?","$","E","M","T","E","R","M","?","M","R","B"],"character_chosen":"DEFECT","items_purchased":[],"campfire_rested":0,"item_purchase_floors":[],"current_hp_per_floor":[64,71,53,53,53,53,53,44,44,33,42,28,28,21,30,0,0],"gold":171,"neow_bonus":"THREE_ENEMY_KILL","is_daily":false,"chose_seed":false,"campfire_upgraded":2,"win_rate":0.0,"timestamp":1610159587,"path_taken":["M","?","?","M","?","$","E","M","T","E","R","?","?","M","R","BOSS"],"items_purchased_type":[],"build_version":"2020-12-18","purchased_purges":1,"victory":false,"max_hp_per_floor":[71,78,78,78,78,78,78,78,78,78,78,78,71,71,71,71,71],"relic_stats":{"Happy Flower":[4],"counters":[8,24],"Golden Idol":3,"Eternal Feather":18,"PreservedInsect":22,"Smiling Mask":0,"obtain_stats":[{"NeowsBlessing":0,"Happy Flower":10,"Golden Idol":13,"Strawberry":2,"Eternal Feather":3,"PreservedInsect":9,"Cracked Core":0,"Smiling Mask":7},{"NeowsBlessing":0,"Happy Flower":5,"Golden Idol":6,"Strawberry":1,"Eternal Feather":1,"PreservedInsect":4,"Cracked Core":0,"Smiling Mask":3},{"NeowsBlessing":0,"Happy Flower":10,"Golden Idol":13,"Strawberry":1,"Eternal Feather":1,"PreservedInsect":7,"Cracked Core":0,"Smiling Mask":3}]},"card_choices":[{"not_picked":["FTL","Double Energy"],"picked":"Defragment","floor":1},{"not_picked":["Stack","Coolheaded"],"picked":"Cold Snap","floor":4},{"not_picked":["Streamline","Conserve Battery"],"picked":"Capacitor","floor":7},{"not_picked":["Sweeping Beam","Self Repair"],"picked":"Loop","floor":8},{"not_picked":["Lockon","Blizzard"],"picked":"Reboot","floor":10},{"not_picked":["Beam Cell","Skim","Heatsinks"],"picked":"SKIP","floor":12},{"not_picked":["White Noise","Capacitor"],"picked":"Tempest","floor":14}],"player_experience":1978381,"relics_obtained":[{"floor":7,"key":"Smiling Mask"},{"floor":9,"key":"PreservedInsect"},{"floor":10,"key":"Happy Flower"}],"event_choices":[{"damage_healed":0,"gold_gain":0,"player_choice":"Box","damage_taken":0,"relics_obtained":["Strawberry"],"max_hp_gain":0,"max_hp_loss":0,"event_name":"Big Fish","floor":2,"gold_loss":0,"cards_obtained":["Regret"]},{"damage_healed":0,"gold_gain":0,"player_choice":"Success","damage_taken":18,"relics_obtained":["Eternal Feather"],"max_hp_gain":0,"max_hp_loss":0,"event_name":"Scrap Ooze","floor":3,"gold_loss":0},{"damage_healed":0,"gold_gain":0,"player_choice":"Bought 1 Potion","damage_taken":0,"max_hp_gain":0,"max_hp_loss":0,"event_name":"The Woman in Blue","floor":5,"gold_loss":0},{"damage_healed":0,"gold_gain":0,"player_choice":"Lose Max HP","damage_taken":0,"relics_obtained":["Golden Idol"],"max_hp_gain":0,"max_hp_loss":7,"event_name":"Golden Idol","floor":13,"gold_loss":0}],"is_beta":true,"boss_relics":[],"items_purged_floors":[6],"is_endless":false,"potions_floor_spawned":[1,4,8,14],"killed_by":"Slime Boss","ascension_level":20}}