{"host":"pn0n58vrtcysp2am","time":1610166090,"event":{"mods":["100% Spire Juice","Act Like it!","Arknights The Spire","BaseMod","CapriCore","Friendly Minions","KomeijiMod","Minty Spire (QoL Compilation)","READ ME - Guardian Mod","StSLib","The Immortal"],"gold_per_floor":[110,110,110,129,8,8,25,25,25],"floor_reached":8,"playtime":294,"items_purged":["ats:Strike V"],"score":46,"play_id":"7c5a0760-1891-4193-bdd1-ff6875513965","local_time":"20210109122130","is_ascension_mode":false,"campfire_choices":[{"data":"ats:Emotion Absorption","floor":6,"key":"SMITH"}],"circlet_count":0,"master_deck":["ats:Strike C","ats:Strike G","ats:Armor Crushing Shot","ats:Defend","ats:Defend","ats:Defend","ats:Defend","ats:Emotion Absorption+1","ats:Song Of Battle","ats:Revitalization","ats:Ignite"],"relics":["ats:Sanity","Centennial Puzzle","Question Card"],"acts_visited":["Exordium"],"potions_floor_usage":[],"damage_taken":[{"damage":1,"enemies":"Cultist","floor":1,"turns":4},{"damage":10,"enemies":"Jaw Worm","floor":4,"turns":4},{"damage":8,"enemies":"Small Slimes","floor":7,"turns":3},{"damage":43,"enemies":"3 Sentries","floor":8,"turns":9}],"seed_played":"6990123259242609795","potions_obtained":[],"is_trial":false,"path_per_floor":["M","?","?","M","$","R","M","E"],"character_chosen":"DOCTOR_CLASS","items_purchased":["ats:Ignite"],"campfire_rested":0,"item_purchase_floors":[5],"current_hp_per_floor":[71,59,59,49,49,49,43,8,8],"gold":25,"neow_bonus":"RANDOM_COMMON_RELIC","is_daily":false,"chose_seed":false,"campfire_upgraded":1,"win_rate":0.0,"timestamp":1610166090,"path_taken":["M","?","?","?","$","R","M","E"],"items_purchased_type":["Card"],"build_version":"2020-12-22","purchased_purges":1,"victory":false,"max_hp_per_floor":[72,72,72,72,72,72,72,72,72],"card_choices":[{"not_picked":["ats:Flexible Camouflage","ats:Powerful Strike"],"picked":"ats:Song Of Battle","floor":1},{"not_picked":["ats:Flexible Camouflage","ats:Shadow Raid","ats:Childhood Dance"],"picked":"ats:Revitalization","floor":4},{"not_picked":["ats:Explosion Area Strengthen","ats:Rapid Magazine","ats:Curse Doll","ats:Cat Scratch"],"picked":"SKIP","floor":7}],"player_experience":4218,"relics_obtained":[],"event_choices":[{"damage_healed":0,"gold_gain":0,"player_choice":"Success","damage_taken":12,"relics_obtained":["Question Card"],"max_hp_gain":0,"max_hp_loss":0,"event_name":"Scrap Ooze","floor":2,"gold_loss":0},{"cards_removed":["ats:Strike S"],"damage_healed":0,"gold_gain":0,"player_choice":"Purged","damage_taken":0,"max_hp_gain":0,"max_hp_loss":0,"event_name":"Purifier","floor":3,"gold_loss":0}],"is_beta":false,"boss_relics":[],"items_purged_floors":[5],"is_endless":false,"potions_floor_spawned":[],"killed_by":"3 Sentries","ascension_level":0}}