{"host":"709e3hc8hvltf42g","time":1610173695,"event":{"mods":["ATMod(阿瑾Mod)","Act Like it!","Arknights The Spire","Aspiration","BaseMod","CapriCore","Conspire","Downfall","Gensokyo","GungeonMod","Hallownest","Lobotomy","LobotomyExtend","Minty Spire (QoL Compilation)","MostiFishMod","Remilia（蕾米莉亚）","Replay The Spire","StSLib","The Alterego","The Blackbeard","The Bug Knight","The Cursed","The Immortal","The Jungle","The Marked","Waifu the Spire","Yakumo Yukari mod","[IsaacMod]以撒尖塔","[地精首领爬塔]The Maniac","vexMod","【遗物卡牌】REMEMod"],"gold_per_floor":[111,111,121,137,149,177,187,201,201,201,201,214,248,279,279,382,382,400,400,171,191,204,237,271,281,351,390,390,290,290,165,165,270,270,288,303,153,153,153,183,196,297,379,390,390,417,429,449,449,548,548,566,576,588,598,608,608,627,667,667,667,667],"floor_reached":61,"playtime":6062,"items_purged":["ats:Defend","ats:Strike C","ats:Defend","ats:Defend","ats:Strike V","ats:Strike S"],"score":931,"play_id":"fdf8b812-39c7-4209-b06f-bc1dd848c484","local_time":"20210109142815","daily_mods":["Heirloom","Time Dilation","Flight","downfall:ExchangeController"],"is_ascension_mode":false,"campfire_choices":[{"data":"ats:Volcano","floor":10,"key":"SMITH"},{"data":"ats:Emotion Absorption","floor":28,"key":"SMITH"},{"data":"ats:Soul Rend","floor":30,"key":"SMITH"},{"data":"ats:Song Of Battle","floor":32,"key":"SMITH"},{"data":"ats:Neurotoxin+1","floor":45,"key":"SMITH"},{"data":"ats:Overload","floor":49,"key":"SMITH"},{"data":"ats:Roar Of Ursus","floor":57,"key":"SMITH"}],"circlet_count":0,"master_deck":["ats:Strike G","ats:Armor Crushing Shot","ats:Defend","ats:Emotion Absorption+1","ats:Support Order","ats:Strike V","ats:Closed Bolt Burst Fire","ats:Volcano+1","ats:Soul Rend+1","ats:Charging Defense","ats:Song Of Battle+1","ats:Shadow Assault","ats:Overload+1","ats:Neurotoxin+2","ats:Soul Absorption+1","ats:Rapid Magazine+1","ats:Roar Of Ursus+1"],"relics":["ats:Sanity","downfall:NeowBlessing_Player","HushsDoor","AT_ATBox","REME_ComplimentaryCards","DaveBox","conspire:InfiniteJournal","ShadowXiaoBlade","Chaos","SynthV:TestCard","ats:Originium","Pantograph","Potion Belt","Juzu Bracelet","Civilization","ClockworkSouvenir","GuppysTail","GuppysCollar","vexMod:GhostlyGear","Mirror","ats:Rhine Circuitry","Painkiller Herb","DemoMod:MeltedRock","Strange Spoon","ForgetMeNow","DemoMod:WaxWing","Garlic","Durian","downfall:NeowBlessing_Player","Bottled Lightning","Blood Vial","Omamori","DemoMod:PoisonVial","Toy Ornithopter","Nunchaku","HollowMod:QueensCombRelic","TheBean","Prayer Wheel"],"acts_visited":["Exordium","TheCity","TheBeyond","Exordium"],"potions_floor_usage":[],"damage_taken":[{"damage":2,"enemies":"2 Louse","floor":1,"turns":2},{"damage":2,"enemies":"conspire:RoseBush","floor":3,"turns":4},{"damage":9,"enemies":"Cultist","floor":4,"turns":6},{"damage":15,"enemies":"Gremlin Gang","floor":5,"turns":4},{"damage":26,"enemies":"3 Sentries","floor":6,"turns":4},{"damage":12,"enemies":"Large Slime","floor":7,"turns":4},{"damage":17,"enemies":"Looter","floor":8,"turns":4},{"damage":0,"enemies":"Blue Slaver","floor":12,"turns":3},{"damage":28,"enemies":"Gremlin Nob","floor":13,"turns":4},{"damage":18,"enemies":"3 Sentries","floor":14,"turns":4},{"damage":96,"enemies":"Hexaghost","floor":16,"turns":8},{"damage":36,"enemies":"3 Byrds","floor":18,"turns":5},{"damage":20,"enemies":"Centurion and Healer","floor":21,"turns":3},{"damage":16,"enemies":"Cultist and Chosen","floor":22,"turns":4},{"damage":28,"enemies":"conspire:SneckoGhost","floor":23,"turns":4},{"damage":26,"enemies":"Replay:Snechameleon","floor":24,"turns":4},{"damage":0,"enemies":"3 Cultists","floor":25,"turns":2},{"damage":6,"enemies":"Snecko","floor":27,"turns":3},{"damage":48,"enemies":"conspire:MysteriousRune","floor":33,"turns":5},{"damage":17,"enemies":"3 Shapes","floor":35,"turns":2},{"damage":18,"enemies":"3 Darklings","floor":36,"turns":2},{"damage":18,"enemies":"HollowMod:StalkingDevout","floor":40,"turns":2},{"damage":35,"enemies":"4 Shapes","floor":41,"turns":3},{"damage":0,"enemies":"Writhing Mass","floor":44,"turns":2},{"damage":0,"enemies":"Reptomancer","floor":46,"turns":2},{"damage":0,"enemies":"Transient","floor":47,"turns":5},{"damage":6,"enemies":"4 Shapes","floor":48,"turns":1},{"damage":25,"enemies":"Time Eater","floor":50,"turns":3},{"damage":4,"enemies":"Small Slimes","floor":52,"turns":3},{"damage":0,"enemies":"Cultist","floor":53,"turns":2},{"damage":0,"enemies":"2 Louse","floor":54,"turns":2},{"damage":18,"enemies":"2 Fungi Beasts","floor":55,"turns":3},{"damage":13,"enemies":"Lots of Slimes","floor":56,"turns":4},{"damage":7,"enemies":"Looter","floor":58,"turns":2},{"damage":4,"enemies":"2 Fungi Beasts","floor":59,"turns":4},{"damage":61,"enemies":"2 Fungi Beasts","floor":61,"turns":3}],"seed_played":"3939916687784458728","potions_obtained":[{"floor":1,"key":"Fire Potion"},{"floor":3,"key":"Toxic Potion"},{"floor":5,"key":"FearPotion"},{"floor":16,"key":"Fire Potion"},{"floor":21,"key":"Fire Potion"},{"floor":23,"key":"REME_GoldPotion"},{"floor":33,"key":"SteroidPotion"},{"floor":36,"key":"Adrenaline Potion"},{"floor":40,"key":"SkillPotion"},{"floor":44,"key":"BlessingOfTheForge"},{"floor":47,"key":"REME_GoldPotion"},{"floor":50,"key":"SpeedPotion"},{"floor":55,"key":"DuplicationPotion"},{"floor":56,"key":"LifebloodPotion"},{"floor":58,"key":"Flashbang"}],"is_trial":true,"path_per_floor":["M","?","M","M","M","E","M","M","T","R","?","M","E","E","R","B",null,"M","?","$","M","M","E","E","M","T","?","T","T","T","T","T","B",null,"?","?","T","T","?","E","?","?","T","?","T","E","?","?","T","B",null,"?","?","?","?","?","T","?","?","T","?"],"character_chosen":"DOCTOR_CLASS","items_purchased":["GuppysTail","GuppysCollar","vexMod:GhostlyGear","Damocles"],"campfire_rested":0,"item_purchase_floors":[17,17,20,51],"current_hp_per_floor":[170,163,161,152,137,111,99,82,82,82,139,139,111,93,110,40,245,214,214,214,200,192,173,158,171,171,179,179,179,179,179,179,150,424,425,431,431,431,431,438,432,432,432,462,462,496,539,572,572,612,886,924,967,1014,1047,1088,1088,1136,814,814,0,0],"gold":667,"neow_bonus":"","is_daily":false,"chose_seed":false,"campfire_upgraded":7,"win_rate":0.0,"timestamp":1610173695,"path_taken":["M","?","?","M","?","E","?","M","T","R","?","M","E","E","R","BOSS","M","?","$","M","M","E","E","M","T","?","T","T","T","?","T","BOSS","?","?","T","T","?","E","?","?","T","?","T","E","?","?","T","BOSS","?","?","?","?","?","T","?","?","T","?"],"items_purchased_type":["Relic","Relic","Relic","Relic"],"build_version":"2020-12-22","purchased_purges":6,"victory":false,"max_hp_per_floor":[172,172,172,172,172,172,172,172,172,172,172,172,172,172,172,173,245,249,249,249,255,263,272,282,295,295,309,309,309,309,309,309,324,424,442,466,466,466,466,491,520,520,520,550,550,584,619,658,658,698,886,928,971,1016,1063,1115,1115,1168,814,814,814,814],"card_choices":[{"not_picked":["ats:Assault Order","ats:Thermite Blade"],"picked":"ats:Support Order","floor":1},{"not_picked":["ats:Nebulous Foxfire","ats:Revitalization","ats:Explosion Area Strengthen","ats:Automatic Cover"],"picked":"ats:Closed Bolt Burst Fire","floor":3},{"not_picked":["ats:Cat Scratch","ats:Assault Order","Bomb","ats:Ignite"],"picked":"ats:Volcano","floor":4},{"not_picked":["ats:Assault Order","ats:Childhood Dance","ats:Consecutive Shot Auto","ats:Apocalypse","ats:Hammer On"],"picked":"SKIP","floor":5},{"not_picked":["ats:Consecutive Shot Auto","ats:Composite Medical Shells","ats:Apocalypse","Bomb"],"picked":"ats:Soul Rend","floor":6},{"not_picked":["ats:Revitalization","ats:Shell Defense","ats:Childhood Dance","ats:Flexible Camouflage","ats:Powerful Strike"],"picked":"SKIP","floor":7},{"not_picked":["ats:Chain Hook","ats:Powerful Strike","ats:Leaping Hammer","ats:Poison Spread","ats:Steam Pump"],"picked":"SKIP","floor":8},{"not_picked":["ats:Explosion Area Strengthen","ats:Consecutive Shot Auto","ats:Wolf Pack","ats:Hammer On","ats:Sword Rain"],"picked":"SKIP","floor":12},{"not_picked":["ats:Revitalization","ats:Closed Bolt Burst Fire","ats:Disruption Kick","Bomb"],"picked":"ats:Charging Defense","floor":13},{"not_picked":["ats:Rapid Magazine","ats:Flexible Camouflage","ats:Childhood Dance","ats:Closed Bolt Burst Fire"],"picked":"ats:Song Of Battle","floor":14},{"not_picked":["ats:Soul Rend","ats:Durian","ats:Disruption Kick","ats:Calcification"],"picked":"ats:Shadow Assault","floor":16},{"not_picked":["ats:Assault Order+1","ats:Beaten Up+1","ats:Curse Doll","ats:Leaping Hammer","ats:Flexible Camouflage"],"picked":"SKIP","floor":18},{"not_picked":["ats:Childhood Dance","ats:Support Order","ats:Assault Order","ats:Leaping Hammer","ats:Automatic Cover+1"],"picked":"SKIP","floor":21},{"not_picked":["ats:Thermite Blade+1","ats:Explosion Area Strengthen+1","ats:Revitalization","ats:Hammer On","ats:Shell Defense"],"picked":"SKIP","floor":22},{"not_picked":["ats:Curse Doll","ats:Steam Pump","ats:Very Hot Blade","ats:Childhood Dance","ats:Healing Strengthening"],"picked":"SKIP","floor":23},{"not_picked":["ats:Beaten Up","ats:Sword Rain","ats:Flame Of Heaven+1","ats:Consecutive Shot Auto","ats:Ignite"],"picked":"SKIP","floor":24},{"not_picked":["ats:Spore Proliferation","ats:Powerful Strike","ats:Hammer On","ats:Shell Defense","ats:Assault Order+1"],"picked":"SKIP","floor":25},{"not_picked":["ats:Soul Rend","ats:Leaping Hammer","ats:Curse Doll","ats:Revitalization","ats:Burning Ground"],"picked":"SKIP","floor":27},{"not_picked":["ats:Rapid Magazine+1","ats:Sword Rain+1","ats:Apocalypse","ats:Assault Order+1"],"picked":"ats:Neurotoxin+1","floor":35},{"not_picked":["ats:Hammer On","ats:Defend Order+1","ats:Cat Scratch+1","ats:LN2 Cannon+1","ats:Consecutive Shot Auto"],"picked":"SKIP","floor":36},{"not_picked":["ats:Support Order","ats:Automatic Cover+1","ats:Chain Hook","ats:Shell Defense+1","ats:Healing Strengthening+1"],"picked":"SKIP","floor":40},{"not_picked":["ats:Charging Defense+1","ats:Closed Bolt Burst Fire","ats:Chain Hook+1","ats:Consecutive Shot Auto","ats:Apocalypse"],"picked":"SKIP","floor":41},{"not_picked":["ats:Ignite+1","ats:Poison Spread+1","ats:Explosion Area Strengthen+1","ats:Cat Scratch"],"picked":"ats:Soul Absorption+1","floor":42},{"not_picked":["ats:Hammer On+1","ats:Neurotoxin","ats:Leaping Hammer","ats:Wolf Pack","ats:Explosion Area Strengthen+1"],"picked":"SKIP","floor":44},{"not_picked":["ats:Powerful Strike","ats:Curse Doll+1","ats:Assault Order+1","ats:Poison Spread+1","ats:Ignite+1"],"picked":"SKIP","floor":46},{"not_picked":["ats:Thorns","ats:Powerful Strike+1","ats:Shell Defense","ats:Hammer On","ats:Consecutive Shot Auto+1"],"picked":"SKIP","floor":47},{"not_picked":["ats:Powerful Strike+1","ats:Healing Strengthening","ats:Curse Doll","ats:Apocalypse+1"],"picked":"ats:Rapid Magazine+1","floor":48},{"not_picked":["ats:Dogmatic Field","ats:Ambush","ats:Wolf Pack","ats:Calcification"],"picked":"ats:Roar Of Ursus","floor":50},{"not_picked":["ats:Poison Spread","ats:Collapsing Strike","ats:Overload","ats:Powerful Strike","ats:Counter Healing Mode"],"picked":"SKIP","floor":52},{"not_picked":["ats:Red Shift","ats:Poison Spread","ats:Steam Pump","ats:Collapsing Strike","ats:Apocalypse"],"picked":"SKIP","floor":53},{"not_picked":["ats:Echo Reverb","ats:Shell Defense","ats:Revitalization","ats:Powerful Strike","ats:Sunburst"],"picked":"SKIP","floor":54},{"not_picked":["ats:Part Time Job","ats:Cat Scratch","ats:Poison Spread","ats:Flexible Camouflage","ats:Powerful Strike"],"picked":"SKIP","floor":55},{"not_picked":["ats:Spore Proliferation","ats:Cat Scratch","ats:Consecutive Shot Auto","ats:Assault Order","ats:Mental Burst"],"picked":"SKIP","floor":56},{"not_picked":["ats:Apocalypse","ats:Explosion Area Strengthen","ats:Hook Shot","ats:Flexible Camouflage","ats:Wolf Pack"],"picked":"SKIP","floor":58},{"not_picked":["ats:Explosion Area Strengthen","ats:Childhood Dance","ats:Soul Absorption","ats:Shell Defense","ats:Powerful Strike"],"picked":"SKIP","floor":59}],"player_experience":263001,"relics_obtained":[{"floor":1,"key":"SynthV:TestCard"},{"floor":6,"key":"ats:Originium"},{"floor":6,"key":"Pantograph"},{"floor":9,"key":"Potion Belt"},{"floor":13,"key":"ats:Originium"},{"floor":13,"key":"Juzu Bracelet"},{"floor":14,"key":"ats:Originium"},{"floor":14,"key":"Civilization"},{"floor":23,"key":"Mirror"},{"floor":24,"key":"ats:Rhine Circuitry"},{"floor":26,"key":"Painkiller Herb"},{"floor":27,"key":"DemoMod:MeltedRock"},{"floor":40,"key":"ForgetMeNow"},{"floor":43,"key":"DemoMod:WaxWing"},{"floor":46,"key":"Garlic"},{"floor":52,"key":"Bottled Lightning"},{"floor":53,"key":"Blood Vial"},{"floor":54,"key":"Omamori"},{"floor":55,"key":"DemoMod:PoisonVial"},{"floor":56,"key":"Toy Ornithopter"},{"floor":58,"key":"Nunchaku"},{"floor":59,"key":"HollowMod:QueensCombRelic"},{"floor":59,"key":"TheBean"},{"floor":60,"key":"Prayer Wheel"}],"event_choices":[{"damage_healed":57,"gold_gain":0,"player_choice":"Banana","damage_taken":0,"max_hp_gain":0,"max_hp_loss":0,"event_name":"Big Fish","floor":11,"gold_loss":0},{"damage_healed":0,"gold_gain":0,"player_choice":"Read","damage_taken":0,"max_hp_gain":0,"max_hp_loss":0,"event_name":"The Library","floor":19,"gold_loss":0,"cards_obtained":["ats:Overload"]},{"damage_healed":0,"gold_gain":0,"player_choice":"Leave","damage_taken":0,"max_hp_gain":0,"max_hp_loss":0,"event_name":"conspire:Investor","floor":39,"gold_loss":0}],"is_beta":false,"boss_relics":[{"not_picked":["ats:Arts","Replay:PocketPolymizer"],"picked":"ClockworkSouvenir"},{"not_picked":[]},{"not_picked":["Singing Bowl","FixedStarFall"],"picked":"Strange Spoon"},{"not_picked":[]},{"not_picked":["vexMod:Cooldron","Bird Faced Urn"],"picked":"Durian"},{"not_picked":[]}],"items_purged_floors":[17,20,29,31,37,51],"is_endless":true,"potions_floor_spawned":[1,3,5,16,21,23,33,36,40,44,47,50,55,56,58],"killed_by":"2 Fungi Beasts","ascension_level":0}}