{"host":"yecadp3kwkksam5a","time":1610182903,"event":{"mods":["BaseMod","Minty Spire (QoL Compilation)","StSLib"],"gold_per_floor":[119,137,156,175,185,217,16,16,16,46,58,58,58,93,93,165,165,179,179,179,129,140,140,175,175,175,204,222,222,322,334,334,407,407,419,472,489,248,267,299,310,310,310,310,310,104,115,134,134,134,134,134,134,46,79,79],"floor_reached":57,"playtime":3271,"items_purged":["Quick Slash","Underhanded Strike","PiercingWail","Backflip","Prepared+1"],"score":3409,"play_id":"1d4937bc-63a1-4604-9052-9a19c744da64","local_time":"20210109180143","daily_mods":["Draft"],"is_ascension_mode":true,"campfire_choices":[{"data":"Tactician","floor":8.0,"key":"SMITH"},{"data":"Prepared","floor":12.0,"key":"SMITH"},{"data":"Calculated Gamble","floor":15.0,"key":"SMITH"},{"data":"Accuracy","floor":23,"key":"PURGE"},{"floor":25,"key":"RECALL"},{"data":"Underhanded Strike","floor":32,"key":"PURGE"},{"data":"Acrobatics","floor":42,"key":"SMITH"},{"data":"Prepared","floor":45,"key":"PURGE"},{"data":"Reflex","floor":49,"key":"SMITH"},{"data":"Escape Plan","floor":53,"key":"PURGE"}],"circlet_count":0,"master_deck":["AscendersBane","Tactician+1","PiercingWail","Acrobatics+1","PiercingWail","Calculated Gamble+1","Acrobatics","Grand Finale","Reflex+1"],"relics":["Ring of the Snake","Peace Pipe","Membership Card","Strawberry","Blood Vial","Meat on the Bone","Singing Bowl","HoveringKite","Mercury Hourglass","Bag of Preparation","FossilizedHelix","The Courier","Empty Cage","Tough Bandages","Pear","ClockworkSouvenir","Nunchaku","Torii","Anchor","TheAbacus","Vajra"],"acts_visited":["Exordium","TheCity","TheBeyond","TheEnding"],"potions_floor_usage":[56,56],"damage_taken":[{"damage":0.0,"enemies":"Jaw Worm","floor":1.0,"turns":1.0},{"damage":0.0,"enemies":"Small Slimes","floor":2.0,"turns":1.0},{"damage":0.0,"enemies":"Cultist","floor":3.0,"turns":3.0},{"damage":0.0,"enemies":"3 Louse","floor":4.0,"turns":3.0},{"damage":0.0,"enemies":"Large Slime","floor":5.0,"turns":4.0},{"damage":0.0,"enemies":"Lagavulin","floor":6.0,"turns":4.0},{"damage":24.0,"enemies":"3 Sentries","floor":10.0,"turns":7.0},{"damage":0.0,"enemies":"2 Fungi Beasts","floor":11.0,"turns":2.0},{"damage":0.0,"enemies":"Gremlin Nob","floor":14.0,"turns":2.0},{"damage":17.0,"enemies":"Slime Boss","floor":16.0,"turns":6.0},{"damage":0.0,"enemies":"3 Byrds","floor":18.0,"turns":2.0},{"damage":0,"enemies":"Spheric Guardian","floor":22,"turns":2},{"damage":0,"enemies":"Book of Stabbing","floor":24,"turns":2},{"damage":0,"enemies":"Slavers","floor":27,"turns":1},{"damage":0,"enemies":"Snake Plant","floor":28,"turns":1},{"damage":0,"enemies":"Colosseum Slavers","floor":30,"turns":1},{"damage":0,"enemies":"Colosseum Nobs","floor":30,"turns":1},{"damage":0,"enemies":"Snecko","floor":31,"turns":1},{"damage":0,"enemies":"Automaton","floor":33,"turns":1},{"damage":0,"enemies":"Orb Walker","floor":35,"turns":1},{"damage":0,"enemies":"2 Orb Walkers","floor":36,"turns":1},{"damage":0,"enemies":"3 Shapes","floor":37,"turns":1},{"damage":0,"enemies":"Writhing Mass","floor":39,"turns":1},{"damage":0,"enemies":"Reptomancer","floor":40,"turns":1},{"damage":0,"enemies":"3 Darklings","floor":41,"turns":1},{"damage":0,"enemies":"Maw","floor":47,"turns":1},{"damage":0,"enemies":"Transient","floor":48,"turns":1},{"damage":0,"enemies":"Time Eater","floor":50,"turns":3},{"damage":0,"enemies":"Awakened One","floor":51,"turns":2},{"damage":0,"enemies":"Shield and Spear","floor":55,"turns":1},{"damage":11,"enemies":"The Heart","floor":56,"turns":5}],"seed_played":"-7005278133252181993","potions_obtained":[{"floor":1.0,"key":"DistilledChaos"},{"floor":4.0,"key":"AttackPotion"},{"floor":6.0,"key":"AttackPotion"},{"floor":14.0,"key":"SneckoOil"},{"floor":22,"key":"ColorlessPotion"},{"floor":27,"key":"Block Potion"}],"is_trial":true,"path_per_floor":["M","M","M","M","M","E","$","R","T","E","M","R","?","E","R","B",null,"M","?","?","$","M","R","E","R","T","E","M","?","?","M","R","B",null,"M","?","M","$","M","E","M","R","T","?","R","$","M","M","R","B","B",null,"R","$","E","B",null],"character_chosen":"THE_SILENT","items_purchased":["Membership Card","Pear","ClockworkSouvenir","Anchor","TheAbacus"],"campfire_rested":0,"item_purchase_floors":[7,38,38,46,46],"current_hp_per_floor":[59,59,59,59,59,59,59,59,66,42,44,44,33,49,49,46,68,72,72,72,72,76,76,80,80,80,83,85,60,66,70,70,74,91,95,99,102,112,114,116,118,118,118,118,118,118,120,120,120,120,120,120,120,120,122,111],"gold":79,"neow_bonus":"","is_daily":false,"chose_seed":false,"campfire_upgraded":5,"win_rate":0.0,"timestamp":1610182903,"path_taken":["M","M","M","M","M","E","$","R","T","E","M","R","?","E","R","BOSS","M","?","?","$","?","R","E","R","T","E","M","?","?","M","R","BOSS","M","?","M","$","M","E","M","R","T","?","R","$","?","M","R","BOSS","BOSS","R","$","E","BOSS"],"items_purchased_type":["Relic","Relic","Relic","Relic","Relic"],"build_version":"2020-12-22","purchased_purges":5,"victory":true,"max_hp_per_floor":[66,66,66,66,66,66,66,66,73,73,73,73,73,75,75,75,75,77,77,77,77,79,79,81,81,81,83,85,90,92,94,94,96,96,98,100,102,112,114,116,118,118,118,118,118,118,120,120,120,120,120,120,120,120,122,122],"card_choices":[{"not_picked":["Outmaneuver","Deadly Poison"],"picked":"Prepared","floor":0.0},{"not_picked":["Outmaneuver","Catalyst"],"picked":"Underhanded Strike","floor":0.0},{"not_picked":["Deflect","Poisoned Stab"],"picked":"PiercingWail","floor":0.0},{"not_picked":["Sucker Punch","Heel Hook"],"picked":"Backflip","floor":0.0},{"not_picked":["Skewer","Outmaneuver"],"picked":"Quick Slash","floor":0.0},{"not_picked":["Cloak And Dagger","Setup"],"picked":"Escape Plan","floor":0.0},{"not_picked":["Backflip","Deadly Poison"],"picked":"Tactician","floor":0.0},{"not_picked":["Backflip","Flying Knee"],"picked":"PiercingWail","floor":0.0},{"not_picked":["Flying Knee","Quick Slash"],"picked":"Prepared","floor":0.0},{"not_picked":["Dagger Spray","Dodge and Roll"],"picked":"Accuracy","floor":0.0},{"not_picked":["Leg Sweep","Poisoned Stab"],"picked":"Backstab","floor":0.0},{"not_picked":["Backflip","Expertise"],"picked":"Acrobatics","floor":0.0},{"not_picked":["Underhanded Strike","Slice"],"picked":"PiercingWail","floor":0.0},{"not_picked":["Sucker Punch","Dagger Throw"],"picked":"Backstab","floor":0.0},{"not_picked":["Dodge and Roll","Quick Slash"],"picked":"Underhanded Strike","floor":0.0},{"not_picked":["Well Laid Plans","Flying Knee","Tactician"],"picked":"SKIP","floor":1.0},{"not_picked":["Finisher","Bane"],"picked":"Calculated Gamble","floor":2.0},{"not_picked":["Prepared","Catalyst"],"picked":"Acrobatics","floor":3.0},{"not_picked":["Heel Hook","Accuracy","Cloak And Dagger"],"picked":"SKIP","floor":4.0},{"not_picked":["Tactician","Cloak And Dagger","Dagger Spray"],"picked":"SKIP","floor":5.0},{"not_picked":["Skewer","Glass Knife","Escape Plan"],"picked":"SKIP","floor":6.0},{"not_picked":["Noxious Fumes","Poisoned Stab","Bane"],"picked":"SKIP","floor":10.0},{"not_picked":["Tactician","Calculated Gamble","Quick Slash"],"picked":"SKIP","floor":11.0},{"not_picked":["Footwork","Setup","Deflect"],"picked":"Singing Bowl","floor":14.0},{"not_picked":["Phantasmal Killer","Adrenaline"],"picked":"Grand Finale","floor":16.0},{"not_picked":["Poisoned Stab","Slice","Masterful Stab"],"picked":"Singing Bowl","floor":18.0},{"not_picked":["Quick Slash","Dagger Spray+1","PiercingWail"],"picked":"Singing Bowl","floor":22},{"not_picked":["All Out Attack","Distraction","Masterful Stab"],"picked":"Singing Bowl","floor":24},{"not_picked":["Caltrops","Outmaneuver","Concentrate"],"picked":"Singing Bowl","floor":27},{"not_picked":["Dagger Spray","Leg Sweep","Poisoned Stab"],"picked":"Singing Bowl","floor":28},{"not_picked":["Tactician","Backflip","Flying Knee"],"picked":"Singing Bowl","floor":30},{"not_picked":["Choke+1","Blade Dance","Flying Knee"],"picked":"Singing Bowl","floor":31},{"not_picked":["Night Terror","Die Die Die","Tools of the Trade"],"picked":"Singing Bowl","floor":33},{"not_picked":["Quick Slash","Cloak And Dagger","Sucker Punch"],"picked":"Singing Bowl","floor":35},{"not_picked":["Flechettes","Bane+1","Heel Hook"],"picked":"Singing Bowl","floor":36},{"not_picked":["Underhanded Strike+1","Cloak And Dagger","Leg Sweep+1"],"picked":"Singing Bowl","floor":37},{"not_picked":["Die Die Die","Outmaneuver+1","Dodge and Roll"],"picked":"Singing Bowl","floor":39},{"not_picked":["Cloak And Dagger+1","Accuracy+1","Eviscerate"],"picked":"Singing Bowl","floor":40},{"not_picked":["Bouncing Flask+1","Crippling Poison","Footwork"],"picked":"Singing Bowl","floor":41},{"not_picked":["All Out Attack","Blade Dance","Dodge and Roll"],"picked":"Singing Bowl","floor":47},{"not_picked":["Sucker Punch","Slice"],"picked":"Reflex","floor":48},{"not_picked":["Adrenaline","Blade Dance","Poisoned Stab"],"picked":"Singing Bowl","floor":55}],"player_experience":448118,"relics_obtained":[{"floor":6.0,"key":"Peace Pipe"},{"floor":9.0,"key":"Strawberry"},{"floor":10.0,"key":"Blood Vial"},{"floor":14.0,"key":"Singing Bowl"},{"floor":24,"key":"Mercury Hourglass"},{"floor":27,"key":"Bag of Preparation"},{"floor":30,"key":"FossilizedHelix"},{"floor":30,"key":"The Courier"},{"floor":36,"key":"Tough Bandages"},{"floor":40,"key":"Nunchaku"},{"floor":43,"key":"Torii"},{"floor":55,"key":"Vajra"}],"event_choices":[{"damage_healed":0.0,"max_hp_gain":0.0,"max_hp_loss":0.0,"gold_gain":0.0,"event_name":"Scrap Ooze","player_choice":"Success","floor":13.0,"gold_loss":0.0,"damage_taken":11.0,"relics_obtained":["Meat on the Bone"]},{"damage_healed":0.0,"max_hp_gain":0.0,"max_hp_loss":0.0,"gold_gain":0.0,"event_name":"The Library","player_choice":"Read","floor":19.0,"gold_loss":0.0,"damage_taken":0.0,"cards_obtained":["Footwork"]},{"damage_healed":0.0,"max_hp_gain":0.0,"max_hp_loss":0.0,"gold_gain":0.0,"event_name":"Match and Keep!","player_choice":"0 cards matched","floor":20.0,"gold_loss":0.0,"damage_taken":0.0,"cards_obtained":[]},{"damage_healed":0,"gold_gain":0,"player_choice":"Shed Blood","damage_taken":30,"max_hp_gain":5,"max_hp_loss":0,"event_name":"Forgotten Altar","floor":29,"gold_loss":0},{"damage_healed":0,"gold_gain":0,"player_choice":"Fight","damage_taken":0,"max_hp_gain":0,"max_hp_loss":0,"event_name":"Colosseum","floor":30,"gold_loss":0},{"damage_healed":0,"gold_gain":0,"player_choice":"Fought Nobs","damage_taken":0,"max_hp_gain":0,"max_hp_loss":0,"event_name":"Colosseum","floor":30,"gold_loss":0},{"damage_healed":0,"gold_gain":0,"player_choice":"Fight","damage_taken":0,"max_hp_gain":0,"max_hp_loss":0,"event_name":"Mysterious Sphere","floor":36,"gold_loss":0},{"cards_removed":["Footwork"],"damage_healed":0,"gold_gain":0,"player_choice":"Removed Power","damage_taken":0,"max_hp_gain":0,"max_hp_loss":0,"event_name":"Falling","floor":44,"gold_loss":0}],"is_beta":false,"boss_relics":[{"not_picked":["Busted Crown","WristBlade"],"picked":"HoveringKite"},{"not_picked":["Snecko Eye","Calling Bell"],"picked":"Empty Cage"}],"items_purged_floors":[7,21,38,46,54],"is_endless":false,"potions_floor_spawned":[1,4,5,6,14,22,27,30,30,33,36,40,47,55],"ascension_level":20}}