{"host":"9ndbo4kgsfoemf7y","time":1610183489,"event":{"mods":["AchievementEnabler","BaseMod","Colored Map","DeckTracker","Keyboard Shortcuts","Minty Spire (QoL Compilation)","Permanent Neow","Quick Restart","Relic Stats","StSLib","SuperFastMode"],"gold_per_floor":[116,116,116,129,146,146,180,105,130,130,130],"floor_reached":10,"playtime":191,"items_purged":["Defend_P"],"score":132,"play_id":"f83cd887-3f1f-45df-b192-3f714c02f12a","local_time":"20210109181129","is_ascension_mode":true,"campfire_choices":[{"data":"Eruption","floor":6,"key":"SMITH"}],"circlet_count":0,"master_deck":["AscendersBane","Strike_P","Strike_P","Strike_P","Strike_P+1","Defend_P","Defend_P","Defend_P","Eruption+1","Vigilance","ForeignInfluence","Indignation","Consecrate","Halt","FearNoEvil+1"],"relics":["Black Star","Pen Nib","Mummified Hand","Eternal Feather","Whetstone"],"acts_visited":["Exordium"],"potions_floor_usage":[4,7],"damage_taken":[{"damage":10,"enemies":"Cultist","floor":1,"turns":5},{"damage":0,"enemies":"Small Slimes","floor":4,"turns":1},{"damage":6,"enemies":"Jaw Worm","floor":5,"turns":3},{"damage":12,"enemies":"3 Sentries","floor":7,"turns":4},{"damage":23,"enemies":"Lagavulin","floor":10,"turns":2}],"seed_played":"-1658785748537976467","potions_obtained":[{"floor":1,"key":"Fire Potion"},{"floor":4,"key":"Block Potion"}],"is_trial":false,"path_per_floor":["M","?","?","M","M","R","E","$","T","E"],"character_chosen":"WATCHER","items_purchased":[],"campfire_rested":0,"item_purchase_floors":[],"current_hp_per_floor":[51,25,25,25,19,19,7,7,7,0,0],"gold":130,"neow_bonus":"BOSS_RELIC","is_daily":false,"chose_seed":false,"campfire_upgraded":1,"win_rate":0.0,"timestamp":1610183489,"path_taken":["M","?","?","M","?","R","E","$","T","E"],"items_purchased_type":[],"build_version":"2020-12-22","purchased_purges":1,"victory":false,"max_hp_per_floor":[68,68,68,68,68,68,68,68,68,68,68],"relic_stats":{"counters":[5,15],"Mummified Hand":[0],"Eternal Feather":0,"Pen Nib":[1],"Black Star":1,"Whetstone":["FearNoEvil","Strike_P"],"obtain_stats":[{"Mummified Hand":7,"Eternal Feather":7,"Pen Nib":2,"Black Star":0,"Whetstone":9,"PureWater":0},{"Mummified Hand":4,"Eternal Feather":4,"Pen Nib":1,"Black Star":0,"Whetstone":4,"PureWater":0},{"Mummified Hand":13,"Eternal Feather":13,"Pen Nib":5,"Black Star":0,"Whetstone":13,"PureWater":0}]},"card_choices":[{"not_picked":["CarveReality","SashWhip"],"picked":"ForeignInfluence","floor":1},{"not_picked":["Crescendo","CutThroughFate"],"picked":"Consecrate","floor":4},{"not_picked":["CarveReality","Weave"],"picked":"Halt","floor":5},{"not_picked":["CutThroughFate","TalkToTheHand"],"picked":"FearNoEvil","floor":7}],"player_experience":796933,"relics_obtained":[{"floor":7,"key":"Mummified Hand"},{"floor":7,"key":"Eternal Feather"},{"floor":9,"key":"Whetstone"}],"event_choices":[{"damage_healed":0,"gold_gain":0,"player_choice":"Success","damage_taken":26,"relics_obtained":["Pen Nib"],"max_hp_gain":0,"max_hp_loss":0,"event_name":"Scrap Ooze","floor":2,"gold_loss":0},{"damage_healed":0,"gold_gain":0,"player_choice":"1 cards matched","damage_taken":0,"max_hp_gain":0,"max_hp_loss":0,"event_name":"Match and Keep!","floor":3,"gold_loss":0,"cards_obtained":["Indignation"]}],"is_beta":false,"boss_relics":[],"items_purged_floors":[8],"is_endless":false,"potions_floor_spawned":[1,4],"killed_by":"Lagavulin","ascension_level":20}}