{"host":"Rich","time":1610224872,"event":{"mods":["AchievementEnabler","BaseMod","Highlight Path","Minty Spire (QoL Compilation)","Relic Stats"],"gold_per_floor":[115,115,12,12,12,48,48,87,136,13,57,80,114,138,138,228,228,252,252,302,322,21,21,48,48,48,48,73,108,123,123,123,214,214,214,214],"floor_reached":35,"playtime":1351,"items_purged":["Regret","Strike_G"],"score":948,"play_id":"bdfd3633-94a3-4a91-bc2d-1350ba5ebb18","local_time":"20210109154112","is_ascension_mode":true,"campfire_choices":[{"data":"Noxious Fumes","floor":7,"key":"SMITH"},{"data":"Bouncing Flask","floor":15,"key":"SMITH"},{"floor":23,"key":"REST"},{"floor":25,"key":"REST"},{"data":"Catalyst","floor":27,"key":"SMITH"},{"floor":32,"key":"REST"}],"circlet_count":0,"master_deck":["AscendersBane","Strike_G","Strike_G","Defend_G","Defend_G","Defend_G","Defend_G","Defend_G","Survivor","Neutralize","Skewer","Noxious Fumes+1","Leg Sweep","Bouncing Flask+1","Well Laid Plans","Setup","Caltrops","Escape Plan","Corpse Explosion","Dagger Spray+1","Catalyst+1","Dodge and Roll","Apotheosis","Blur","Die Die Die+1"],"relics":["Ring of the Snake","NeowsBlessing","MawBank","Golden Idol","Bottled Tornado","Lantern","Orichalcum","Bag of Marbles","Pocketwatch","Philosopher\u0027s Stone","Bag of Preparation","Eternal Feather","Molten Egg 2","Ancient Tea Set","Empty Cage"],"acts_visited":["Exordium","TheCity","TheBeyond"],"potions_floor_usage":[11,13,16,30,33],"damage_taken":[{"damage":0,"enemies":"Jaw Worm","floor":1,"turns":1},{"damage":0,"enemies":"3 Sentries","floor":6,"turns":2},{"damage":0,"enemies":"Gremlin Nob","floor":8,"turns":1},{"damage":9,"enemies":"3 Sentries","floor":11,"turns":6},{"damage":10,"enemies":"Small Slimes","floor":12,"turns":4},{"damage":12,"enemies":"Gremlin Nob","floor":13,"turns":4},{"damage":0,"enemies":"Cultist","floor":14,"turns":3},{"damage":12,"enemies":"The Guardian","floor":16,"turns":9},{"damage":15,"enemies":"Chosen","floor":18,"turns":5},{"damage":29,"enemies":"2 Thieves","floor":21,"turns":3},{"damage":0,"enemies":"Snake Plant","floor":28,"turns":3},{"damage":26,"enemies":"Book of Stabbing","floor":29,"turns":5},{"damage":13,"enemies":"Shelled Parasite and Fungi","floor":30,"turns":5},{"damage":25,"enemies":"Automaton","floor":33,"turns":10},{"damage":65,"enemies":"3 Shapes","floor":35,"turns":3}],"seed_played":"-5826309240939216295","potions_obtained":[{"floor":1,"key":"Explosive Potion"},{"floor":6,"key":"ColorlessPotion"},{"floor":12,"key":"CultistPotion"},{"floor":13,"key":"Ancient Potion"},{"floor":29,"key":"PowerPotion"},{"floor":30,"key":"Ancient Potion"},{"floor":33,"key":"Strength Potion"}],"is_trial":false,"path_per_floor":["M","?","$","?","?","E","R","E","T","$","E","M","E","M","R","B",null,"M","?","?","M","$","R","T","R","T","R","M","E","M","?","R","B",null,"M"],"character_chosen":"THE_SILENT","items_purchased":["Noxious Fumes","Bouncing Flask","Well Laid Plans","Apotheosis"],"campfire_rested":3,"item_purchase_floors":[3,10,10,22],"current_hp_per_floor":[59,59,59,59,59,59,59,59,59,59,50,40,28,28,28,16,49,34,34,34,5,5,23,23,41,41,53,53,27,14,14,47,22,51,0,0],"gold":214,"neow_bonus":"THREE_ENEMY_KILL","is_daily":false,"chose_seed":false,"campfire_upgraded":3,"win_rate":0.0,"timestamp":1610224872,"path_taken":["M","?","$","?","?","E","R","E","T","$","E","?","E","M","R","BOSS","M","?","?","M","$","R","?","R","T","R","M","E","M","?","R","BOSS","M"],"items_purchased_type":["Card","Card","Card","Card"],"build_version":"2020-12-18","purchased_purges":2,"victory":false,"max_hp_per_floor":[66,66,66,60,60,60,60,60,60,60,60,60,60,60,60,60,60,60,60,60,60,60,60,60,60,60,60,60,60,60,60,60,60,60,60,60],"relic_stats":{"counters":[15,64],"Golden Idol":101,"Eternal Feather":27,"Bag of Preparation":[10],"Orichalcum":[108],"MawBank":12,"obtain_stats":[{"Lantern":8,"NeowsBlessing":0,"Golden Idol":4,"Eternal Feather":26,"Bag of Preparation":24,"Bottled Tornado":6,"Orichalcum":9,"MawBank":2,"Ancient Tea Set":31,"Empty Cage":34,"Philosopher\u0027s Stone":17,"Molten Egg 2":29,"Bag of Marbles":11,"Ring of the Snake":0,"Pocketwatch":13},{"Lantern":3,"NeowsBlessing":0,"Golden Idol":1,"Eternal Feather":10,"Bag of Preparation":10,"Bottled Tornado":2,"Orichalcum":3,"MawBank":1,"Ancient Tea Set":13,"Empty Cage":14,"Philosopher\u0027s Stone":8,"Molten Egg 2":12,"Bag of Marbles":4,"Ring of the Snake":0,"Pocketwatch":6},{"Lantern":4,"NeowsBlessing":0,"Golden Idol":1,"Eternal Feather":38,"Bag of Preparation":38,"Bottled Tornado":3,"Orichalcum":4,"MawBank":1,"Ancient Tea Set":51,"Empty Cage":61,"Philosopher\u0027s Stone":30,"Molten Egg 2":46,"Bag of Marbles":10,"Ring of the Snake":0,"Pocketwatch":18}],"Ring of the Snake":[30],"Pocketwatch":[68]},"card_choices":[{"not_picked":["Flechettes","Predator"],"picked":"Skewer","floor":1},{"not_picked":["Tactician","Blade Dance","Dodge and Roll"],"picked":"SKIP","floor":6},{"not_picked":["Tactician","Blade Dance","Dodge and Roll"],"picked":"SKIP","floor":6},{"not_picked":["Choke","Dash"],"picked":"Leg Sweep","floor":8},{"not_picked":["Quick Slash","Eviscerate"],"picked":"Setup","floor":11},{"not_picked":["Distraction","Underhanded Strike"],"picked":"Caltrops","floor":12},{"not_picked":["Sucker Punch","Underhanded Strike"],"picked":"Escape Plan","floor":13},{"not_picked":["Well Laid Plans","Quick Slash","Flying Knee"],"picked":"SKIP","floor":14},{"not_picked":["Tools of the Trade","Burst"],"picked":"Corpse Explosion","floor":16},{"not_picked":["Distraction","Dagger Throw+1"],"picked":"Dagger Spray+1","floor":18},{"not_picked":["Dagger Spray","Slice"],"picked":"Dodge and Roll","floor":21},{"not_picked":["Slice","Quick Slash","Deflect"],"picked":"SKIP","floor":28},{"not_picked":["Accuracy","PiercingWail"],"picked":"Blur","floor":29},{"not_picked":["Dodge and Roll","Well Laid Plans+1","Riddle With Holes+1"],"picked":"SKIP","floor":30},{"not_picked":["Glass Knife+1","Unload+1"],"picked":"Die Die Die+1","floor":33}],"player_experience":1979712,"relics_obtained":[{"floor":6,"key":"Bottled Tornado"},{"floor":8,"key":"Lantern"},{"floor":9,"key":"Orichalcum"},{"floor":11,"key":"Bag of Marbles"},{"floor":13,"key":"Pocketwatch"},{"floor":24,"key":"Bag of Preparation"},{"floor":26,"key":"Eternal Feather"},{"floor":29,"key":"Molten Egg 2"}],"event_choices":[{"damage_healed":0,"gold_gain":0,"player_choice":"Box","damage_taken":0,"relics_obtained":["MawBank"],"max_hp_gain":0,"max_hp_loss":0,"event_name":"Big Fish","floor":2,"gold_loss":0,"cards_obtained":["Regret"]},{"damage_healed":0,"gold_gain":0,"player_choice":"Lose Max HP","damage_taken":0,"relics_obtained":["Golden Idol"],"max_hp_gain":0,"max_hp_loss":6,"event_name":"Golden Idol","floor":4,"gold_loss":0},{"cards_removed":["Strike_G"],"damage_healed":0,"gold_gain":0,"player_choice":"Purged","damage_taken":0,"max_hp_gain":0,"max_hp_loss":0,"event_name":"Purifier","floor":5,"gold_loss":0},{"damage_healed":0,"gold_gain":0,"player_choice":"Read","damage_taken":0,"max_hp_gain":0,"max_hp_loss":0,"event_name":"The Library","floor":19,"gold_loss":0,"cards_obtained":["Catalyst"]},{"damage_healed":0,"gold_gain":50,"player_choice":"Stole From Cult","damage_taken":0,"max_hp_gain":0,"max_hp_loss":0,"event_name":"Nest","floor":20,"gold_loss":0},{"damage_healed":0,"gold_gain":0,"player_choice":"Opened","damage_taken":0,"relics_obtained":["Ancient Tea Set"],"max_hp_gain":0,"max_hp_loss":0,"event_name":"The Mausoleum","floor":31,"gold_loss":0,"cards_obtained":["Writhe"]}],"is_beta":true,"boss_relics":[{"not_picked":["SlaversCollar","Sozu"],"picked":"Philosopher\u0027s Stone"},{"not_picked":["Black Star","Velvet Choker"],"picked":"Empty Cage"}],"items_purged_floors":[3,22],"is_endless":false,"potions_floor_spawned":[1,6,12,13,14,29,30,33],"killed_by":"3 Shapes","ascension_level":20}}