{"host":"zig6x0mxqzam82fb","time":1610150802,"event":{"mods":["BaseMod","Block Reminder","Colored Map","Colored Powertips","Marisa????????","Minty Spire (QoL Compilation)","Relic Stats","StSLib","The Cursed","The Marked","Waifu the Spire"],"gold_per_floor":[112,112,126,136,147,147,179,196,223,18,18,34,34,34,34,113,113,123,134,150,150,165,165,15,47,72,72,72,0,0,0,0,0,0],"floor_reached":33,"playtime":1773,"items_purged":["Strike_B"],"score":437,"play_id":"8f993e20-fa8f-40d0-868d-93d7240d917a","local_time":"20210108190642","is_ascension_mode":true,"campfire_choices":[{"data":"Chaos","floor":6,"key":"SMITH"},{"floor":11,"key":"REST"},{"floor":15,"key":"REST"},{"floor":23,"key":"REST"},{"floor":27,"key":"REST"},{"floor":32,"key":"REST"}],"circlet_count":0,"master_deck":["AscendersBane","Strike_B+1","Strike_B+1","Strike_B+1","Defend_B+1","Defend_B+1","Defend_B+1","Defend_B+1","Dualcast","Cold Snap","Chaos+1","Sunder","Consume","Genetic Algorithm","Electrodynamics","Lockon","Self Repair","Leap","Sweeping Beam","Parasite","Meteor Strike","Conserve Battery","Turbo","Aggregate","Rainbow","Hologram"],"relics":["FrozenCore","NeowsBlessing","Pocketwatch","Akabeko","Anchor","Oddly Smooth Stone","Tiny Chest"],"acts_visited":["Exordium","TheCity"],"potions_floor_usage":[25],"damage_taken":[{"damage":0,"enemies":"Small Slimes","floor":1,"turns":1},{"damage":0,"enemies":"Cultist","floor":3,"turns":1},{"damage":0,"enemies":"2 Louse","floor":4,"turns":1},{"damage":17,"enemies":"Looter","floor":5,"turns":3},{"damage":35,"enemies":"Lagavulin","floor":7,"turns":5},{"damage":11,"enemies":"Large Slime","floor":8,"turns":5},{"damage":8,"enemies":"Blue Slaver","floor":12,"turns":3},{"damage":14,"enemies":"The Guardian","floor":16,"turns":13},{"damage":20,"enemies":"Spheric Guardian","floor":18,"turns":7},{"damage":6,"enemies":"Chosen","floor":19,"turns":6},{"damage":26,"enemies":"Centurion and Healer","floor":20,"turns":7},{"damage":18,"enemies":"Shelled Parasite and Fungi","floor":22,"turns":9},{"damage":44,"enemies":"Slavers","floor":25,"turns":5},{"damage":54,"enemies":"Champ","floor":33,"turns":12}],"seed_played":"1889792001467997237","potions_obtained":[{"floor":7,"key":"PotionOfCapacity"},{"floor":8,"key":"FearPotion"}],"is_trial":false,"path_per_floor":["M","?","M","M","M","R","E","M","T","$","R","M","?","?","R","B",null,"M","M","M","?","M","R","$","E","T","R","?","?","?","?","R","B"],"character_chosen":"DEFECT","items_purchased":["Self Repair","Leap","Rainbow"],"campfire_rested":5,"item_purchase_floors":[10,10,24],"current_hp_per_floor":[68,68,68,68,51,51,16,5,5,5,27,26,26,44,66,59,71,58,59,40,40,29,51,51,14,14,36,36,36,22,22,46,0,0],"gold":0,"neow_bonus":"THREE_ENEMY_KILL","is_daily":false,"chose_seed":false,"campfire_upgraded":1,"win_rate":0.0,"timestamp":1610150802,"path_taken":["M","?","?","M","M","R","E","M","T","$","R","M","?","?","R","BOSS","M","M","M","?","M","R","$","E","T","R","?","?","?","?","R","BOSS"],"items_purchased_type":["Card","Card","Card"],"build_version":"2020-12-22","purchased_purges":1,"victory":false,"max_hp_per_floor":[75,75,75,75,75,75,75,75,75,75,75,75,75,75,75,75,75,75,75,75,75,75,75,75,75,75,75,75,75,80,80,80,80,80],"relic_stats":{"counters":[14,78],"Tiny Chest":0,"obtain_stats":[{"Anchor":25,"NeowsBlessing":0,"Oddly Smooth Stone":26,"Tiny Chest":31,"Cracked Core":0,"Akabeko":9,"Pocketwatch":7,"FrozenCore":17},{"Anchor":13,"NeowsBlessing":0,"Oddly Smooth Stone":13,"Tiny Chest":13,"Cracked Core":0,"Akabeko":6,"Pocketwatch":5,"FrozenCore":8},{"Anchor":66,"NeowsBlessing":0,"Oddly Smooth Stone":66,"Tiny Chest":66,"Cracked Core":0,"Akabeko":16,"Pocketwatch":11,"FrozenCore":32}],"FrozenCore":[11],"Pocketwatch":[138]},"card_choices":[{"not_picked":["Redo","Turbo"],"picked":"Cold Snap","floor":1},{"not_picked":["Consume","Sweeping Beam"],"picked":"Sunder","floor":3},{"not_picked":["Rebound","Heatsinks"],"picked":"Consume","floor":4},{"not_picked":["Leap","Hologram"],"picked":"Genetic Algorithm","floor":5},{"not_picked":["Coolheaded","Redo"],"picked":"Electrodynamics","floor":7},{"not_picked":["Consume","Darkness"],"picked":"Lockon","floor":8},{"not_picked":["Hello World","Gash"],"picked":"Sweeping Beam","floor":12},{"not_picked":["Machine Learning","Amplify"],"picked":"Meteor Strike","floor":16},{"not_picked":["Streamline","Leap"],"picked":"Conserve Battery","floor":18},{"not_picked":["Hologram","Consume"],"picked":"Turbo","floor":19},{"not_picked":["Steam","Rip and Tear"],"picked":"Aggregate","floor":20},{"not_picked":["Turbo","Gash"],"picked":"Sweeping Beam","floor":22},{"not_picked":["Compile Driver","Steam+1"],"picked":"Hologram","floor":25}],"player_experience":453532,"relics_obtained":[{"floor":7,"key":"Pocketwatch"},{"floor":9,"key":"Akabeko"},{"floor":25,"key":"Anchor"},{"floor":26,"key":"Oddly Smooth Stone"}],"event_choices":[{"damage_healed":0,"gold_gain":0,"cards_transformed":["Zap"],"player_choice":"Transformed","damage_taken":0,"max_hp_gain":0,"max_hp_loss":0,"event_name":"Transmorgrifier","floor":2,"gold_loss":0,"cards_obtained":["Chaos"]},{"damage_healed":0,"gold_gain":0,"player_choice":"Searched \u00270\u0027 times","damage_taken":0,"max_hp_gain":0,"max_hp_loss":0,"event_name":"Dead Adventurer","floor":13,"gold_loss":0},{"damage_healed":18,"gold_gain":0,"player_choice":"Healed and dodged fight","damage_taken":0,"max_hp_gain":0,"max_hp_loss":0,"event_name":"Mushrooms","floor":14,"gold_loss":0,"cards_obtained":["Parasite"]},{"damage_healed":0,"gold_gain":0,"player_choice":"Ignored","damage_taken":0,"max_hp_gain":0,"max_hp_loss":0,"event_name":"Ghosts","floor":21,"gold_loss":0},{"damage_healed":0,"gold_gain":0,"player_choice":"Simplicity","damage_taken":0,"max_hp_gain":0,"max_hp_loss":0,"event_name":"Back to Basics","floor":28,"gold_loss":0,"cards_upgraded":["Strike_B","Strike_B","Strike_B","Defend_B","Defend_B","Defend_B","Defend_B"]},{"damage_healed":0,"gold_gain":0,"player_choice":"Paid Fearfully","damage_taken":0,"max_hp_gain":0,"max_hp_loss":0,"event_name":"Masked Bandits","floor":29,"gold_loss":72},{"damage_healed":0,"gold_gain":0,"player_choice":"Shed Blood","damage_taken":19,"max_hp_gain":5,"max_hp_loss":0,"event_name":"Forgotten Altar","floor":30,"gold_loss":0},{"cards_removed":["Sweeping Beam"],"damage_healed":0,"gold_gain":0,"player_choice":"Gave Card","damage_taken":0,"relics_obtained":["Tiny Chest"],"max_hp_gain":0,"max_hp_loss":0,"event_name":"WeMeetAgain","floor":31,"gold_loss":0}],"is_beta":false,"boss_relics":[{"not_picked":["Tiny House","SacredBark"],"picked":"FrozenCore"}],"items_purged_floors":[10],"is_endless":false,"potions_floor_spawned":[7,8,16,20,22],"killed_by":"Champ","ascension_level":13}}