{"host":"n7ibbaht59lcm2b7","time":1610225394,"event":{"mods":["AchievementEnabler","Act Like it!","Ascension Unlocker","BaseMod","CapriCore","Challenge The Spire","Colored Map","Colored Powertips","Highlight Path","Marisa????????","Minty Spire (QoL Compilation)","Reimu??????","Replay The Spire","StSLib","The Jungle","everything is the same but u backflip on backflip","slay the spire mod where everything is the same but ironclad has a cowboy hat"],"gold_per_floor":[659,72,184,302,419,419,11,11,128,248,361,361,321,137,255,365,481,593],"floor_reached":19,"playtime":1407,"items_purged":["Strike_Lin:ReiMu","Strike_Lin:ReiMu","Strike_Lin:ReiMu"],"score":4633,"play_id":"1153573d-e743-4ed2-836b-4bf5723863fc","local_time":"20210109204954","daily_mods":["challengethespire:Gold Difficulty","challengethespire:Boss Rush","Uncertain Future"],"is_ascension_mode":true,"campfire_choices":[{"floor":8,"key":"REST"}],"circlet_count":0,"master_deck":["AscendersBane","Defend_Lin:ReiMu","Defend_Lin:ReiMu","Defend_Lin:ReiMu","Stagnation:ReiMu","SpreadBorder2:ReiMu+1","WonderfulDomain:ReiMu+1","Amulet:ReiMu+1","Mountainwind:ReiMu+1","LearningPray:ReiMu+1","Finesse+1","CareerPray:ReiMu+1","Panache+1","SealNeedle:ReiMu+1","SpreadBorder2:ReiMu+1","MikOfLucky:ReiMu+1","Revelation:ReiMu+1","CurseOfTheBell","Pot Of Greed+1","Pot Of Greed+1","ManaGlint:ReiMu+1","KamiSacrifice:ReiMu+1","Pot Of Greed+1","NineCharacters:ReiMu+1","FineLineFantasy:ReiMu+1","MikOfLucky:ReiMu+1","RainPray2:ReiMu+1","YinYangSange:ReiMu+1","Gathering:ReiMu+1","WonderfulDomain:ReiMu+1","Finesse+1","SpreadBorder2:ReiMu+1","SpreadBorder2:ReiMu+1","SpreadBorder2:ReiMu+1"],"relics":["FlyPower:ReiMu","The Courier","Molten Egg 2","Toxic Egg 2","Frozen Egg 2","Replay:Kaleidoscope","Simple Rune","Replay:Bottled Steam","Calling Bell","Grinning Jar","Letter Opener","Pondfish Scales","Lantern","Replay:Accelerometer","Bow_fan:ReiMu","Replay:Drink Me","Replay:Baseball","CrazyTorch:ReiMu","Mango","ReplayTheSpireMod:TigerMarble","Regal Pillow"],"acts_visited":["Exordium"],"potions_floor_usage":[17,18],"damage_taken":[{"damage":0,"enemies":"The Guardian","floor":3,"turns":13},{"damage":21,"enemies":"Hexaghost","floor":4,"turns":16},{"damage":3,"enemies":"Slime Boss","floor":5,"turns":6},{"damage":1,"enemies":"Automaton","floor":9,"turns":7},{"damage":0,"enemies":"Champ","floor":10,"turns":8},{"damage":17,"enemies":"Collector","floor":11,"turns":7},{"damage":0,"enemies":"Donu and Deca","floor":15,"turns":5},{"damage":0,"enemies":"Awakened One","floor":16,"turns":6},{"damage":0,"enemies":"Time Eater","floor":17,"turns":9},{"damage":0,"enemies":"The Heart","floor":18,"turns":8}],"seed_played":"4177896930054917610","potions_obtained":[{"floor":4,"key":"GrandPatriotsElixir:ReiMu"},{"floor":9,"key":"Dexterity Potion"},{"floor":16,"key":"Block Potion"},{"floor":18,"key":"LiquidBronze"}],"is_trial":true,"path_per_floor":["$","$","M","M","M","T","$","R","M","M","M","T","$","$","M","M","M","M",null],"character_chosen":"REIMU","items_purchased":["SpreadBorder2:ReiMu+1","WonderfulDomain:ReiMu+1","Amulet:ReiMu+1","Mountainwind:ReiMu+1","LearningPray:ReiMu+1","Finesse+1","CareerPray:ReiMu+1","Panache+1","SealNeedle:ReiMu+1","ManaGlint:ReiMu+1","KamiSacrifice:ReiMu+1","NineCharacters:ReiMu+1","FineLineFantasy:ReiMu+1","MikOfLucky:ReiMu+1","WonderfulDomain:ReiMu+1","Finesse+1","Replay:Baseball"],"campfire_rested":1,"item_purchase_floors":[1,2,2,2,2,2,2,2,2,7,7,7,7,7,13,14,14],"current_hp_per_floor":[54,54,54,33,30,30,30,48,47,47,30,30,30,30,30,44,44,44],"gold":593,"neow_bonus":"","is_daily":false,"chose_seed":false,"campfire_upgraded":0,"win_rate":0.0,"timestamp":1610225394,"path_taken":["$","$","M","M","M","T","$","R","M","M","M","T","$","$","M","M","M","M"],"items_purchased_type":["Card","Card","Card","Card","Card","Card","Card","Card","Card","Card","Card","Card","Card","Card","Card","Card","Relic"],"build_version":"2020-12-22","purchased_purges":3,"victory":true,"max_hp_per_floor":[60,60,60,60,60,60,60,60,60,60,60,45,45,45,45,59,59,59],"card_choices":[],"player_experience":1183843,"relics_obtained":[{"floor":3,"key":"Replay:Kaleidoscope"},{"floor":4,"key":"Simple Rune"},{"floor":5,"key":"Replay:Bottled Steam"},{"floor":6,"key":"Grinning Jar"},{"floor":6,"key":"Letter Opener"},{"floor":6,"key":"Pondfish Scales"},{"floor":9,"key":"Lantern"},{"floor":10,"key":"Replay:Accelerometer"},{"floor":11,"key":"Bow_fan:ReiMu"},{"floor":15,"key":"CrazyTorch:ReiMu"},{"floor":16,"key":"Mango"},{"floor":17,"key":"ReplayTheSpireMod:TigerMarble"},{"floor":18,"key":"Regal Pillow"}],"event_choices":[],"is_beta":false,"boss_relics":[{"not_picked":["Snecko Eye","Philosopher\u0027s Stone"],"picked":"Calling Bell"},{"not_picked":["Cursed Key","SlaversCollar"],"picked":"Replay:Drink Me"}],"items_purged_floors":[1,2,7],"is_endless":false,"potions_floor_spawned":[4,9,10,16,18],"ascension_level":15}}