{"host":"minbhrtlkaoly5f0","time":1610183480,"event":{"mods":["Act Like it!","BaseMod","Colored Map","Colored Powertips","Lobotomy","LobotomyExtend","Luminous","Minty Spire (QoL Compilation)","Quick Restart","StSLib"],"gold_per_floor":[113,113,113,137,62,62,62,62],"floor_reached":7,"playtime":223,"items_purged":["SpecialBullet"],"score":39,"play_id":"2a21367e-e5ca-42dd-b4a4-7033da340796","local_time":"20210109171120","is_ascension_mode":false,"campfire_choices":[],"circlet_count":0,"master_deck":["SpecialBullet","SpecialBullet","SpecialBullet","SpecialBullet","SpecialBullet","SpecialBullet","SecurityCode","InformationCode","CentralCode","UniverseFragment","SomewhereSpear","FairyFestival","BloodyDesire"],"relics":["CogitoBucket","War Paint","LetterFromLob","Golden Idol"],"acts_visited":["Exordium"],"potions_floor_usage":[],"damage_taken":[{"damage":7,"enemies":"2 Louse","floor":1,"turns":3},{"damage":7,"enemies":"Small Slimes","floor":4,"turns":3},{"damage":57,"enemies":"3 Sentries","floor":7,"turns":6}],"seed_played":"8220445569485719895","potions_obtained":[],"is_trial":false,"path_per_floor":["M","?","?","M","$","R","E"],"character_chosen":"Angela","items_purchased":[],"campfire_rested":0,"item_purchase_floors":[],"current_hp_per_floor":[70,53,53,54,54,54,0,0],"gold":62,"neow_bonus":"RANDOM_COMMON_RELIC","is_daily":false,"chose_seed":false,"campfire_upgraded":0,"win_rate":0.0,"timestamp":1610183480,"path_taken":["M","?","?","M","$","R","E"],"items_purchased_type":[],"build_version":"2020-12-22","purchased_purges":1,"victory":false,"max_hp_per_floor":[70,70,70,70,70,70,70,70],"card_choices":[{"not_picked":["Murderer","OSAHOGD"],"picked":"UniverseFragment","floor":1},{"not_picked":["Noise"],"picked":"SomewhereSpear","floor":1},{"not_picked":["BeautyBeast","Freischutz"],"picked":"FairyFestival","floor":4},{"not_picked":["RedEyes"],"picked":"BloodyDesire","floor":4}],"player_experience":27541,"relics_obtained":[{"floor":1,"key":"LetterFromLob"}],"event_choices":[{"damage_healed":0,"gold_gain":0,"player_choice":"Take Damage","damage_taken":17,"relics_obtained":["Golden Idol"],"max_hp_gain":0,"max_hp_loss":0,"event_name":"Golden Idol","floor":2,"gold_loss":0},{"cards_removed":["SpecialBullet"],"damage_healed":0,"gold_gain":0,"player_choice":"Forget","damage_taken":0,"max_hp_gain":0,"max_hp_loss":0,"event_name":"Living Wall","floor":3,"gold_loss":0}],"is_beta":false,"boss_relics":[],"items_purged_floors":[5],"is_endless":false,"potions_floor_spawned":[],"killed_by":"3 Sentries","ascension_level":0}}