{"host":"6ld56ls1xbe0aj21","time":1610166234,"event":{"mods":["AchievementEnabler","BaseMod","Colored Powertips","Minty Spire (QoL Compilation)","Quick Restart","Rare Cards Sparkle","StSLib","SuperFastMode","everything is the same but u backflip on backflip","slay the spire mod where everything is the same but ironclad has a cowboy hat"],"gold_per_floor":[12,12,187,207,221,221,257,284,284,284,328,328,18,39,39,132,132,148,164,164,164,183,183,183,227,227,278,310,353,390,79,79,174,174,194,215,69,90,90,130,130,130,130,161,205,64,64,102,102,102,102,102,32,70,70,70],"floor_reached":55,"playtime":1586,"items_purged":["Doubt"],"score":1492,"play_id":"0c98cacc-1dd6-424c-bbbb-255f734a1b79","local_time":"20210109152354","is_ascension_mode":true,"campfire_choices":[{"data":"Whirlwind","floor":6.0,"key":"SMITH"},{"data":"Berserk","floor":10.0,"key":"SMITH"},{"data":"Flame Barrier","floor":12.0,"key":"SMITH"},{"data":"Bash","floor":15.0,"key":"SMITH"},{"floor":23.0,"key":"REST"},{"data":"Limit Break","floor":32.0,"key":"SMITH"},{"floor":42.0,"key":"RECALL"},{"data":"Limit Break","floor":49,"key":"SMITH"},{"data":"Shockwave","floor":52,"key":"SMITH"}],"circlet_count":0,"master_deck":["AscendersBane","Defend_R","Defend_R","Defend_R","Defend_R","Bash+1","Offering","Flame Barrier+1","Whirlwind+1","Berserk+1","Limit Break+1","Havoc+1","Burning Pact+1","Second Wind","Bite","Bite","Bite","Bite","Whirlwind","Limit Break+1","Shockwave+1","Impervious","Madness","Madness","Headbutt+1","Warcry","Double Tap","Dark Shackles","Offering","Sword Boomerang"],"relics":["Black Blood","Golden Idol","Whetstone","Juzu Bracelet","Bottled Tornado","PreservedInsect","Brimstone","Akabeko","WingedGreaves","MutagenicStrength","Letter Opener","MawBank","Self Forming Clay","Red Mask","ClockworkSouvenir","Snecko Eye","Anchor","Happy Flower","Magic Flower","Omamori","Bag of Marbles","Boot"],"acts_visited":["Exordium","TheCity","TheBeyond","TheEnding"],"potions_floor_usage":[50],"damage_taken":[{"damage":0.0,"enemies":"Small Slimes","floor":1.0,"turns":3.0},{"damage":6.0,"enemies":"Jaw Worm","floor":4.0,"turns":3.0},{"damage":15.0,"enemies":"2 Louse","floor":5.0,"turns":3.0},{"damage":11.0,"enemies":"3 Sentries","floor":7.0,"turns":2.0},{"damage":9.0,"enemies":"Lagavulin","floor":11.0,"turns":7.0},{"damage":0.0,"enemies":"Looter","floor":14.0,"turns":2.0},{"damage":32.0,"enemies":"The Guardian","floor":16.0,"turns":7.0},{"damage":30.0,"enemies":"2 Thieves","floor":18.0,"turns":3.0},{"damage":37.0,"enemies":"Shell Parasite","floor":19.0,"turns":5.0},{"damage":17.0,"enemies":"3 Cultists","floor":22.0,"turns":3.0},{"damage":16.0,"enemies":"Book of Stabbing","floor":25.0,"turns":2.0},{"damage":0.0,"enemies":"Slavers","floor":27.0,"turns":1.0},{"damage":29.0,"enemies":"Snake Plant","floor":28.0,"turns":3.0},{"damage":0.0,"enemies":"Masked Bandits","floor":29.0,"turns":1.0},{"damage":20.0,"enemies":"Snecko","floor":30.0,"turns":4.0},{"damage":42.0,"enemies":"Champ","floor":33.0,"turns":4.0},{"damage":24.0,"enemies":"3 Shapes","floor":35.0,"turns":1.0},{"damage":6.0,"enemies":"3 Darklings","floor":36.0,"turns":1.0},{"damage":20.0,"enemies":"Spire Growth","floor":38.0,"turns":3.0},{"damage":0.0,"enemies":"Giant Head","floor":40.0,"turns":4.0},{"damage":25.0,"enemies":"Mind Bloom Boss Battle","floor":44.0,"turns":3.0},{"damage":6.0,"enemies":"Nemesis","floor":45.0,"turns":3.0},{"damage":6,"enemies":"Giant Head","floor":48,"turns":3},{"damage":27,"enemies":"Donu and Deca","floor":50,"turns":5},{"damage":6,"enemies":"Shield and Spear","floor":54,"turns":2},{"damage":85,"enemies":"The Heart","floor":55,"turns":3}],"seed_played":"8670919821201498579","potions_obtained":[{"floor":5.0,"key":"Strength Potion"},{"floor":7.0,"key":"PowerPotion"},{"floor":11.0,"key":"Weak Potion"},{"floor":22.0,"key":"ColorlessPotion"},{"floor":27.0,"key":"Dexterity Potion"},{"floor":29.0,"key":"DuplicationPotion"},{"floor":30.0,"key":"SteroidPotion"},{"floor":33.0,"key":"BlessingOfTheForge"},{"floor":36.0,"key":"SkillPotion"},{"floor":40.0,"key":"ColorlessPotion"},{"floor":44.0,"key":"Swift Potion"}],"is_trial":false,"path_per_floor":["M","?","?","M","M","R","E","T","T","R","E","R","$","M","R","B",null,"M","M","?","?","M","R","?","E","T","E","M","?","M","$","R","B",null,"M","M","$","M","?","E","?","R","T","?","E","$","?","E","R","B",null,"R","$","E","B"],"character_chosen":"IRONCLAD","items_purchased":["Brimstone","Akabeko","ClockworkSouvenir","FairyPotion","Anchor","Double Tap","Offering"],"campfire_rested":1,"item_purchase_floors":[13,13,31,31,37,46,53],"current_hp_per_floor":[78,58,58,58,49,49,44,44,44,44,41,41,41,47,47,21,65,47,22,22,22,17,41,41,41,41,53,41,53,51,51,51,23,48,36,42,42,38,38,56,49,49,49,40,55,55,55,56,56,56,56,56,56,56,0,0],"gold":70,"neow_bonus":"THREE_RARE_CARDS","is_daily":false,"chose_seed":false,"campfire_upgraded":7,"win_rate":0.0,"timestamp":1610166234,"path_taken":["M","?","?","M","M","R","E","?","T","R","E","R","$","M","R","BOSS","M","M","?","?","M","R","?","E","T","E","M","?","M","$","R","BOSS","M","M","$","M","?","E","?","R","T","?","E","$","?","E","R","BOSS","R","$","E","BOSS"],"items_purchased_type":["Relic","Relic","Relic","Potion","Relic","Card","Card"],"build_version":"2020-12-22","purchased_purges":1,"victory":false,"max_hp_per_floor":[80,80,80,80,80,80,80,80,80,80,80,80,80,80,80,80,80,80,80,80,80,80,80,56,56,56,56,56,56,56,56,56,56,56,56,56,56,56,56,56,56,56,56,56,56,56,56,56,56,56,56,56,56,56,56,56],"card_choices":[{"not_picked":["Feed","Double Tap"],"picked":"Offering","floor":0.0},{"not_picked":["Pommel Strike","Havoc"],"picked":"Flame Barrier","floor":1.0},{"not_picked":["Heavy Blade","Perfected Strike"],"picked":"Whirlwind","floor":4.0},{"not_picked":["Whirlwind","Havoc","Second Wind"],"picked":"SKIP","floor":5.0},{"not_picked":["Sentinel","Shrug It Off"],"picked":"Berserk","floor":7.0},{"not_picked":["Wild Strike","Clash","Cleave"],"picked":"SKIP","floor":11.0},{"not_picked":["Anger","Dropkick","Hemokinesis"],"picked":"SKIP","floor":14.0},{"not_picked":["Impervious","Demon Form"],"picked":"Limit Break","floor":16.0},{"not_picked":["Perfected Strike","Sever Soul"],"picked":"Havoc+1","floor":18.0},{"not_picked":["Dual Wield","Flex"],"picked":"Burning Pact+1","floor":19.0},{"not_picked":["Entrench","True Grit"],"picked":"Second Wind","floor":22.0},{"not_picked":["Body Slam","Clothesline","Perfected Strike"],"picked":"SKIP","floor":25.0},{"not_picked":["Thunderclap","Cleave"],"picked":"Whirlwind","floor":27.0},{"not_picked":["Clash","Burning Pact","Body Slam"],"picked":"SKIP","floor":28.0},{"not_picked":["Entrench","Carnage","Hemokinesis"],"picked":"SKIP","floor":30.0},{"not_picked":["Feed","Double Tap"],"picked":"Limit Break","floor":33.0},{"not_picked":["Iron Wave","True Grit"],"picked":"Shockwave","floor":35.0},{"not_picked":["Pommel Strike","Infernal Blade","Rage"],"picked":"SKIP","floor":36.0},{"not_picked":["Iron Wave","Seeing Red","Clash"],"picked":"SKIP","floor":38.0},{"not_picked":["Juggernaut","Dual Wield"],"picked":"Impervious","floor":40.0},{"not_picked":["Reckless Charge","Inflame"],"picked":"Headbutt+1","floor":44.0},{"not_picked":["Spot Weakness","Infernal Blade"],"picked":"Warcry","floor":45.0},{"not_picked":["Panacea","Swift Strike"],"picked":"Dark Shackles","floor":47.0},{"not_picked":["True Grit","Body Slam+1","Inflame"],"picked":"SKIP","floor":48},{"not_picked":["Anger","Spot Weakness"],"picked":"Sword Boomerang","floor":54}],"player_experience":304690,"relics_obtained":[{"floor":7.0,"key":"Whetstone"},{"floor":8.0,"key":"Juzu Bracelet"},{"floor":9.0,"key":"Bottled Tornado"},{"floor":11.0,"key":"PreservedInsect"},{"floor":25.0,"key":"Letter Opener"},{"floor":26.0,"key":"MawBank"},{"floor":27.0,"key":"Self Forming Clay"},{"floor":29.0,"key":"Red Mask"},{"floor":40.0,"key":"Happy Flower"},{"floor":44.0,"key":"Magic Flower"},{"floor":45.0,"key":"Omamori"},{"floor":48,"key":"Bag of Marbles"},{"floor":54,"key":"Boot"}],"event_choices":[{"damage_healed":0.0,"max_hp_gain":0.0,"max_hp_loss":0.0,"gold_gain":0.0,"event_name":"Golden Idol","player_choice":"Take Damage","floor":2.0,"gold_loss":0.0,"damage_taken":20.0,"relics_obtained":["Golden Idol"]},{"damage_healed":0.0,"max_hp_gain":0.0,"max_hp_loss":0.0,"gold_gain":175.0,"event_name":"Liars Game","player_choice":"AGREE","floor":3.0,"gold_loss":0.0,"damage_taken":0.0,"cards_obtained":["Doubt"]},{"damage_healed":0.0,"max_hp_gain":0.0,"max_hp_loss":0.0,"gold_gain":0.0,"event_name":"The Mausoleum","player_choice":"Opened","floor":20.0,"gold_loss":0.0,"damage_taken":0.0,"relics_obtained":["WingedGreaves"]},{"damage_healed":0.0,"max_hp_gain":0.0,"max_hp_loss":0.0,"gold_gain":0.0,"event_name":"Drug Dealer","player_choice":"Inject Mutagens","floor":21.0,"gold_loss":0.0,"damage_taken":0.0,"relics_obtained":["MutagenicStrength"]},{"damage_healed":0.0,"max_hp_gain":0.0,"max_hp_loss":24.0,"gold_gain":0.0,"event_name":"Vampires","player_choice":"Became a vampire","floor":24.0,"gold_loss":0.0,"damage_taken":0.0,"cards_obtained":["Bite","Bite","Bite","Bite","Bite"]},{"damage_healed":0.0,"max_hp_gain":0.0,"max_hp_loss":0.0,"gold_gain":0.0,"event_name":"Masked Bandits","player_choice":"Fought Bandits","floor":29.0,"gold_loss":0.0,"damage_taken":0.0},{"cards_removed":["Bite"],"damage_healed":0.0,"max_hp_gain":0.0,"max_hp_loss":0.0,"gold_gain":0.0,"event_name":"Falling","player_choice":"Removed Attack","floor":39.0,"gold_loss":0.0,"damage_taken":0.0},{"damage_healed":0.0,"max_hp_gain":0.0,"max_hp_loss":0.0,"gold_gain":0.0,"event_name":"Winding Halls","player_choice":"Embrace Madness","floor":41.0,"gold_loss":0.0,"damage_taken":7.0,"cards_obtained":["Madness","Madness"]},{"damage_healed":0.0,"max_hp_gain":0.0,"max_hp_loss":0.0,"gold_gain":0.0,"event_name":"MindBloom","player_choice":"Fight","floor":44.0,"gold_loss":0.0,"damage_taken":0.0},{"damage_healed":0.0,"max_hp_gain":0.0,"max_hp_loss":0.0,"gold_gain":0.0,"event_name":"SensoryStone","player_choice":"Memory 1","floor":47.0,"gold_loss":0.0,"damage_taken":0.0}],"is_beta":false,"boss_relics":[{"not_picked":["Cursed Key","Mark of Pain"],"picked":"Black Blood"},{"not_picked":["Fusion Hammer","Runic Cube"],"picked":"Snecko Eye"}],"items_purged_floors":[31],"is_endless":false,"potions_floor_spawned":[5,7,11,22,27,29,30,33,36,40,44],"killed_by":"The Heart","ascension_level":13}}