{"host":"wfw98t7jgon78lbv","time":1610188012,"event":{"mods":["AchievementEnabler","Act Like it!","Ascension Reborn","BaseMod","Better Altar","Better Match","Better Note","Better Sensory Stone","Better Skull","Better Vampires","BetterRewards","Block Reminder","Challenge The Spire","Colored Map","Colored Powertips","Conspire","DeckTracker","Defuse TimeMaze Blight","Elementarium","Energized Spire","Exacting","Friendly Minions","GifTheSpireLib","Gremlin Skip","Halation","Hallownest","Highlight Path","Hubris","Infinite Spire","Marisa????????","Minty Spire (QoL Compilation)","Permanent Neow","Quick Restart","Random Character Button","RatMod","Replay The Spire","Reworked Bosses","Shop Mod","Small Relic Pack","Spicy Shops","Spikes Relics","StSLib","SuperFastMode","Synergy Search","The Runesmith","The Wild Card","vexMod","????"],"gold_per_floor":[117,44,44,62,77,104,104,154,154,154,164,164,164,183,183,280,280,295,309,309,309,309],"floor_reached":21,"playtime":3054,"items_purged":[],"score":239,"play_id":"a0ef80d5-41f4-43f9-b1e7-1ec960194848","local_time":"20210109042652","daily_mods":["SealedDeck"],"is_ascension_mode":false,"campfire_choices":[{"data":"Runesmith:Permafrost","floor":7.0,"key":"SMITH"},{"data":"Runesmith:CreatorForm","floor":12.0,"key":"SMITH"}],"circlet_count":0,"master_deck":["Runesmith:HammerThrow","Runesmith:Permafrost+1","Runesmith:EarthShield","Runesmith:CraftProtectio","Runesmith:ElementalConversion","Runesmith:BackupBattery","Runesmith:CraftMagma","Runesmith:CraftMagma+1","Runesmith:ChiselStab","Runesmith:HammerThrow","Runesmith:Terraform","Runesmith:ShiftingStrike","Runesmith:CraftReservo","Runesmith:WhiteBalance","Runesmith:CreatorForm+1","Runesmith:UnlimitedPower"],"relics":["Runesmith:BrokenRuby","Cauldron","halation:OrihimeAndHikoboshiSamaAndTears","hubris:SlimyHat","WingedGreaves","Centennial Puzzle","hubris:Backtick","halation:PenCase","conspire:DecoderRing"],"acts_visited":["Exordium","Exordium"],"potions_floor_usage":[],"damage_taken":[{"damage":0.0,"enemies":"Small Slimes","floor":1.0,"turns":3.0},{"damage":0.0,"enemies":"Jaw Worm","floor":4.0,"turns":4.0},{"damage":2.0,"enemies":"Cultist","floor":5.0,"turns":4.0},{"damage":2.0,"enemies":"Gremlin Nob","floor":6.0,"turns":3.0},{"damage":0.0,"enemies":"Lagavulin","floor":8.0,"turns":6.0},{"damage":25.0,"enemies":"3 Louse","floor":11.0,"turns":3.0},{"damage":3.0,"enemies":"conspire:2 RoseBushes","floor":14.0,"turns":5.0},{"damage":24.0,"enemies":"Fading Forest","floor":16.0,"turns":11.0},{"damage":11.0,"enemies":"Hallownest:Flukemon_and_Top","floor":18.0,"turns":5.0},{"damage":50.0,"enemies":"Hallownest:3_Youths","floor":19.0,"turns":7.0},{"damage":0,"enemies":"Hallownest:Glutton_and_Coward","floor":21,"turns":1}],"seed_played":"-3153599352925494044","potions_obtained":[{"floor":2.0,"key":"Strength Potion"},{"floor":2.0,"key":"Weak Potion"},{"floor":2.0,"key":"DuplicationPotion"},{"floor":6.0,"key":"EssenceOfSteel"},{"floor":11.0,"key":"SkillPotion"},{"floor":16.0,"key":"Strength Potion"},{"floor":18.0,"key":"EssenceOfSteel"},{"floor":19.0,"key":"Flashbang"}],"is_trial":true,"path_per_floor":["M","$","?","M","M","E","R","E","T","?","M","R","?","M","R_BF","B",null,"M","M","AVR","M"],"character_chosen":"RUNESMITH_CLASS","items_purchased":["Cauldron"],"campfire_rested":0,"item_purchase_floors":[2],"current_hp_per_floor":[70,70,70,70,68,66,66,66,66,66,41,41,41,38,59,45,70,59,9,9,9,9],"gold":309,"neow_bonus":"","is_daily":false,"chose_seed":false,"campfire_upgraded":2,"win_rate":0.0,"timestamp":1610188012,"path_taken":["M","$","?","M","M","E","R","E","T","?","?","R","?","M","R_BF","BOSS","M","M","AVR","M"],"items_purchased_type":["Relic"],"build_version":"2020-12-22","purchased_purges":0,"victory":false,"max_hp_per_floor":[70,70,70,70,70,70,70,70,70,70,70,70,70,70,70,70,70,70,70,70,70,70],"card_choices":[{"not_picked":["Runesmith:FrozenChisel","Runesmith:Discharge"],"picked":"Runesmith:Terraform","floor":1.0},{"not_picked":["Runesmith:CraftVitae","Runesmith:NegativeSpace"],"picked":"Runesmith:ShiftingStrike","floor":4.0},{"not_picked":["Runesmith:HeatedChisel","Runesmith:ShiftingStrike"],"picked":"Runesmith:CraftReservo","floor":5.0},{"not_picked":["Runesmith:HeatExchange","Runesmith:BackupBattery"],"picked":"Runesmith:WhiteBalance","floor":6.0},{"not_picked":["Runesmith:CraftMagma","Runesmith:ShiftingStrike"],"picked":"Runesmith:CreatorForm","floor":8.0},{"not_picked":["Runesmith:Repurpose","Runesmith:HammerThrow","Runesmith:ElementalConversion"],"picked":"SKIP","floor":11.0},{"not_picked":["Runesmith:ShiftingStrike","Runesmith:RunicBlueprint","Runesmith:Malloc"],"picked":"SKIP","floor":14.0},{"not_picked":["Runesmith:CraftIndustria","Runesmith:Supernova"],"picked":"Runesmith:UnlimitedPower","floor":16.0},{"not_picked":["Runesmith:ShiftingStrike","Runesmith:Grindstone","Runesmith:BackupBattery"],"picked":"SKIP","floor":18.0},{"not_picked":["Runesmith:Superposition+1","Runesmith:CraftMagma","Runesmith:ElementalConversion"],"picked":"SKIP","floor":19.0}],"player_experience":545657,"relics_obtained":[{"floor":3.0,"key":"halation:OrihimeAndHikoboshiSamaAndTears"},{"floor":6.0,"key":"hubris:SlimyHat"},{"floor":8.0,"key":"WingedGreaves"},{"floor":9.0,"key":"Centennial Puzzle"}],"event_choices":[{"damage_healed":0.0,"max_hp_gain":0.0,"max_hp_loss":0.0,"gold_gain":0.0,"event_name":"betterNote:BetterNote","player_choice":"Ignored","floor":10.0,"gold_loss":0.0,"damage_taken":0.0,"cards_obtained":["Iron Wave"]},{"damage_healed":0.0,"max_hp_gain":0.0,"max_hp_loss":0.0,"gold_gain":0.0,"event_name":"Golden Wing","player_choice":"Ignored","floor":13.0,"gold_loss":0.0,"damage_taken":0.0}],"is_beta":false,"boss_relics":[{"not_picked":["CosmicIsotope","Snecko Heart"],"picked":"hubris:Backtick"}],"items_purged_floors":[],"is_endless":false,"potions_floor_spawned":[6,11,16,18],"killed_by":"Hallownest:Glutton_and_Coward","ascension_level":0}}