{"host":"2se5dq1do2gp0x9k","time":1610176309,"event":{"mods":["AchievementEnabler","BaseMod","Block Reminder","Colored Map","Colored Powertips","Minty Spire (QoL Compilation)","Relic Stats","StSLib","SuperFastMode"],"gold_per_floor":[138,189,248,286,340,387,387,415,415,488,154,154,154,198,198,272,272,335,351,369,644,656,656,712,212,212,212,227,247,247,33,33,112,112,153,167,180,205,247,247,277,277,277,317,317,317,359,384,384,384,384],"floor_reached":50,"playtime":2638,"items_purged":["Defend_P","Regret","Strike_P"],"score":1080,"play_id":"cbe34477-4402-4a84-bda3-37439a74b7ee","local_time":"20210108231149","is_ascension_mode":true,"campfire_choices":[{"floor":7.0,"key":"REST"},{"data":"Apotheosis","floor":12.0,"key":"SMITH"},{"data":"1","floor":15.0,"key":"LIFT"},{"data":"2","floor":23.0,"key":"LIFT"},{"floor":27.0,"key":"REST"},{"floor":30.0,"key":"REST"},{"data":"3","floor":32.0,"key":"LIFT"},{"floor":40.0,"key":"REST"},{"floor":42.0,"key":"REST"},{"floor":45.0,"key":"REST"},{"floor":49,"key":"REST"}],"circlet_count":0,"master_deck":["AscendersBane","Eruption","Vigilance","HandOfGreed","CutThroughFate","Evaluate","Evaluate","BowlingBash","CutThroughFate","Evaluate","Judgement","Apotheosis+1","Evaluate","ClearTheMind","DeusExMachina","Collect","Tantrum","TalkToTheHand","CutThroughFate+1","TalkToTheHand","Blasphemy","Ragnarok","Weave+1","Judgement+1","Ragnarok+1","Crescendo","CutThroughFate+1","Crescendo+1","InnerPeace+1","Tantrum","Weave","InnerPeace","CutThroughFate"],"relics":["PureWater","Girya","The Courier","Yang","Matryoshka","Lee\u0027s Waffle","Empty Cage","InkBottle","Bag of Marbles","White Beast Statue","Sundial","Question Card","Astrolabe","Bird Faced Urn","Frozen Egg 2","Mummified Hand","Pantograph","CeramicFish","StrikeDummy"],"acts_visited":["Exordium","TheCity","TheBeyond"],"potions_floor_usage":[50],"damage_taken":[{"damage":0.0,"enemies":"Cultist","floor":1.0,"turns":2.0},{"damage":2.0,"enemies":"2 Louse","floor":2.0,"turns":4.0},{"damage":0.0,"enemies":"Small Slimes","floor":3.0,"turns":3.0},{"damage":0.0,"enemies":"Red Slaver","floor":4.0,"turns":3.0},{"damage":25.0,"enemies":"Gremlin Gang","floor":5.0,"turns":5.0},{"damage":7.0,"enemies":"3 Sentries","floor":6.0,"turns":9.0},{"damage":8.0,"enemies":"Gremlin Nob","floor":8.0,"turns":3.0},{"damage":10.0,"enemies":"3 Sentries","floor":10.0,"turns":11.0},{"damage":3.0,"enemies":"Blue Slaver","floor":14.0,"turns":5.0},{"damage":2.0,"enemies":"Slime Boss","floor":16.0,"turns":5.0},{"damage":0.0,"enemies":"3 Byrds","floor":18.0,"turns":6.0},{"damage":5.0,"enemies":"Spheric Guardian","floor":19.0,"turns":3.0},{"damage":16.0,"enemies":"Shelled Parasite and Fungi","floor":20.0,"turns":4.0},{"damage":18.0,"enemies":"Centurion and Healer","floor":22.0,"turns":6.0},{"damage":30.0,"enemies":"Slavers","floor":24.0,"turns":7.0},{"damage":0.0,"enemies":"Sentry and Sphere","floor":28.0,"turns":2.0},{"damage":12.0,"enemies":"3 Cultists","floor":29.0,"turns":4.0},{"damage":25.0,"enemies":"Champ","floor":33.0,"turns":6.0},{"damage":6.0,"enemies":"3 Shapes","floor":35.0,"turns":6.0},{"damage":2.0,"enemies":"3 Darklings","floor":36.0,"turns":3.0},{"damage":20.0,"enemies":"Transient","floor":37.0,"turns":5.0},{"damage":0.0,"enemies":"Mind Bloom Boss Battle","floor":38.0,"turns":3.0},{"damage":17.0,"enemies":"4 Shapes","floor":39.0,"turns":4.0},{"damage":55.0,"enemies":"Reptomancer","floor":41.0,"turns":4.0},{"damage":13.0,"enemies":"Giant Head","floor":44.0,"turns":5.0},{"damage":26.0,"enemies":"Nemesis","floor":47.0,"turns":5.0},{"damage":9,"enemies":"3 Darklings","floor":48,"turns":3},{"damage":75,"enemies":"Donu and Deca","floor":50,"turns":3}],"seed_played":"6604387920119037455","potions_obtained":[{"floor":1.0,"key":"Strength Potion"},{"floor":2.0,"key":"LiquidBronze"},{"floor":6.0,"key":"Strength Potion"},{"floor":16.0,"key":"LiquidBronze"},{"floor":19.0,"key":"GamblersBrew"},{"floor":33.0,"key":"PowerPotion"},{"floor":35.0,"key":"GamblersBrew"},{"floor":37.0,"key":"SpeedPotion"},{"floor":38.0,"key":"FairyPotion"},{"floor":41.0,"key":"FearPotion"},{"floor":44.0,"key":"EssenceOfSteel"},{"floor":47.0,"key":"Ambrosia"}],"is_trial":false,"path_per_floor":["M","M","M","M","M","E","R","E","T","E","$","R","?","M","R","B",null,"M","M","M","?","M","R","E","$","T","R","M","M","R","$","R","B",null,"M","M","M","?","M","R","E","R","T","E","R","?","E","M","R","B"],"character_chosen":"WATCHER","items_purchased":["Lee\u0027s Waffle","Apotheosis","Evaluate","Tantrum","TalkToTheHand","Bag of Marbles","White Beast Statue","Blasphemy"],"campfire_rested":7,"item_purchase_floors":[11,11,11,25,25,25,25,31],"current_hp_per_floor":[43,41,41,41,16,9,29,21,21,11,75,75,75,72,72,70,74,74,69,53,53,35,35,5,5,5,27,27,15,37,37,37,12,59,53,51,31,31,14,36,6,28,28,15,37,37,11,2,23,0,0],"gold":384,"neow_bonus":"RANDOM_COLORLESS_2","is_daily":false,"chose_seed":false,"campfire_upgraded":1,"win_rate":0.0,"timestamp":1610176309,"path_taken":["M","M","M","M","?","E","R","E","T","E","$","R","?","?","R","BOSS","M","M","M","?","M","R","E","$","T","R","M","?","R","$","R","BOSS","M","?","M","?","M","R","E","R","T","E","R","?","E","M","R","BOSS"],"items_purchased_type":["Relic","Card","Card","Card","Card","Relic","Relic","Card"],"build_version":"2020-12-22","purchased_purges":3,"victory":false,"max_hp_per_floor":[68,68,68,68,68,68,68,68,68,68,75,75,75,75,75,75,75,75,75,75,75,75,75,75,75,75,75,75,75,75,75,75,75,75,75,75,75,75,75,75,75,75,75,75,75,71,71,71,71,71,71],"relic_stats":{"Lee\u0027s Waffle":64,"counters":[28,129],"Sundial":[6],"Mummified Hand":[0],"Astrolabe":["Weave","Judgement","Ragnarok"],"Bird Faced Urn":[2],"Pantograph":25,"CeramicFish":27,"Yang":[192],"Question Card":12,"obtain_stats":[{"Girya":6,"Lee\u0027s Waffle":11,"Astrolabe":34,"CeramicFish":44,"Yang":9,"The Courier":8,"Frozen Egg 2":41,"Empty Cage":17,"Question Card":26,"White Beast Statue":25,"Matryoshka":10,"Sundial":26,"Mummified Hand":43,"Bird Faced Urn":38,"Pantograph":43,"Bag of Marbles":25,"PureWater":0,"StrikeDummy":47,"InkBottle":24},{"Girya":6,"Lee\u0027s Waffle":8,"Astrolabe":18,"CeramicFish":25,"Yang":7,"The Courier":7,"Frozen Egg 2":24,"Empty Cage":10,"Question Card":15,"White Beast Statue":15,"Matryoshka":8,"Sundial":15,"Mummified Hand":24,"Bird Faced Urn":22,"Pantograph":24,"Bag of Marbles":15,"PureWater":0,"StrikeDummy":26,"InkBottle":15},{"Girya":26,"Lee\u0027s Waffle":40,"Astrolabe":88,"CeramicFish":118,"Yang":29,"The Courier":29,"Frozen Egg 2":113,"Empty Cage":50,"Question Card":76,"White Beast Statue":76,"Matryoshka":40,"Sundial":76,"Mummified Hand":113,"Bird Faced Urn":105,"Pantograph":113,"Bag of Marbles":76,"PureWater":0,"StrikeDummy":123,"InkBottle":76}],"InkBottle":[25]},"card_choices":[{"not_picked":["Secret Technique","Transmutation"],"picked":"HandOfGreed","floor":0.0},{"not_picked":["Pray","PathToVictory"],"picked":"CutThroughFate","floor":1.0},{"not_picked":["Prostrate","Halt"],"picked":"Evaluate","floor":2.0},{"not_picked":["PathToVictory","EmptyFist"],"picked":"Evaluate","floor":3.0},{"not_picked":["EmptyFist","ThirdEye"],"picked":"BowlingBash","floor":4.0},{"not_picked":["EmptyFist","Evaluate"],"picked":"CutThroughFate","floor":5.0},{"not_picked":["FlyingSleeves","Worship"],"picked":"Evaluate","floor":6.0},{"not_picked":["FlyingSleeves","Evaluate"],"picked":"Judgement","floor":8.0},{"not_picked":["BowlingBash","CarveReality","Indignation"],"picked":"SKIP","floor":10.0},{"not_picked":["Evaluate","FollowUp","BowlingBash"],"picked":"SKIP","floor":14.0},{"not_picked":["LessonLearned","ConjureBlade"],"picked":"DeusExMachina","floor":16.0},{"not_picked":["ReachHeaven","Swivel","Protect+1"],"picked":"SKIP","floor":18.0},{"not_picked":["ThirdEye","EmptyBody+1","Wallop"],"picked":"SKIP","floor":19.0},{"not_picked":["Fasting2","JustLucky","Prostrate"],"picked":"SKIP","floor":20.0},{"not_picked":["FollowUp+1","Fasting2"],"picked":"Collect","floor":22.0},{"not_picked":["LessonLearned","DeceiveReality","Prostrate"],"picked":"SKIP","floor":24.0},{"not_picked":["SandsOfTime","Study+1","PathToVictory"],"picked":"CutThroughFate+1","floor":28.0},{"not_picked":["BowlingBash","Consecrate+1","FlyingSleeves"],"picked":"TalkToTheHand","floor":29.0},{"not_picked":["MasterReality","LessonLearned","Devotion"],"picked":"Ragnarok","floor":33.0},{"not_picked":["FlurryOfBlows","FlyingSleeves+1","Study","JustLucky+1"],"picked":"SKIP","floor":35.0},{"not_picked":["InnerPeace+1","WreathOfFlame","CarveReality+1"],"picked":"Crescendo","floor":36.0},{"not_picked":["EmptyBody+1","Pray","Swivel"],"picked":"CutThroughFate+1","floor":37.0},{"not_picked":["Scrawl","EmptyBody","FlurryOfBlows"],"picked":"Crescendo+1","floor":38.0},{"not_picked":["PathToVictory","SignatureMove","Prostrate"],"picked":"InnerPeace+1","floor":39.0},{"not_picked":["FlyingSleeves","BattleHymn+1","WindmillStrike"],"picked":"Tantrum","floor":41.0},{"not_picked":["ThirdEye+1","SashWhip","CrushJoints+1"],"picked":"Weave","floor":44.0},{"not_picked":["FlyingSleeves","SashWhip","WreathOfFlame+1"],"picked":"InnerPeace","floor":47.0},{"not_picked":["Evaluate","FlyingSleeves","EmptyFist+1"],"picked":"CutThroughFate","floor":48}],"player_experience":3812356,"relics_obtained":[{"floor":6.0,"key":"Girya"},{"floor":8.0,"key":"The Courier"},{"floor":9.0,"key":"Yang"},{"floor":10.0,"key":"Matryoshka"},{"floor":24.0,"key":"InkBottle"},{"floor":26.0,"key":"Sundial"},{"floor":26.0,"key":"Question Card"},{"floor":38.0,"key":"Bird Faced Urn"},{"floor":41.0,"key":"Frozen Egg 2"},{"floor":43.0,"key":"Mummified Hand"},{"floor":43.0,"key":"Pantograph"},{"floor":44.0,"key":"CeramicFish"},{"floor":47.0,"key":"StrikeDummy"}],"event_choices":[{"damage_healed":0.0,"max_hp_gain":0.0,"max_hp_loss":0.0,"gold_gain":0.0,"cards_transformed":["Defend_P"],"event_name":"Transmorgrifier","player_choice":"Transformed","floor":13.0,"gold_loss":0.0,"damage_taken":0.0,"cards_obtained":["ClearTheMind"]},{"damage_healed":0.0,"max_hp_gain":0.0,"max_hp_loss":0.0,"gold_gain":275.0,"event_name":"Golden Shrine","player_choice":"Desecrate","floor":21.0,"gold_loss":0.0,"damage_taken":0.0,"cards_obtained":["Regret"]},{"damage_healed":0.0,"max_hp_gain":0.0,"max_hp_loss":0.0,"gold_gain":0.0,"event_name":"MindBloom","player_choice":"Fight","floor":38.0,"gold_loss":0.0,"damage_taken":0.0},{"damage_healed":0.0,"max_hp_gain":0.0,"max_hp_loss":4.0,"gold_gain":0.0,"event_name":"Winding Halls","player_choice":"Max HP","floor":46.0,"gold_loss":0.0,"damage_taken":0.0}],"is_beta":false,"boss_relics":[{"not_picked":["SacredBark","Coffee Dripper"],"picked":"Empty Cage"},{"not_picked":["Black Star","Tiny House"],"picked":"Astrolabe"}],"items_purged_floors":[11,25,31],"is_endless":false,"potions_floor_spawned":[1,2,6,16,19,20,28,29,33,35,36,37,38,39,41,44,47,48],"killed_by":"Donu and Deca","ascension_level":15}}