{"host":"94qggqh0xz0sp6ai","time":1610175677,"event":{"mods":["Abigail Mod","Act Like it!","BaseMod","CapriCore","Downfall","Friendly Minions","Gensokyo","Hermit","Jorbs\u0027s Wanderer Trilogy","Koishi","Marisa（霧雨　魔理沙）","Minty Spire (QoL Compilation)","Permanent Neow","Reimu（博??梦）","StSLib","The Alterego","The Construct","The Cursed","The Hierophant","The Immortal","The Marked","The Servant 0.9.4","TheBandit","Waifu the Spire"],"gold_per_floor":[116,126,126,40,53,53,53,53,76,76,91,91,102,137,137,211,211,228,238,37,37,37],"floor_reached":21,"playtime":815,"items_purged":[],"score":348,"play_id":"3bf0c251-0409-4554-bb2d-6e6bbdb10b32","local_time":"20210109010117","is_ascension_mode":true,"campfire_choices":[{"data":"NonDirectionalLaser","floor":6,"key":"SMITH"},{"data":"6A","floor":8,"key":"SMITH"},{"data":"DarkMatter","floor":10,"key":"SMITH"},{"data":"GrandCross","floor":12,"key":"SMITH"},{"floor":15,"key":"REST"}],"circlet_count":0,"master_deck":["AscendersBane","Strike_MRS","Strike_MRS","Strike_MRS","Strike_MRS","Defend_MRS","Defend_MRS","Defend_MRS","Defend_MRS","MasterSpark+1","UpSweep","NonDirectionalLaser+1","GrandCross+1","Gensokyo:MarisaTwilightSpark+1","DarkMatter+1","NonDirectionalLaser","6A+1","Acceleration","EarthLightRay","BlazingStar","CurseOfTheBell","OrrerysSun","PowerUp+1","Gensokyo:ManorOfTheDishes"],"relics":["MiniHakkero","Strawberry","Oddly Smooth Stone","Happy Flower","PreservedInsect","Calling Bell","Blood Vial","Tea:ReiMu","Girya"],"acts_visited":["Exordium","Gensokyo:Gensokyo"],"potions_floor_usage":[],"damage_taken":[{"damage":8,"enemies":"Gensokyo:Python","floor":1,"turns":3},{"damage":0,"enemies":"Gensokyo:3_Fairies","floor":2,"turns":3},{"damage":6,"enemies":"Gensokyo:2_Kodama","floor":5,"turns":4},{"damage":3,"enemies":"Gensokyo:5_Fairies","floor":11,"turns":4},{"damage":14,"enemies":"Gensokyo:Gryphon_and_Rabbit","floor":13,"turns":4},{"damage":10,"enemies":"Gensokyo:Aya","floor":14,"turns":4},{"damage":26,"enemies":"Gensokyo:Kokoro","floor":16,"turns":12},{"damage":5,"enemies":"Gensokyo:Chomper","floor":18,"turns":3},{"damage":16,"enemies":"Gensokyo:AngelMirror","floor":19,"turns":4},{"damage":74,"enemies":"Gensokyo:Swordslinger","floor":21,"turns":4}],"seed_played":"1437889823261345182","potions_obtained":[{"floor":5,"key":"PowerPotion"},{"floor":11,"key":"sneckomod:MuddlingPotion"},{"floor":14,"key":"Block Potion"}],"is_trial":false,"path_per_floor":["M","M","?","COS","M","R","?","R","T","R","M","R","M","E","R","B",null,"M","M","COS","M"],"character_chosen":"MARISA","items_purchased":[],"campfire_rested":1,"item_purchase_floors":[],"current_hp_per_floor":[55,55,55,55,49,49,49,49,56,56,53,53,39,33,56,34,66,67,57,57,0,0],"gold":37,"neow_bonus":"UPGRADE_CARD","is_daily":false,"chose_seed":false,"campfire_upgraded":4,"win_rate":0.0,"timestamp":1610175677,"path_taken":["M","?","?","COS","M","R","?","R","T","R","M","R","M","E","R","BOSS","M","M","COS","M"],"items_purchased_type":[],"build_version":"2020-12-22","purchased_purges":0,"victory":false,"max_hp_per_floor":[70,70,70,70,70,70,70,70,77,77,77,77,77,77,77,77,77,77,77,77,77,77],"card_choices":[{"not_picked":["PowerUp","6A"],"picked":"NonDirectionalLaser","floor":1},{"not_picked":["OpenUniverse","GalacticHalo"],"picked":"GrandCross","floor":2},{"not_picked":["WitchOfGreed","ShootingEcho"],"picked":"DarkMatter","floor":5},{"not_picked":["WitchOfGreed","StarlightTyphoon"],"picked":"NonDirectionalLaser","floor":7},{"not_picked":["OneTimeOff","GravityBeat"],"picked":"6A","floor":7},{"not_picked":["UnstableBomb","DoubleSpark"],"picked":"Acceleration","floor":11},{"not_picked":["PowerUp","6A"],"picked":"EarthLightRay","floor":13},{"not_picked":["UnstableBomb","ManaRampage","BlazeAway"],"picked":"SKIP","floor":14},{"not_picked":["BigCrunch","CollectingQuirk"],"picked":"BlazingStar","floor":16},{"not_picked":["Occultation","EnergyRecoil+1"],"picked":"OrrerysSun","floor":18},{"not_picked":["UnstableBomb","WitchLeyline"],"picked":"PowerUp+1","floor":19}],"player_experience":1364595,"relics_obtained":[{"floor":9,"key":"Strawberry"},{"floor":14,"key":"PreservedInsect"},{"floor":17,"key":"Blood Vial"},{"floor":17,"key":"Tea:ReiMu"},{"floor":17,"key":"Girya"}],"event_choices":[],"is_beta":false,"boss_relics":[{"not_picked":["BewitchedHakkero","Philosopher\u0027s Stone"],"picked":"Calling Bell"}],"items_purged_floors":[],"is_endless":false,"potions_floor_spawned":[5,11,14,16],"killed_by":"Gensokyo:Swordslinger","ascension_level":20}}