{"host":"ig7tc0uedzltt2sr","time":1610231892,"event":{"mods":["BaseMod","Better Twitch Integration","Block Reminder","Colored Map","Colored Powertips","Communication Mod","Current Relic Mod","GifTheSpireLib","HexUI Lib","Minty Spire (QoL Compilation)","Quick Restart","Random Character Button","Rare Cards Sparkle","Relic Sorter","Relic Stats","Slay the Relics Exporter","StSLib","SuperFastMode","Synergy Search","Twitch Decklist","Twitch Utils","everything is the same but u backflip on backflip","slay the spire mod where everything is the same but ironclad has a cowboy hat"],"gold_per_floor":[118,118,134,147,147,147,167,167,192,204,222,235,245,245,245],"floor_reached":14,"playtime":96,"items_purged":[],"score":86,"play_id":"5167dddc-37a4-497e-8956-91e198398037","local_time":"20210109143812","is_ascension_mode":false,"campfire_choices":[{"floor":6,"key":"REST"},{"floor":8,"key":"REST"}],"circlet_count":0,"master_deck":["Strike_R","Strike_R","Strike_R","Strike_R","Strike_R","Defend_R","Defend_R","Defend_R","Defend_R","Bash","Reckless Charge","Reckless Charge","Perfected Strike","Thunderclap","Warcry","Reckless Charge","Thunderclap","Clash","Wild Strike"],"relics":["Burning Blood","Anchor"],"acts_visited":["Exordium"],"potions_floor_usage":[],"damage_taken":[{"damage":7,"enemies":"Cultist","floor":1,"turns":5},{"damage":2,"enemies":"2 Louse","floor":3,"turns":3},{"damage":5,"enemies":"Jaw Worm","floor":4,"turns":4},{"damage":14,"enemies":"2 Fungi Beasts","floor":7,"turns":4},{"damage":5,"enemies":"Looter","floor":10,"turns":3},{"damage":26,"enemies":"Exordium Wildlife","floor":11,"turns":5},{"damage":19,"enemies":"Blue Slaver","floor":12,"turns":5},{"damage":2,"enemies":"3 Louse","floor":13,"turns":5},{"damage":52,"enemies":"3 Sentries","floor":14,"turns":6}],"seed_played":"-2524421570751203280","potions_obtained":[{"floor":1,"key":"Block Potion"},{"floor":3,"key":"BlessingOfTheForge"},{"floor":7,"key":"LiquidBronze"}],"is_trial":false,"path_per_floor":["M","$","M","M","?","R","M","R","T","M","M","M","M","E"],"character_chosen":"IRONCLAD","items_purchased":[],"campfire_rested":2,"item_purchase_floors":[],"current_hp_per_floor":[79,79,80,80,80,80,72,80,80,80,60,47,51,0,0],"gold":245,"neow_bonus":"THREE_CARDS","is_daily":false,"chose_seed":false,"campfire_upgraded":0,"win_rate":0.0,"timestamp":1610231892,"path_taken":["M","$","?","M","?","R","M","R","T","M","M","M","M","E"],"items_purchased_type":[],"build_version":"2020-12-22","purchased_purges":0,"victory":false,"max_hp_per_floor":[80,80,80,80,80,80,80,80,80,80,80,80,80,80,80],"relic_stats":{"counters":[9,40],"obtain_stats":[{"Anchor":9,"Burning Blood":0},{"Anchor":4,"Burning Blood":0},{"Anchor":16,"Burning Blood":0}],"Burning Blood":43},"card_choices":[{"not_picked":["Flex","Iron Wave"],"picked":"Reckless Charge","floor":0},{"not_picked":["Rupture","Anger"],"picked":"Reckless Charge","floor":1},{"not_picked":["Sword Boomerang","Iron Wave"],"picked":"Perfected Strike","floor":3},{"not_picked":["Cleave","Heavy Blade"],"picked":"Thunderclap","floor":4},{"not_picked":["Twin Strike","Pommel Strike"],"picked":"Warcry","floor":7},{"not_picked":["Battle Trance","Thunderclap"],"picked":"Reckless Charge","floor":10},{"not_picked":["Anger","Hemokinesis"],"picked":"Thunderclap","floor":11},{"not_picked":["Wild Strike","Dark Embrace"],"picked":"Clash","floor":12},{"not_picked":["Heavy Blade","Cleave"],"picked":"Wild Strike","floor":13}],"player_experience":1471966,"relics_obtained":[{"floor":9,"key":"Anchor"}],"event_choices":[{"damage_healed":0,"gold_gain":0,"player_choice":"Leave","damage_taken":0,"max_hp_gain":0,"max_hp_loss":0,"event_name":"The Cleric","floor":5,"gold_loss":0}],"is_beta":false,"boss_relics":[],"items_purged_floors":[],"is_endless":false,"potions_floor_spawned":[1,3,7],"killed_by":"3 Sentries","ascension_level":0}}