{"host":"ixbvfs3so5a39bhe","time":1610179004,"event":{"mods":["BaseMod","Downfall","Minty Spire (QoL Compilation)","Quick Restart","StSLib"],"gold_per_floor":[115,127,127,302,227,256,256,256,256,256,274,274,287,322,322,322,322],"floor_reached":16,"playtime":529,"items_purged":["Doubt"],"score":119,"play_id":"a5e43b66-a201-4cdc-9806-1e3e0159df30","local_time":"20210109155644","is_ascension_mode":true,"campfire_choices":[{"floor":7,"key":"RECALL"},{"data":"Immolate","floor":15,"key":"SMITH"}],"circlet_count":0,"master_deck":["Strike_R","Strike_R","Strike_R","Strike_R","Strike_R","Defend_R","Defend_R","Defend_R","Defend_R","Bash","Immolate+1","Cleave","Thunderclap","Regret","Burning Pact+1","Injury","Feel No Pain"],"relics":["Burning Blood","Toxic Egg 2","Dead Branch","Turnip","Happy Flower","Golden Idol","Dream Catcher"],"acts_visited":["Exordium"],"potions_floor_usage":[6],"damage_taken":[{"damage":1.0,"enemies":"Cultist","floor":1.0,"turns":3.0},{"damage":2.0,"enemies":"Jaw Worm","floor":2.0,"turns":3.0},{"damage":25,"enemies":"3 Sentries","floor":6,"turns":5},{"damage":10,"enemies":"2 Louse","floor":11,"turns":3},{"damage":10,"enemies":"Large Slime","floor":13,"turns":4},{"damage":23,"enemies":"Gremlin Nob","floor":14,"turns":4},{"damage":28,"enemies":"Hexaghost","floor":16,"turns":4}],"seed_played":"3350145631457026479","potions_obtained":[{"floor":1.0,"key":"PowerPotion"},{"floor":14,"key":"Strength Potion"}],"is_trial":false,"path_per_floor":["M","M","?","?","$","E","R","?","T","?","M","?","M","E","R","B"],"character_chosen":"IRONCLAD","items_purchased":[],"campfire_rested":0,"item_purchase_floors":[],"current_hp_per_floor":[80,80,80,80,80,61,61,61,61,49,45,45,41,24,24,0,0],"gold":322,"neow_bonus":"ONE_RANDOM_RARE_CARD","is_daily":false,"chose_seed":false,"campfire_upgraded":1,"win_rate":0.0,"timestamp":1610179004,"path_taken":["M","?","?","?","$","E","R","?","T","?","M","?","M","E","R","BOSS"],"items_purchased_type":[],"build_version":"2020-12-22","purchased_purges":1,"victory":false,"max_hp_per_floor":[80,80,80,80,80,80,80,80,80,80,80,80,80,80,80,80,80],"card_choices":[{"not_picked":["Uppercut","Headbutt"],"picked":"Cleave","floor":1.0},{"not_picked":["Pommel Strike","Anger","Flex"],"picked":"SKIP","floor":2.0},{"not_picked":["Shrug It Off+1","Heavy Blade"],"picked":"Thunderclap","floor":6},{"not_picked":["Headbutt","Perfected Strike"],"picked":"Burning Pact+1","floor":11},{"not_picked":["Headbutt","Disarm+1","Flex+1"],"picked":"SKIP","floor":13},{"not_picked":["Hemokinesis","Thunderclap"],"picked":"Feel No Pain","floor":14}],"player_experience":151951,"relics_obtained":[{"floor":6,"key":"Toxic Egg 2"},{"floor":9,"key":"Turnip"},{"floor":14,"key":"Dream Catcher"}],"event_choices":[{"damage_healed":0,"gold_gain":0,"player_choice":"Ignored","damage_taken":0,"max_hp_gain":0,"max_hp_loss":0,"event_name":"Shining Light","floor":3,"gold_loss":0},{"damage_healed":0,"gold_gain":175,"player_choice":"AGREE","damage_taken":0,"max_hp_gain":0,"max_hp_loss":0,"event_name":"Liars Game","floor":4,"gold_loss":0,"cards_obtained":["Doubt"]},{"damage_healed":0,"gold_gain":0,"player_choice":"Box","damage_taken":0,"relics_obtained":["Dead Branch"],"max_hp_gain":0,"max_hp_loss":0,"event_name":"Big Fish","floor":8,"gold_loss":0,"cards_obtained":["Regret"]},{"damage_healed":0,"gold_gain":0,"player_choice":"Success","damage_taken":12,"relics_obtained":["Happy Flower"],"max_hp_gain":0,"max_hp_loss":0,"event_name":"Scrap Ooze","floor":10,"gold_loss":0},{"damage_healed":0,"gold_gain":0,"player_choice":"Take Wound","damage_taken":0,"relics_obtained":["Golden Idol"],"max_hp_gain":0,"max_hp_loss":0,"event_name":"Golden Idol","floor":12,"gold_loss":0,"cards_obtained":["Injury"]}],"is_beta":false,"boss_relics":[],"items_purged_floors":[5],"is_endless":false,"potions_floor_spawned":[1,14],"killed_by":"Hexaghost","ascension_level":2}}