{"host":"45gjn1i9lq2ky2i9","time":1610201496,"event":{"mods":["2.2 Compatiblity","Act Like it!","Aspiration","Bard","BaseMod","Beaked The Cultist","Better Altar","Better Match","Better Note","Better Sensory Stone","Better Skull","Better Third Choice","Better Vampires","Conspire","Downfall","Halation","Hubris","Infinite Spire","Jedi Mod","Lobotomy","LobotomyExtend","Minty Spire (QoL Compilation)","Pale of the Ancients","Permanent Neow","Replay The Spire","Shop Mod","Spikes Relics","StSLib","The Mystic","The Runesmith","The Wild Card"],"gold_per_floor":[111,111,127,127,147,147,165,165,165,165,197,197,225,236,236,313,313,331,331,342,63,80,111,123,145,183,195,225,253,265,297,309,321,321],"floor_reached":33,"playtime":1012,"items_purged":["Strike_B"],"score":459,"play_id":"6e485253-bdae-4c4c-829d-57e96fa40f24","local_time":"20210109221136","is_ascension_mode":true,"campfire_choices":[{"data":"Rip and Tear","floor":6,"key":"SMITH"},{"data":"Undo","floor":12,"key":"SMITH"},{"floor":15,"key":"REST"},{"floor":24,"key":"REST"},{"data":"Rip and Tear","floor":27,"key":"SMITH"},{"floor":32,"key":"REST"}],"circlet_count":0,"master_deck":["AscendersBane","Strike_B","Strike_B","Strike_B","Defend_B","Defend_B","Defend_B","Defend_B","Zap+1","Dualcast","Barrage","Rip and Tear+1","Undo+1","Capacitor+1","Melter","Sweeping Beam","Cold Snap","Creative AI+1","Loop+1","Ball Lightning","Rip and Tear+1","Force Field","Gash"],"relics":["Cracked Core","NeowsBlessing","Frozen Egg 2","halation:PinkSoulGem","infinitespire:WardingShard","Unceasing Top","hubris:CrystalStatue","expansioncontent:StudyCardRelic","Spirit Poop","Bag of Marbles","MawBank","Omamori","hubris:Icosahedron"],"acts_visited":["Exordium","TheCity"],"potions_floor_usage":[16,33],"damage_taken":[{"damage":0,"enemies":"Jaw Worm","floor":1,"turns":1},{"damage":0,"enemies":"Cultist","floor":3,"turns":1},{"damage":0,"enemies":"conspire:RoseBush","floor":5,"turns":1},{"damage":0,"enemies":"Exordium Wildlife","floor":7,"turns":4},{"damage":20,"enemies":"Lagavulin","floor":11,"turns":9},{"damage":18,"enemies":"Replay:BlueRogue","floor":13,"turns":5},{"damage":13,"enemies":"Blue Slaver","floor":14,"turns":2},{"damage":16,"enemies":"The Guardian","floor":16,"turns":12},{"damage":0,"enemies":"2 Thieves","floor":18,"turns":1},{"damage":0,"enemies":"Spheric Guardian","floor":20,"turns":1},{"damage":17,"enemies":"Snecko","floor":22,"turns":6},{"damage":12,"enemies":"Replay:Snechameleon","floor":23,"turns":6},{"damage":2,"enemies":"Sentry and Sphere","floor":25,"turns":3},{"damage":6,"enemies":"Snake Plant","floor":28,"turns":4},{"damage":36,"enemies":"Centurion and Healer","floor":29,"turns":9},{"damage":10,"enemies":"Sentry and Sphere","floor":31,"turns":2},{"damage":56,"enemies":"Automaton","floor":33,"turns":6}],"seed_played":"-5979859072035033490","potions_obtained":[{"floor":1,"key":"FocusPotion"},{"floor":11,"key":"Ancient Potion"},{"floor":13,"key":"PowerPotion"},{"floor":14,"key":"SteroidPotion"},{"floor":18,"key":"jedi:tentaclejuice"},{"floor":23,"key":"Swift Potion"}],"is_trial":false,"path_per_floor":["M","?","M","?","M","R","M","?","T","?","E","R","E","M","R","B",null,"M","?","M","$","M","E","R","M","T","R","M","M","?","M","R","B"],"character_chosen":"DEFECT","items_purchased":["Ball Lightning","Bag of Marbles"],"campfire_rested":3,"item_purchase_floors":[21,21],"current_hp_per_floor":[68,68,68,68,68,68,68,68,68,73,53,53,35,22,46,30,68,68,68,68,68,51,39,63,61,61,61,55,19,19,9,33,0,0],"gold":321,"neow_bonus":"THREE_ENEMY_KILL","is_daily":false,"chose_seed":false,"campfire_upgraded":3,"win_rate":0.0,"timestamp":1610201496,"path_taken":["M","?","?","?","?","R","M","?","T","?","E","R","E","M","R","BOSS","M","?","?","$","M","E","R","M","T","R","M","M","?","M","R","BOSS"],"items_purchased_type":["Card","Relic"],"build_version":"2020-12-22","purchased_purges":1,"victory":false,"max_hp_per_floor":[75,75,75,75,75,75,75,75,75,80,80,80,80,80,80,80,80,80,80,80,80,80,80,80,80,80,80,80,80,80,80,80,80,80],"card_choices":[{"not_picked":["Auto Shields","jedi:BurstLightning"],"picked":"Barrage","floor":1},{"not_picked":["jedi:BurstFrost","Fusion"],"picked":"Rip and Tear","floor":3},{"not_picked":["ReplayTheSpireMod:Reroute Power","Melter"],"picked":"Undo","floor":5},{"not_picked":["Self Repair+1","Redo"],"picked":"Capacitor+1","floor":7},{"not_picked":["BasicCrystalCard","jedi:gatheringstorm"],"picked":"Melter","floor":11},{"not_picked":["Static Discharge+1","Turbo"],"picked":"Sweeping Beam","floor":13},{"not_picked":["jedi:blockon","Double Energy"],"picked":"Cold Snap","floor":14},{"not_picked":["ReplayRNGCard","Thunder Strike"],"picked":"Creative AI+1","floor":16},{"not_picked":["FTL+1","Leap"],"picked":"Loop+1","floor":18},{"not_picked":["White Noise","Crystallizer+1","Skim"],"picked":"SKIP","floor":20},{"not_picked":["jedi:blockon","Compile Driver"],"picked":"Rip and Tear","floor":22},{"not_picked":["Multi-Cast","jedi:BurstFrost","ReplaySolidLightProjector"],"picked":"SKIP","floor":23},{"not_picked":["Blizzard","Go for the Eyes","Lockon"],"picked":"SKIP","floor":25},{"not_picked":["Lockon","Barrage","ReplayTheSpireMod:GoodbyeWorld+1"],"picked":"SKIP","floor":28},{"not_picked":["jedi:blockon","Ball Lightning"],"picked":"Force Field","floor":29},{"not_picked":["jedi:darknesscall","Stack"],"picked":"Gash","floor":31}],"player_experience":520596,"relics_obtained":[{"floor":9,"key":"infinitespire:WardingShard"},{"floor":11,"key":"Unceasing Top"},{"floor":13,"key":"hubris:CrystalStatue"},{"floor":23,"key":"MawBank"},{"floor":26,"key":"Omamori"}],"event_choices":[{"damage_healed":0,"gold_gain":0,"player_choice":"Upgraded","damage_taken":0,"max_hp_gain":0,"max_hp_loss":0,"event_name":"Upgrade Shrine","floor":2,"gold_loss":0,"cards_upgraded":["Zap"]},{"damage_healed":0,"gold_gain":0,"player_choice":"Donut","damage_taken":0,"max_hp_gain":5,"max_hp_loss":0,"event_name":"Big Fish","floor":10,"gold_loss":0},{"cards_removed":["Injury"],"damage_healed":0,"gold_gain":0,"player_choice":"Offered Curse","damage_taken":0,"relics_obtained":["Spirit Poop"],"max_hp_gain":0,"max_hp_loss":0,"event_name":"Bonfire Elementals","floor":19,"gold_loss":0}],"is_beta":false,"boss_relics":[{"not_picked":["aspiration:MobileForge","halation:Prosthetics"],"picked":"expansioncontent:StudyCardRelic"}],"items_purged_floors":[21],"is_endless":false,"potions_floor_spawned":[1,11,13,14,18,23,29,31],"killed_by":"Automaton","ascension_level":13}}