{"host":"9gwavclf33b2mpxe","time":1610221224,"event":{"mods":["BaseMod","Bestiary","Block Reminder","Colored Map","Colored Powertips","Downfall","Highlight Path","Minty Spire (QoL Compilation)","Permanent Neow","Quick Restart","Relic Stats","StSLib","SuperFastMode"],"gold_per_floor":[99,39,54,73,73,89,141,174,185,15,26,60,60,75,94,94,94],"floor_reached":16,"playtime":1502,"items_purged":[],"score":114,"play_id":"05fa623a-9273-4f31-bd7c-57fd3c0feaff","local_time":"20210110034024","is_ascension_mode":false,"campfire_choices":[{"data":"bronze:Goto","floor":1.0,"key":"SMITH"},{"floor":13,"key":"REST"}],"circlet_count":0,"master_deck":["bronze:Strike","bronze:Strike","bronze:Strike","bronze:Strike","bronze:Defend","bronze:Defend","bronze:Defend+1","bronze:Defend","bronze:Replicate","bronze:Goto+1","bronze:FineTuning","bronze:OilSpill","bronze:Allocate","bronze:Overheat","bronze:Shield+1","bronze:ChildClass","bronze:BitShift","bronze:ItsAFeature","bronze:ChildClass","bronze:BurnOut","bronze:Iterate"],"relics":["SlaversCollar","Blood Vial","Ice Cream","Membership Card","War Paint"],"acts_visited":["Exordium"],"potions_floor_usage":[12,16],"damage_taken":[{"damage":0.0,"enemies":"downfall:FleeingMerchant","floor":2.0,"turns":4.0},{"damage":0.0,"enemies":"Cultist","floor":3.0,"turns":2.0},{"damage":5.0,"enemies":"2 Louse","floor":4.0,"turns":4.0},{"damage":10.0,"enemies":"Jaw Worm","floor":6.0,"turns":3.0},{"damage":25.0,"enemies":"Gremlin Nob","floor":8.0,"turns":3.0},{"damage":12,"enemies":"Exordium Wildlife","floor":9,"turns":6},{"damage":7,"enemies":"downfall:FleeingMerchant","floor":10,"turns":4},{"damage":9,"enemies":"Blue Slaver","floor":11,"turns":5},{"damage":15,"enemies":"Lagavulin","floor":12,"turns":6},{"damage":7,"enemies":"3 Louse","floor":14,"turns":5},{"damage":6,"enemies":"Large Slime","floor":15,"turns":6},{"damage":40,"enemies":"downfall:Defect","floor":16,"turns":4}],"seed_played":"1403311778656730290","potions_obtained":[{"floor":4.0,"key":"SpeedPotion"},{"floor":8.0,"key":"EssenceOfSteel"},{"floor":9,"key":"FairyPotion"},{"floor":14,"key":"Guardian:BlockOnCardUsePotion"}],"is_trial":false,"path_per_floor":["R","$","M","M","?","M","T","E","M","$","M","E","R","M","M","B"],"character_chosen":"THE_AUTOMATON","items_purchased":["bronze:OilSpill","Membership Card"],"campfire_rested":1,"item_purchase_floors":[2,10],"current_hp_per_floor":[70,70,70,65,65,55,55,32,22,17,10,21,42,37,33,0,0],"gold":94,"neow_bonus":"BOSS_RELIC","is_daily":false,"chose_seed":false,"campfire_upgraded":1,"win_rate":0.0,"timestamp":1610221224,"path_taken":["R","?","M","?","?","M","T","E","M","$","?","E","R","M","M","BOSS"],"items_purchased_type":["Card","Relic"],"build_version":"2020-12-22","purchased_purges":0,"victory":false,"max_hp_per_floor":[70,70,70,70,70,70,70,70,70,70,70,70,70,70,70,70,70],"relic_stats":{"Blood Vial":16,"counters":[12,52],"War Paint":["bronze:Shield","bronze:Defend"],"obtain_stats":[{"Blood Vial":7,"Ice Cream":8,"SlaversCollar":0,"bronze:BronzeCore":0,"Membership Card":10,"War Paint":12},{"Blood Vial":4,"Ice Cream":5,"SlaversCollar":0,"bronze:BronzeCore":0,"Membership Card":7,"War Paint":9},{"Blood Vial":13,"Ice Cream":16,"SlaversCollar":0,"bronze:BronzeCore":0,"Membership Card":26,"War Paint":37}]},"card_choices":[{"not_picked":["bronze:BronzeArmor","bronze:NullPointer"],"picked":"bronze:FineTuning","floor":2.0},{"not_picked":["bronze:WildBeam","bronze:DelayedSlice"],"picked":"bronze:Allocate","floor":3.0},{"not_picked":["bronze:DelayedSlice","bronze:Deprecate"],"picked":"bronze:Overheat","floor":4.0},{"not_picked":["bronze:GetLatest","bronze:BronzeOrb"],"picked":"bronze:Shield","floor":6.0},{"not_picked":["bronze:Constructor","bronze:Invalidate"],"picked":"bronze:ChildClass","floor":8.0},{"not_picked":["bronze:Overheat","bronze:WildBeam"],"picked":"bronze:BitShift","floor":9},{"not_picked":["bronze:BugBarrage","bronze:ForceShield"],"picked":"bronze:ItsAFeature","floor":10},{"not_picked":["bronze:Deprecate","bronze:Frontload"],"picked":"bronze:ChildClass","floor":11},{"not_picked":["bronze:CloningBeam","bronze:ThunderWave"],"picked":"bronze:BurnOut","floor":12},{"not_picked":["bronze:Overheat","bronze:Separator","bronze:Virus"],"picked":"SKIP","floor":14},{"not_picked":["bronze:WhirlingStrike","bronze:DelayedGuard"],"picked":"bronze:Iterate","floor":15}],"player_experience":80371,"relics_obtained":[{"floor":7.0,"key":"Blood Vial"},{"floor":8.0,"key":"Ice Cream"},{"floor":12,"key":"War Paint"}],"event_choices":[{"cards_removed":["Decay"],"damage_healed":0.0,"max_hp_gain":0.0,"max_hp_loss":0.0,"gold_gain":0.0,"event_name":"NoteForYourself","player_choice":"Took Card","floor":5.0,"gold_loss":0.0,"damage_taken":0.0,"cards_obtained":["Decay"]}],"is_beta":false,"boss_relics":[],"items_purged_floors":[],"is_endless":false,"potions_floor_spawned":[4,8,9,14],"killed_by":"downfall:Defect","ascension_level":0}}