{"host":"aj7el8l5kufbk20z","time":1610167791,"event":{"mods":["AchievementEnabler","BaseMod","Colored Map","Colored Powertips","Curses Come First","Highlight Path","Minty Spire (QoL Compilation)","Permanent Neow","Quick Restart","Rare Cards Sparkle","Relic Stats","StSLib","SuperFastMode"],"gold_per_floor":[116,116,128,128,78,78,108,108,162,194,194,213,81,91,91,194,194,160,160,175,188,188,188,220,232,267,279,241,256,130,130,130,235,235,250,263,263,273,223,223,236,236,236,267,267,267,267,143,143,143],"floor_reached":51,"playtime":3919,"items_purged":["Strike_R","Defend_R","Strike_R+1","Defend_R","Writhe"],"score":1011,"play_id":"d94201a8-d9a0-4339-91f2-8ab70f688b70","local_time":"20210109124951","is_ascension_mode":true,"campfire_choices":[{"data":"Flame Barrier","floor":6.0,"key":"SMITH"},{"data":"Bash","floor":8.0,"key":"SMITH"},{"data":"Defend_R","floor":11.0,"key":"SMITH"},{"data":"Metallicize","floor":15.0,"key":"SMITH"},{"data":"Rampage","floor":23.0,"key":"SMITH"},{"data":"Body Slam","floor":25.0,"key":"SMITH"},{"data":"Demon Form","floor":27.0,"key":"SMITH"},{"data":"Juggernaut","floor":32.0,"key":"SMITH"},{"data":"Heavy Blade","floor":40,"key":"SMITH"},{"data":"Iron Wave","floor":47,"key":"SMITH"},{"floor":49,"key":"REST"}],"circlet_count":0,"master_deck":["AscendersBane","Strike_R+1","Defend_R+1","Flame Barrier+1","Flex+1","Heavy Blade+1","Metallicize+1","Disarm+1","Barricade+1","Body Slam+1","Iron Wave+1","Rampage+1","Demon Form+1","Shrug It Off+1","Juggernaut+1","Juggernaut+1","True Grit+1","Disarm+1","Ghostly Armor+1"],"relics":["Burning Blood","NeowsBlessing","GremlinMask","Toxic Egg 2","Smiling Mask","Whetstone","Sozu","MawBank","Centennial Puzzle","Empty Cage","Omamori","FossilizedHelix"],"acts_visited":["Exordium","TheCity","TheBeyond"],"potions_floor_usage":[41,41],"damage_taken":[{"damage":0.0,"enemies":"Cultist","floor":1.0,"turns":1.0},{"damage":0.0,"enemies":"Small Slimes","floor":3.0,"turns":1.0},{"damage":0.0,"enemies":"Gremlin Nob","floor":7.0,"turns":1.0},{"damage":15.0,"enemies":"3 Sentries","floor":10.0,"turns":15.0},{"damage":0.0,"enemies":"2 Louse","floor":12.0,"turns":2.0},{"damage":1.0,"enemies":"2 Fungi Beasts","floor":14.0,"turns":4.0},{"damage":47.0,"enemies":"Slime Boss","floor":16.0,"turns":21.0},{"damage":11.0,"enemies":"2 Thieves","floor":18.0,"turns":5.0},{"damage":8.0,"enemies":"Shell Parasite","floor":20.0,"turns":5.0},{"damage":15.0,"enemies":"Snake Plant","floor":21.0,"turns":4.0},{"damage":5.0,"enemies":"Book of Stabbing","floor":24.0,"turns":7.0},{"damage":13.0,"enemies":"Centurion and Healer","floor":29.0,"turns":8.0},{"damage":19.0,"enemies":"Champ","floor":33.0,"turns":8.0},{"damage":11.0,"enemies":"3 Darklings","floor":35.0,"turns":6.0},{"damage":1.0,"enemies":"3 Shapes","floor":36.0,"turns":5.0},{"damage":25,"enemies":"Jaw Worm Horde","floor":38,"turns":7},{"damage":54,"enemies":"Transient","floor":41,"turns":5},{"damage":115,"enemies":"Reptomancer","floor":44,"turns":8},{"damage":112,"enemies":"Awakened One","floor":50,"turns":11}],"seed_played":"-4769027356524269339","potions_obtained":[{"floor":10.0,"key":"Explosive Potion"},{"floor":12.0,"key":"BloodPotion"},{"floor":16.0,"key":"BloodPotion"}],"is_trial":false,"path_per_floor":["M","?","M","?","?","R","E","R","T","E","R","M","$","M","R","B",null,"M","?","M","M","?","R","E","R","T","R","$","M","$","?","R","B",null,"M","M","?","M","$","R","M","?","T","E","?","?","R","$","R","B",null],"character_chosen":"IRONCLAD","items_purchased":["Metallicize","Juggernaut","Ghostly Armor+1"],"campfire_rested":1,"item_purchase_floors":[13,30,48],"current_hp_per_floor":[78,78,80,73,73,73,79,79,79,70,70,76,76,80,80,39,70,65,65,63,54,54,54,55,55,55,55,55,48,48,48,48,35,69,64,69,69,50,50,50,34,54,54,68,68,68,68,68,80,67],"gold":143,"neow_bonus":"THREE_ENEMY_KILL","is_daily":false,"chose_seed":false,"campfire_upgraded":10,"win_rate":0.0,"timestamp":1610167791,"path_taken":["M","?","?","?","?","R","E","R","T","E","R","M","$","M","R","BOSS","M","?","M","M","?","R","E","R","T","R","$","?","?","?","R","BOSS","M","M","?","?","$","R","M","?","T","E","?","?","R","$","R","BOSS"],"items_purchased_type":["Card","Card","Card"],"build_version":"2020-12-22","purchased_purges":5,"victory":true,"max_hp_per_floor":[80,80,80,80,80,80,80,80,80,80,80,80,80,80,80,80,80,80,80,80,80,80,80,80,80,80,80,80,80,80,80,80,80,80,80,80,80,80,80,80,80,80,80,80,80,80,80,80,80,80],"relic_stats":{"Sozu":5,"Centennial Puzzle":[24],"counters":[19,124],"Whetstone":["Strike_R","Strike_R"],"Smiling Mask":375,"MawBank":48,"obtain_stats":[{"Sozu":17,"Centennial Puzzle":26,"NeowsBlessing":0,"GremlinMask":2,"Omamori":43,"Whetstone":10,"Toxic Egg 2":7,"Smiling Mask":9,"MawBank":24,"Empty Cage":34,"Burning Blood":0,"FossilizedHelix":44},{"Sozu":7,"Centennial Puzzle":11,"NeowsBlessing":0,"GremlinMask":1,"Omamori":17,"Whetstone":4,"Toxic Egg 2":3,"Smiling Mask":3,"MawBank":11,"Empty Cage":13,"Burning Blood":0,"FossilizedHelix":18},{"Sozu":45,"Centennial Puzzle":66,"NeowsBlessing":0,"GremlinMask":1,"Omamori":105,"Whetstone":18,"Toxic Egg 2":3,"Smiling Mask":3,"MawBank":66,"Empty Cage":82,"Burning Blood":0,"FossilizedHelix":113}],"Burning Blood":109},"card_choices":[{"not_picked":["Perfected Strike","Body Slam"],"picked":"Flame Barrier","floor":1.0},{"not_picked":["Twin Strike","Second Wind","Reckless Charge"],"picked":"SKIP","floor":3.0},{"not_picked":["Second Wind+1","Pummel"],"picked":"Shrug It Off+1","floor":7.0},{"not_picked":["Carnage","Clothesline"],"picked":"Flex+1","floor":10.0},{"not_picked":["Sword Boomerang","Rupture"],"picked":"Heavy Blade","floor":12.0},{"not_picked":["Clash","Twin Strike"],"picked":"Disarm+1","floor":14.0},{"not_picked":["Reaper","Exhume+1"],"picked":"Barricade","floor":16.0},{"not_picked":["Perfected Strike+1","Headbutt"],"picked":"Body Slam","floor":18.0},{"not_picked":["Heavy Blade+1","Headbutt"],"picked":"Iron Wave","floor":20.0},{"not_picked":["Iron Wave","Intimidate+1"],"picked":"Rampage","floor":21.0},{"not_picked":["Body Slam","Thunderclap"],"picked":"Demon Form","floor":24.0},{"not_picked":["Anger+1","Battle Trance+1"],"picked":"Shrug It Off+1","floor":29.0},{"not_picked":["Corruption","Feed"],"picked":"Juggernaut","floor":33.0},{"not_picked":["Evolve+1","Sever Soul+1","Headbutt+1"],"picked":"SKIP","floor":35.0},{"not_picked":["Clothesline","Thunderclap"],"picked":"True Grit+1","floor":36.0},{"not_picked":["Sever Soul","Clash+1","Evolve+1"],"picked":"SKIP","floor":38},{"not_picked":["Pommel Strike+1","Clothesline+1","Perfected Strike"],"picked":"SKIP","floor":41},{"not_picked":["Rupture+1","Twin Strike"],"picked":"Disarm+1","floor":44}],"player_experience":329986,"relics_obtained":[{"floor":7.0,"key":"Toxic Egg 2"},{"floor":9.0,"key":"Smiling Mask"},{"floor":10.0,"key":"Whetstone"},{"floor":24.0,"key":"MawBank"},{"floor":26.0,"key":"Centennial Puzzle"},{"floor":43,"key":"Omamori"},{"floor":44,"key":"FossilizedHelix"}],"event_choices":[{"damage_healed":0.0,"max_hp_gain":0.0,"max_hp_loss":0.0,"gold_gain":0.0,"event_name":"FaceTrader","player_choice":"Trade","floor":2.0,"gold_loss":0.0,"damage_taken":0.0,"relics_obtained":["GremlinMask"]},{"cards_removed":["Strike_R"],"damage_healed":0.0,"max_hp_gain":0.0,"max_hp_loss":0.0,"gold_gain":0.0,"event_name":"Golden Wing","player_choice":"Card Removal","floor":4.0,"gold_loss":0.0,"damage_taken":7.0},{"cards_removed":["Strike_R"],"damage_healed":0.0,"max_hp_gain":0.0,"max_hp_loss":0.0,"gold_gain":0.0,"event_name":"The Cleric","player_choice":"Card Removal","floor":5.0,"gold_loss":50.0,"damage_taken":0.0},{"damage_healed":0.0,"max_hp_gain":0.0,"max_hp_loss":0.0,"gold_gain":0.0,"event_name":"Ghosts","player_choice":"Ignored","floor":19.0,"gold_loss":0.0,"damage_taken":0.0},{"damage_healed":0.0,"max_hp_gain":0.0,"max_hp_loss":0.0,"gold_gain":0.0,"event_name":"Upgrade Shrine","player_choice":"Upgraded","floor":22.0,"gold_loss":0.0,"damage_taken":0.0,"cards_upgraded":["Barricade"]},{"damage_healed":0.0,"max_hp_gain":0.0,"max_hp_loss":0.0,"gold_gain":0.0,"event_name":"Vampires","player_choice":"Ignored","floor":31.0,"gold_loss":0.0,"damage_taken":0.0},{"damage_healed":0.0,"max_hp_gain":0.0,"max_hp_loss":0.0,"gold_gain":0.0,"event_name":"Upgrade Shrine","player_choice":"Upgraded","floor":37.0,"gold_loss":0.0,"damage_taken":0.0,"cards_upgraded":["Juggernaut"]},{"damage_healed":20,"gold_gain":0,"player_choice":"Writhe","damage_taken":0,"max_hp_gain":0,"max_hp_loss":0,"event_name":"Winding Halls","floor":42,"gold_loss":0,"cards_obtained":["Writhe"]},{"cards_removed":["Shrug It Off"],"damage_healed":0,"gold_gain":0,"player_choice":"Removed Skill","damage_taken":0,"max_hp_gain":0,"max_hp_loss":0,"event_name":"Falling","floor":45,"gold_loss":0},{"damage_healed":0,"gold_gain":0,"player_choice":"Ignored","damage_taken":0,"max_hp_gain":0,"max_hp_loss":0,"event_name":"Tomb of Lord Red Mask","floor":46,"gold_loss":0}],"is_beta":false,"boss_relics":[{"not_picked":["Coffee Dripper","Runic Dome"],"picked":"Sozu"},{"not_picked":["Snecko Eye","Black Star"],"picked":"Empty Cage"}],"items_purged_floors":[13,28,30,39,48],"is_endless":false,"potions_floor_spawned":[10,12,16,18,20,24,35,41],"ascension_level":10}}