{"host":"msa0wxqjs3jv1k3j","time":1610171534,"event":{"mods":["BaseMod","BetterRewards","Colored Map","Highlight Path","KOR Keyword Fix","Keyboard Shortcuts","Minty Spire (QoL Compilation)","Quick Restart","SuperFastMode","everything is the same but u backflip on backflip"],"gold_per_floor":[113,113,185,185,197,231,231,16,41,60,235,260,285,360,360,465,465,480,579,494,307,327,327,340,340,340,351,351,351,351,51,51,151,151,168,168,218,149,166,178,192,192,192],"floor_reached":42,"playtime":1396,"items_purged":[],"score":452,"play_id":"37b3cb66-1620-40db-a79a-fd5f54887c80","local_time":"20210109145214","is_ascension_mode":false,"campfire_choices":[{"floor":7,"key":"REST"},{"floor":15,"key":"REST"},{"data":"Mind Blast","floor":23,"key":"SMITH"},{"data":"Buffer","floor":25,"key":"SMITH"},{"floor":29,"key":"REST"},{"floor":32,"key":"REST"}],"circlet_count":0,"master_deck":["Strike_B","Strike_B","Strike_B+1","Strike_B","Defend_B","Defend_B","Defend_B","Defend_B+1","Zap","Dualcast","Capacitor+1","Chaos","Doom and Gloom","Genetic Algorithm","Buffer+1","Static Discharge","Compile Driver+1","All For One","Undo+1","Heatsinks","Redo+1","Mind Blast+1","Ball Lightning","Steam+1","Chaos+1","Leap+1","Creative AI","Coolheaded+1","Barrage+1","Heatsinks","Amplify+1","Turbo+1","Conserve Battery+1"],"relics":["Cracked Core","StoneCalendar","Runic Capacitor","Happy Flower","InkBottle","Mercury Hourglass","Toxic Egg 2","TheAbacus","Omamori","Bronze Scales","Whetstone","Calling Bell","Juzu Bracelet","Sundial","Bird Faced Urn","Nunchaku","Cables","Oddly Smooth Stone","Pen Nib","SlaversCollar","FossilizedHelix"],"acts_visited":["Exordium","TheCity","TheBeyond"],"potions_floor_usage":[6,12,16,33,37,37,41],"damage_taken":[{"damage":12,"enemies":"2 Louse","floor":1,"turns":3},{"damage":6,"enemies":"Jaw Worm","floor":5,"turns":3},{"damage":26,"enemies":"Gremlin Nob","floor":6,"turns":4},{"damage":0,"enemies":"Small Slimes","floor":10,"turns":3},{"damage":27,"enemies":"3 Sentries","floor":12,"turns":5},{"damage":19,"enemies":"The Guardian","floor":16,"turns":8},{"damage":28,"enemies":"2 Thieves","floor":18,"turns":3},{"damage":18,"enemies":"3 Byrds","floor":22,"turns":3},{"damage":6,"enemies":"Snecko","floor":24,"turns":4},{"damage":17,"enemies":"Cultist and Chosen","floor":27,"turns":4},{"damage":31,"enemies":"Collector","floor":33,"turns":9},{"damage":30,"enemies":"3 Shapes","floor":35,"turns":4},{"damage":21,"enemies":"Mind Bloom Boss Battle","floor":37,"turns":5},{"damage":8,"enemies":"3 Darklings","floor":39,"turns":5},{"damage":14,"enemies":"Sphere and 2 Shapes","floor":40,"turns":5},{"damage":49,"enemies":"Spire Growth","floor":41,"turns":5},{"damage":14,"enemies":"Writhing Mass","floor":42,"turns":1}],"seed_played":"-5178233727062006120","potions_obtained":[{"floor":1,"key":"Ancient Potion"},{"floor":5,"key":"Explosive Potion"},{"floor":12,"key":"Dexterity Potion"},{"floor":18,"key":"EssenceOfSteel"},{"floor":33,"key":"Dexterity Potion"},{"floor":35,"key":"FocusPotion"},{"floor":39,"key":"PowerPotion"}],"is_trial":false,"path_per_floor":["M","?","T","?","M","E","R","$","T","M","?","E","T","?","R","B",null,"M","?","?","$","M","R","M","R","T","M","?","R","?","$","R","B",null,"M","?","?","$","M","M","M","M"],"character_chosen":"DEFECT","items_purchased":["Runic Capacitor","Capacitor","Happy Flower","InkBottle","Chaos","TheAbacus","Static Discharge","Heatsinks","Redo+1","Mind Blast","Oddly Smooth Stone","Pen Nib","Heatsinks"],"campfire_rested":4,"item_purchase_floors":[0,0,0,0,0,8,8,21,21,21,31,31,38],"current_hp_per_floor":[63,48,48,53,47,21,45,45,45,45,45,18,18,7,31,12,80,54,54,54,54,40,40,42,42,42,29,29,53,53,53,77,53,80,54,54,47,47,49,43,12,0,0],"gold":192,"neow_bonus":"","is_daily":false,"chose_seed":false,"campfire_upgraded":2,"win_rate":0.0,"timestamp":1610171534,"path_taken":["M","?","?","?","?","E","R","$","T","M","?","E","?","?","R","BOSS","M","?","?","?","M","R","M","R","T","M","?","R","?","?","R","BOSS","M","?","?","$","M","M","M","M"],"items_purchased_type":["Relic","Card","Relic","Relic","Card","Relic","Card","Card","Card","Card","Relic","Relic","Card"],"build_version":"2020-12-22","purchased_purges":0,"victory":false,"max_hp_per_floor":[75,75,75,80,80,80,80,80,80,80,80,80,80,80,80,80,80,80,80,80,80,80,80,80,80,80,80,80,80,80,80,80,80,80,80,76,76,76,76,76,76,76,76],"card_choices":[{"not_picked":["Steam","Redo"],"picked":"Doom and Gloom","floor":1},{"not_picked":["Reprogram","Streamline"],"picked":"Genetic Algorithm","floor":5},{"not_picked":["Conserve Battery+1","Turbo+1"],"picked":"Buffer","floor":6},{"not_picked":["Stack+1","Coolheaded+1"],"picked":"Compile Driver","floor":10},{"not_picked":["Stack+1","Blizzard","Reprogram+1"],"picked":"SKIP","floor":12},{"not_picked":["Hyperbeam","Meteor Strike"],"picked":"All For One","floor":16},{"not_picked":["Blizzard+1","Tempest+1"],"picked":"Undo+1","floor":18},{"not_picked":["Gash","Darkness+1"],"picked":"Ball Lightning","floor":22},{"not_picked":["Turbo+1","Reprogram+1"],"picked":"Steam+1","floor":24},{"not_picked":["Beam Cell","Genetic Algorithm+1"],"picked":"Chaos+1","floor":27},{"not_picked":["Seek+1","Biased Cognition"],"picked":"Creative AI","floor":33},{"not_picked":["Hologram+1","Undo+1"],"picked":"Coolheaded+1","floor":35},{"not_picked":["Beam Cell","Aggregate+1"],"picked":"Barrage+1","floor":37},{"not_picked":["Streamline","Blizzard"],"picked":"Amplify+1","floor":39},{"not_picked":["Scrape","Barrage"],"picked":"Turbo+1","floor":40},{"not_picked":["Glacier+1","Go for the Eyes+1"],"picked":"Conserve Battery+1","floor":41}],"player_experience":41031,"relics_obtained":[{"floor":3,"key":"Mercury Hourglass"},{"floor":6,"key":"Toxic Egg 2"},{"floor":9,"key":"Omamori"},{"floor":12,"key":"Bronze Scales"},{"floor":13,"key":"Whetstone"},{"floor":17,"key":"Juzu Bracelet"},{"floor":17,"key":"Sundial"},{"floor":17,"key":"Bird Faced Urn"},{"floor":26,"key":"Cables"},{"floor":37,"key":"FossilizedHelix"}],"event_choices":[{"damage_healed":0,"gold_gain":0,"player_choice":"Entered Light","damage_taken":15,"max_hp_gain":0,"max_hp_loss":0,"event_name":"Shining Light","floor":2,"gold_loss":0,"cards_upgraded":["Defend_B","Capacitor"]},{"damage_healed":0,"gold_gain":0,"player_choice":"Donut","damage_taken":0,"max_hp_gain":5,"max_hp_loss":0,"event_name":"Big Fish","floor":4,"gold_loss":0},{"damage_healed":0,"gold_gain":175,"player_choice":"AGREE","damage_taken":0,"max_hp_gain":0,"max_hp_loss":0,"event_name":"Liars Game","floor":11,"gold_loss":0,"cards_obtained":["Doubt"]},{"damage_healed":0,"gold_gain":75,"player_choice":"Gather Gold","damage_taken":11,"max_hp_gain":0,"max_hp_loss":0,"event_name":"World of Goop","floor":14,"gold_loss":0},{"damage_healed":0,"gold_gain":99,"player_choice":"Stole From Cult","damage_taken":0,"max_hp_gain":0,"max_hp_loss":0,"event_name":"Nest","floor":19,"gold_loss":0},{"damage_healed":0,"gold_gain":0,"player_choice":"Obtained Relic","damage_taken":0,"relics_obtained":["Nunchaku"],"max_hp_gain":0,"max_hp_loss":0,"event_name":"Addict","floor":20,"gold_loss":85},{"damage_healed":0,"gold_gain":0,"player_choice":"Ignored","damage_taken":0,"max_hp_gain":0,"max_hp_loss":0,"event_name":"Ghosts","floor":28,"gold_loss":0},{"damage_healed":0,"gold_gain":0,"player_choice":"Read","damage_taken":0,"max_hp_gain":0,"max_hp_loss":0,"event_name":"The Library","floor":30,"gold_loss":0,"cards_obtained":["Leap"]},{"damage_healed":0,"gold_gain":0,"player_choice":"Max HP","damage_taken":0,"max_hp_gain":0,"max_hp_loss":4,"event_name":"Winding Halls","floor":36,"gold_loss":0},{"damage_healed":0,"gold_gain":0,"player_choice":"Fight","damage_taken":0,"max_hp_gain":0,"max_hp_loss":0,"event_name":"MindBloom","floor":37,"gold_loss":0}],"is_beta":false,"boss_relics":[{"not_picked":["Runic Pyramid","Busted Crown"],"picked":"Calling Bell"},{"not_picked":["Fusion Hammer","FrozenCore"],"picked":"SlaversCollar"}],"items_purged_floors":[],"is_endless":false,"potions_floor_spawned":[1,5,12,18,33,35,39],"killed_by":"Writhing Mass","ascension_level":0}}