{"host":"zyr8epy5qmtlh8g0","time":1610205981,"event":{"mods":["Arknights The Spire","BaseMod","Colored Map","Downfall","Minty Spire (QoL Compilation)","MostiFishMod","Quick Restart","Replay The Spire","Spicy Shops","StSLib","TestMod","¡¾ÒÅÎï¿¨ÅÆ¡¿REMEMod","óô»ðÖ¸ÄÏ"],"gold_per_floor":[99,110,110,110,95,107,182,198,198,93,93,193,193,220,240,336,336,261,271,271,19,31,47,47,57,57,57,83,99,99,111,127,232,232,157,174,188,202,153,153,153,166,201,215,215,215,215,225,150,161,173,173,173,202,81,81,81],"floor_reached":58,"playtime":3692,"items_purged":["Replay:Hysterical Blindness"],"score":1463,"play_id":"20fc66db-f702-4239-b7b6-05183ef895d3","local_time":"20210109232621","is_ascension_mode":false,"campfire_choices":[{"data":"expansioncontent:StudyTheSpire","floor":1,"key":"SMITH"},{"data":"Guardian:ExploitGems","floor":35,"key":"SMITH"},{"floor":40,"key":"RECALL"},{"data":"Guardian:TwinSlam","floor":49,"key":"SMITH"},{"data":"Guardian:CrystalBeam","floor":56,"key":"SMITH"}],"circlet_count":0,"master_deck":["Guardian:Strike_Guardian+1","Guardian:Strike_Guardian","Guardian:Strike_Guardian","Guardian:Strike_Guardian","Guardian:Defend_Guardian","Guardian:CurlUp","Guardian:TwinSlam+1","expansioncontent:StudyTheSpire+1","Guardian:PiercingHide","Guardian:CrystalBeam","Guardian:PrimingBeam","Guardian:ChargeCore","Guardian:SphericShield","REME_MagicPocketWatch","Guardian:Harden","Guardian:VentSteam","Guardian:RevengeProtocol","Guardian:Suspension+1","Guardian:ArmoredProtocol+1","Guardian:VentSteam","Guardian:PrimingBeam+1","Guardian:ChargeUp+1","Guardian:BronzeArmor","Guardian:Reroute+1","Guardian:Reroute+1","Guardian:Reroute","Guardian:TemporalStrike","Guardian:ExploitGems+1","Guardian:Planning","Guardian:CrystalBeam+1","Guardian:Incinerate+1","Guardian:VentSteam","Guardian:RollAttack","Guardian:ExploitGems+1","Guardian:Planning+1","Guardian:VentSteam","Guardian:TemporalStrike+1","Guardian:WalkerClaw+1","Guardian:TemporalStrike","Guardian:SentryBeam+1","Guardian:CrystalBeam+1","Guardian:PrismaticBarrier","Guardian:Gem_Fragmented"],"relics":["Guardian:ModeShifter","testmod-TestBox","DaveBox","REME_ComplimentaryCards","testmod-IWantAll","DianDianMeat","testmod-CyclicPeriapt","Gremlin Horn","Guardian:PickAxe","Replay:WaspNest","Honey Jar","downfall:HeartBlessingGreen","ReplayTheSpireMod:CursedCoin","DianPoetry","Replay:PocketPolymizer","testmod-EnergyCheck","downfall:HeartBlessingBlue","BrkXgEgg","REME_CardOfGreed","InkBottle","testmod-BalancedPeriapt","downfall:HeartBlessingRed","testmod-D¨¦j¨¤vu"],"acts_visited":["Exordium","TheCity","TheBeyond","TheEnding"],"potions_floor_usage":[9,10,16,16,21,25,33,33,33,33,39,57,57,57],"damage_taken":[{"damage":11,"enemies":"Jaw Worm","floor":2,"turns":3},{"damage":10,"enemies":"downfall:FleeingMerchant","floor":5,"turns":4},{"damage":3,"enemies":"Small Slimes","floor":6,"turns":3},{"damage":9,"enemies":"Cultist","floor":8,"turns":3},{"damage":0,"enemies":"Cultist","floor":9,"turns":1},{"damage":15,"enemies":"downfall:FleeingMerchant","floor":10,"turns":4},{"damage":62,"enemies":"Gremlin Nob","floor":14,"turns":7},{"damage":6,"enemies":"3 Louse","floor":15,"turns":2},{"damage":10,"enemies":"downfall:Watcher","floor":16,"turns":6},{"damage":0,"enemies":"Shell Parasite","floor":19,"turns":8},{"damage":0,"enemies":"downfall:FleeingMerchant","floor":21,"turns":4},{"damage":21,"enemies":"Snake Plant","floor":22,"turns":4},{"damage":0,"enemies":"Snecko","floor":23,"turns":5},{"damage":6,"enemies":"Cultist and Chosen","floor":25,"turns":4},{"damage":26,"enemies":"Slavers","floor":28,"turns":5},{"damage":12,"enemies":"Shelled Parasite and Fungi","floor":29,"turns":4},{"damage":0,"enemies":"Snake Plant","floor":31,"turns":4},{"damage":9,"enemies":"Cultist and Chosen","floor":32,"turns":5},{"damage":15,"enemies":"downfall:Silent","floor":33,"turns":5},{"damage":20,"enemies":"3 Darklings","floor":36,"turns":4},{"damage":0,"enemies":"3 Shapes","floor":37,"turns":3},{"damage":11,"enemies":"Transient","floor":38,"turns":6},{"damage":0,"enemies":"downfall:FleeingMerchant","floor":39,"turns":3},{"damage":10,"enemies":"Spire Growth","floor":42,"turns":2},{"damage":33,"enemies":"Nemesis","floor":43,"turns":3},{"damage":64,"enemies":"Sphere and 2 Shapes","floor":44,"turns":2},{"damage":99,"enemies":"Writhing Mass","floor":48,"turns":2},{"damage":28,"enemies":"4 Shapes","floor":50,"turns":2},{"damage":21,"enemies":"3 Darklings","floor":51,"turns":2},{"damage":249,"enemies":"downfall:Ironclad","floor":52,"turns":2},{"damage":24,"enemies":"downfall:CharBossMerchant","floor":54,"turns":2},{"damage":1057,"enemies":"downfall:NeowBoss","floor":57,"turns":13}],"seed_played":"5043811733843178671","potions_obtained":[{"floor":6,"key":"Dexterity Potion"},{"floor":8,"key":"ColorlessPotion"},{"floor":14,"key":"Toxic Potion"},{"floor":15,"key":"LiquidMemories"},{"floor":20,"key":"CultistPotion"},{"floor":23,"key":"Fruit Juice"},{"floor":25,"key":"Regen Potion"},{"floor":28,"key":"Milkshake"},{"floor":31,"key":"Fire Potion"},{"floor":32,"key":"Fire Potion"},{"floor":36,"key":"Dexterity Potion"},{"floor":37,"key":"Fire Potion"},{"floor":43,"key":"Fire Potion"},{"floor":44,"key":"Strength Potion"},{"floor":51,"key":"testmod-EscapePotion"}],"is_trial":false,"path_per_floor":["R","M","?","?","$","M","T","M","?","$","R","?","R","E","M","B",null,"R","M","?","$","M","M","T","M","R","?","E","M","?","M","M","B",null,"R","M","M","M","$","R","T","M","E","M","?","PTL","PTL","M","R","M","M","B",null,"E","$","R","B",null],"character_chosen":"GUARDIAN","items_purchased":["REME_MagicPocketWatch","ReplayTheSpireMod:CursedCoin","DianPoetry","Guardian:VentSteam","Guardian:RollAttack","BrkXgEgg","REME_CardOfGreed","Guardian:PrismaticBarrier","Guardian:Gem_Lightblue"],"campfire_rested":0,"item_purchase_floors":[10,21,21,39,39,39,39,55,55],"current_hp_per_floor":[57,48,48,55,50,53,53,51,303,347,410,410,477,450,480,507,783,860,900,900,983,1005,1049,1049,1093,1093,1139,1160,1196,1196,1245,1286,1337,1411,1421,1453,1506,1549,1717,1775,1775,1824,1865,1865,1865,1865,1865,1865,1865,1865,1865,1616,1865,1865,1865,1865,808],"gold":81,"neow_bonus":"ONE_RARE_RELIC","is_daily":false,"chose_seed":false,"campfire_upgraded":4,"win_rate":0.0,"timestamp":1610205981,"path_taken":["R","M","?","?","$","M","T","?","?","$","R","?","R","E","M","BOSS","R","M","?","$","M","M","T","M","R","?","E","?","?","M","M","BOSS","R","M","M","M","$","R","T","M","E","M","?","PTL","PTL","M","R","M","M","BOSS","E","$","R","BOSS"],"items_purchased_type":["Card","Relic","Relic","Card","Card","Relic","Relic","Card","Card"],"build_version":"2020-12-22","purchased_purges":1,"victory":true,"max_hp_per_floor":[81,83,83,90,95,101,101,108,486,545,608,608,675,710,746,783,783,860,900,900,983,1026,1070,1070,1120,1120,1166,1213,1261,1261,1310,1360,1411,1411,1421,1473,1526,1580,1748,1806,1806,1865,1865,1865,1865,1865,1865,1865,1865,1865,1865,1865,1865,1865,1865,1865,1865],"card_choices":[{"not_picked":["Guardian:VentSteam","Guardian:Preprogram"],"picked":"Guardian:PiercingHide","floor":2},{"not_picked":["Guardian:ShieldSpikes","Guardian:WalkerClaw"],"picked":"Guardian:CrystalBeam","floor":5},{"not_picked":["Guardian:Clone","Guardian:BronzeOrb"],"picked":"Guardian:PrimingBeam","floor":6},{"not_picked":["Guardian:TimeCapacitor","Guardian:PiercingHide"],"picked":"Guardian:ChargeCore","floor":8},{"not_picked":["Guardian:VentSteam","Guardian:Gem_White"],"picked":"Guardian:SphericShield","floor":10},{"not_picked":["Guardian:TimeBomb","Guardian:BronzeOrb"],"picked":"Guardian:Harden","floor":14},{"not_picked":["Guardian:CrystalBeam","Guardian:Suspension"],"picked":"Guardian:VentSteam","floor":15},{"not_picked":["Guardian:TimeSifter","Guardian:FastForward"],"picked":"Guardian:RevengeProtocol","floor":16},{"not_picked":["Guardian:DonusPower+1","Guardian:Reroute","Guardian:Planning"],"picked":"Guardian:Suspension+1","floor":19},{"not_picked":["Guardian:Gem_Purple","Guardian:RefractedBeam+1","Guardian:Gem_Lightblue"],"picked":"Guardian:ArmoredProtocol+1","floor":21},{"not_picked":["Guardian:EvasiveProtocol+1","Guardian:TemporalStrike","Guardian:ShieldCharger"],"picked":"Guardian:VentSteam","floor":22},{"not_picked":["Guardian:Gem_Red","Guardian:Gem_Purple","Guardian:Emergency+1"],"picked":"Guardian:PrimingBeam+1","floor":23},{"not_picked":["Guardian:Gem_Red","Guardian:ConstructionForm","Guardian:PiercingHide"],"picked":"Guardian:ChargeUp+1","floor":25},{"not_picked":["Guardian:Suspension","Guardian:Gem_Cyan","Guardian:BronzeArmor"],"picked":"Guardian:Reroute+1","floor":28},{"not_picked":["Guardian:Gem_Lightblue","Guardian:Recover","Guardian:Gem_Green"],"picked":"Guardian:Reroute+1","floor":29},{"not_picked":["Guardian:Gem_Cyan","Guardian:Recover","Guardian:AncientConstruct"],"picked":"Guardian:Reroute","floor":31},{"not_picked":["Guardian:Incinerate","Guardian:Gem_Cyan","Guardian:DecasProtection"],"picked":"Guardian:TemporalStrike","floor":32},{"not_picked":["Guardian:Gem_Synthetic","Guardian:ConstructionForm","Guardian:RevengeProtocol"],"picked":"Guardian:ExploitGems","floor":33},{"not_picked":["Guardian:Emergency","Guardian:Gem_Cyan","Guardian:SentryBeam"],"picked":"Guardian:Planning","floor":36},{"not_picked":["Guardian:TimeBomb","Guardian:PolyBeam+1","Guardian:EvasiveProtocol"],"picked":"Guardian:Gem_Green","floor":37},{"not_picked":["Guardian:Gem_White","Guardian:Gem_Cyan","Guardian:TimeCapacitor"],"picked":"Guardian:CrystalBeam","floor":38},{"not_picked":["Guardian:HyperBeam_Guardian","Guardian:Repulse+1","Guardian:RefractedBeam"],"picked":"Guardian:Incinerate+1","floor":39},{"not_picked":["Guardian:Gem_Fragmented","Guardian:PiercingHide","Guardian:RefractedBeam"],"picked":"Guardian:Planning+1","floor":42},{"not_picked":["Guardian:ChargeCore+1","Guardian:Recover","Guardian:ArmoredProtocol"],"picked":"Guardian:VentSteam","floor":43},{"not_picked":["Guardian:TimeCapacitor","Guardian:Gem_Red","Guardian:ShieldSpikes+1"],"picked":"Guardian:TemporalStrike+1","floor":44},{"not_picked":["Guardian:Gem_White","Guardian:DecasProtection","Guardian:Emergency"],"picked":"Guardian:WalkerClaw+1","floor":48},{"not_picked":["Guardian:VentSteam","Guardian:Gem_Green","Guardian:Gem_Lightblue"],"picked":"Guardian:TemporalStrike","floor":50},{"not_picked":["Guardian:Clone+1","Guardian:Gem_Orange","Guardian:PiercingHide+1"],"picked":"Guardian:SentryBeam+1","floor":51},{"not_picked":["Guardian:Gem_Green","Guardian:Gem_Lightblue","Guardian:ExploitGems+1"],"picked":"Guardian:CrystalBeam+1","floor":54}],"player_experience":65616,"relics_obtained":[{"floor":7,"key":"Gremlin Horn"},{"floor":14,"key":"Replay:WaspNest"},{"floor":28,"key":"Replay:PocketPolymizer"},{"floor":41,"key":"InkBottle"},{"floor":43,"key":"testmod-BalancedPeriapt"},{"floor":54,"key":"testmod-D¨¦j¨¤vu"}],"event_choices":[{"damage_healed":0,"gold_gain":100,"player_choice":"Gold","damage_taken":0,"max_hp_gain":0,"max_hp_loss":0,"event_name":"Wheel of Change","floor":12,"gold_loss":0},{"damage_healed":0,"gold_gain":0,"cards_transformed":["Guardian:Defend_Guardian"],"player_choice":"Transformed","damage_taken":0,"max_hp_gain":0,"max_hp_loss":0,"event_name":"Transmorgrifier","floor":27,"gold_loss":0,"cards_obtained":["Guardian:BronzeArmor"]},{"damage_healed":0,"gold_gain":0,"player_choice":"Ignored","damage_taken":0,"max_hp_gain":0,"max_hp_loss":0,"event_name":"Ghosts","floor":30,"gold_loss":0}],"is_beta":false,"boss_relics":[{"not_picked":["BloodWine","Tiny House"],"picked":"Honey Jar"},{"not_picked":["NightmareShop","testmod-IncinerationGenerator"],"picked":"testmod-EnergyCheck"}],"items_purged_floors":[21],"is_endless":false,"potions_floor_spawned":[6,8,14,15,23,25,28,31,32,36,37,43,44,51],"ascension_level":0}}