{"host":"63yhhrjweyj22b0v","time":1610184058,"event":{"mods":["BaseMod","Minty Spire (QoL Compilation)","Quick Restart"],"gold_per_floor":[116,291,291,302,89,123,123,148,173,173,199,199,220,233,233,344,403,426,109,131,131,151,186,186,208,208,208,247,257,257,257],"floor_reached":30,"playtime":1013,"items_purged":["Doubt","Defend_B"],"score":297,"play_id":"c299af3a-ddd6-4e79-93a1-23bfd29e22fe","local_time":"20210109032058","is_ascension_mode":false,"campfire_choices":[{"data":"Fusion","floor":7,"key":"SMITH"},{"data":"Self Repair","floor":10,"key":"SMITH"},{"data":"Static Discharge","floor":12,"key":"SMITH"},{"data":"White Noise","floor":15,"key":"SMITH"},{"floor":24,"key":"REST"},{"data":"Fission","floor":27,"key":"SMITH"}],"circlet_count":0,"master_deck":["Strike_B","Strike_B","Strike_B","Strike_B","Defend_B","Defend_B","Zap+1","Dualcast+1","Fusion+1","Force Field+1","Self Repair+1","Ball Lightning","Leap","Seek","Storm","Static Discharge+1","White Noise+1","Electrodynamics","Leap","Redo","Fission+1","Capacitor","Beam Cell","Melter","Defragment","Barrage+1"],"relics":["Cracked Core","NeowsBlessing","CeramicFish","Happy Flower","Tiny House","War Paint","Toxic Egg 2","TungstenRod"],"acts_visited":["Exordium","TheCity"],"potions_floor_usage":[11,16,16,16,23,23,29,30],"damage_taken":[{"damage":0,"enemies":"Jaw Worm","floor":1,"turns":1},{"damage":0,"enemies":"Small Slimes","floor":4,"turns":1},{"damage":0,"enemies":"3 Sentries","floor":6,"turns":2},{"damage":0,"enemies":"Cultist","floor":8,"turns":3},{"damage":4,"enemies":"2 Fungi Beasts","floor":11,"turns":2},{"damage":38,"enemies":"Gremlin Gang","floor":13,"turns":3},{"damage":1,"enemies":"Looter","floor":14,"turns":3},{"damage":42,"enemies":"Slime Boss","floor":16,"turns":8},{"damage":5,"enemies":"Spheric Guardian","floor":18,"turns":3},{"damage":26,"enemies":"2 Thieves","floor":20,"turns":2},{"damage":14,"enemies":"Centurion and Healer","floor":22,"turns":6},{"damage":35,"enemies":"Book of Stabbing","floor":23,"turns":5},{"damage":11,"enemies":"3 Cultists","floor":25,"turns":4},{"damage":44,"enemies":"Gremlin Leader","floor":28,"turns":5},{"damage":6,"enemies":"Snake Plant","floor":29,"turns":5},{"damage":34,"enemies":"Chosen and Byrds","floor":30,"turns":4}],"seed_played":"-6121422055781655211","potions_obtained":[{"floor":1,"key":"FearPotion"},{"floor":4,"key":"Fire Potion"},{"floor":13,"key":"EssenceOfSteel"},{"floor":14,"key":"SteroidPotion"},{"floor":17,"key":"ColorlessPotion"},{"floor":22,"key":"DistilledChaos"},{"floor":25,"key":"LiquidBronze"},{"floor":28,"key":"SkillPotion"},{"floor":29,"key":"LiquidMemories"}],"is_trial":false,"path_per_floor":["M","?","?","M","$","E","R","M","T","R","M","R","M","M","R","B",null,"M","$","M","?","M","E","R","M","T","R","E","M","M"],"character_chosen":"DEFECT","items_purchased":["Self Repair","Ball Lightning","Leap","Fission","Capacitor"],"campfire_rested":1,"item_purchase_floors":[5,5,5,19,19],"current_hp_per_floor":[75,75,68,68,68,68,68,75,75,75,75,75,47,56,56,24,80,75,75,59,59,55,30,54,53,53,53,19,23,0,0],"gold":257,"neow_bonus":"THREE_ENEMY_KILL","is_daily":false,"chose_seed":false,"campfire_upgraded":5,"win_rate":0.0,"timestamp":1610184058,"path_taken":["M","?","?","?","$","E","R","M","T","R","M","R","M","M","R","BOSS","M","$","M","?","M","E","R","M","T","R","E","M","?"],"items_purchased_type":["Card","Card","Card","Card","Card"],"build_version":"2020-12-22","purchased_purges":2,"victory":false,"max_hp_per_floor":[75,75,75,75,75,75,75,75,75,75,75,75,75,75,75,75,80,80,80,80,80,80,80,80,80,80,80,80,80,80,80],"card_choices":[{"not_picked":["Rip and Tear","Steam"],"picked":"Fusion","floor":1},{"not_picked":["Compile Driver","Aggregate"],"picked":"Force Field","floor":4},{"not_picked":["FTL","Tempest"],"picked":"Seek","floor":6},{"not_picked":["Steam Power","Skim"],"picked":"Storm","floor":8},{"not_picked":["Gash","Double Energy"],"picked":"Static Discharge","floor":11},{"not_picked":["Coolheaded","Compile Driver"],"picked":"White Noise","floor":13},{"not_picked":["Fusion","Turbo","Scrape"],"picked":"SKIP","floor":14},{"not_picked":["All For One","Core Surge"],"picked":"Electrodynamics","floor":16},{"not_picked":["Streamline","Compile Driver"],"picked":"Leap","floor":17},{"not_picked":["BootSequence+1","Hologram"],"picked":"Redo","floor":18},{"not_picked":["Go for the Eyes","Recycle+1"],"picked":"Beam Cell","floor":20},{"not_picked":["Fusion","Undo"],"picked":"Melter","floor":22},{"not_picked":["Doom and Gloom","Leap","Hologram"],"picked":"SKIP","floor":23},{"not_picked":["Reinforced Body+1","Fusion+1"],"picked":"Defragment","floor":25},{"not_picked":["Undo+1","Coolheaded+1"],"picked":"Barrage+1","floor":28},{"not_picked":["Streamline","Force Field+1","Hologram+1"],"picked":"SKIP","floor":29}],"player_experience":651621,"relics_obtained":[{"floor":6,"key":"CeramicFish"},{"floor":9,"key":"Happy Flower"},{"floor":23,"key":"War Paint"},{"floor":26,"key":"Toxic Egg 2"},{"floor":28,"key":"TungstenRod"}],"event_choices":[{"damage_healed":0,"gold_gain":175,"player_choice":"AGREE","damage_taken":0,"max_hp_gain":0,"max_hp_loss":0,"event_name":"Liars Game","floor":2,"gold_loss":0,"cards_obtained":["Doubt"]},{"damage_healed":0,"gold_gain":0,"player_choice":"Damaged","damage_taken":7,"max_hp_gain":0,"max_hp_loss":0,"event_name":"Wheel of Change","floor":3,"gold_loss":0},{"cards_removed":["Defend_B"],"damage_healed":0,"gold_gain":0,"player_choice":"Offered Basic","damage_taken":0,"max_hp_gain":0,"max_hp_loss":0,"event_name":"Bonfire Elementals","floor":21,"gold_loss":0}],"is_beta":false,"boss_relics":[{"not_picked":["Black Star","Snecko Eye"],"picked":"Tiny House"}],"items_purged_floors":[5,19],"is_endless":false,"potions_floor_spawned":[1,4,13,14,22,25,28,29],"killed_by":"Chosen and Byrds","ascension_level":0}}