{"host":"ga4s3hj9m6nkn6gp","time":1610214922,"event":{"mods":["AchievementEnabler","BaseMod","Bestiary","Colored Powertips","Highlight Path","Minty Spire (QoL Compilation)","Relic Stats","everything is the same but u backflip on backflip"],"gold_per_floor":[112,126,146,156,67,67,95,95,95,126,144,144,174,186,186,258,258,274,274,274,25,40,40,65,65,90,110,110,110,136,153,153,225,225,244,90,90,109,109,138,138,157,157,32,61,61,61,78,78,78,78,78,78,1,27,27],"floor_reached":57,"playtime":3912,"items_purged":["Writhe","Strike_G","Strike_G"],"score":2736,"play_id":"214684f1-954e-47fc-bbef-7fbf1b0ba389","local_time":"20210109185522","is_ascension_mode":true,"campfire_choices":[{"data":"Catalyst","floor":6.0,"key":"SMITH"},{"data":"Deadly Poison","floor":8.0,"key":"SMITH"},{"data":"Noxious Fumes","floor":15.0,"key":"SMITH"},{"data":"Wraith Form v2","floor":23.0,"key":"SMITH"},{"floor":25.0,"key":"REST"},{"data":"Noxious Fumes","floor":29.0,"key":"SMITH"},{"floor":32.0,"key":"REST"},{"floor":41.0,"key":"REST"},{"floor":47,"key":"RECALL"},{"data":"Doppelganger","floor":49,"key":"SMITH"},{"floor":53,"key":"REST"}],"circlet_count":0,"master_deck":["AscendersBane","Defend_G+1","Defend_G+1","Defend_G","Defend_G","Defend_G","Survivor","Neutralize","Deadly Poison+1","Poisoned Stab","Dagger Throw","Doppelganger+1","Catalyst+1","Terror+1","Noxious Fumes+1","Prepared+1","Night Terror+1","Blur+1","Noxious Fumes+1","Wraith Form v2+1","Acrobatics+1","PiercingWail+1","Acrobatics+1","Malaise+1","Masterful Stab+1","Catalyst+1","Catalyst+1","Acrobatics+1","Finesse+1","Bandage Up+1","Concentrate+1","Backflip+1","Leg Sweep+1","Deflect+1","Well Laid Plans","Concentrate+1"],"relics":["Ring of the Snake","Toxic Egg 2","Mummified Hand","Singing Bowl","Unceasing Top","Sozu","Strawberry","Ice Cream","Snake Skull","Dream Catcher","Astrolabe","War Paint","StrikeDummy","Lantern","Oddly Smooth Stone"],"acts_visited":["Exordium","TheCity","TheBeyond","TheEnding"],"potions_floor_usage":[],"damage_taken":[{"damage":3.0,"enemies":"Cultist","floor":1.0,"turns":4.0},{"damage":1.0,"enemies":"Small Slimes","floor":2.0,"turns":4.0},{"damage":0.0,"enemies":"2 Louse","floor":3.0,"turns":4.0},{"damage":5.0,"enemies":"2 Fungi Beasts","floor":4.0,"turns":4.0},{"damage":41.0,"enemies":"3 Sentries","floor":7.0,"turns":12.0},{"damage":4.0,"enemies":"Gremlin Nob","floor":10.0,"turns":3.0},{"damage":10.0,"enemies":"Exordium Thugs","floor":11.0,"turns":3.0},{"damage":35.0,"enemies":"Lagavulin","floor":13.0,"turns":5.0},{"damage":3.0,"enemies":"Large Slime","floor":14.0,"turns":5.0},{"damage":5.0,"enemies":"The Guardian","floor":16.0,"turns":7.0},{"damage":13.0,"enemies":"3 Byrds","floor":18.0,"turns":5.0},{"damage":14.0,"enemies":"Spheric Guardian","floor":22.0,"turns":4.0},{"damage":33.0,"enemies":"Gremlin Leader","floor":24.0,"turns":6.0},{"damage":0.0,"enemies":"3 Cultists","floor":27.0,"turns":4.0},{"damage":13.0,"enemies":"Book of Stabbing","floor":30.0,"turns":5.0},{"damage":0.0,"enemies":"Shelled Parasite and Fungi","floor":31.0,"turns":3.0},{"damage":19.0,"enemies":"Champ","floor":33.0,"turns":6.0},{"damage":30.0,"enemies":"3 Darklings","floor":35.0,"turns":5.0},{"damage":6.0,"enemies":"3 Shapes","floor":38.0,"turns":5.0},{"damage":1.0,"enemies":"Nemesis","floor":40.0,"turns":7.0},{"damage":12,"enemies":"Writhing Mass","floor":42,"turns":3},{"damage":2,"enemies":"Giant Head","floor":45,"turns":5},{"damage":2,"enemies":"3 Darklings","floor":48,"turns":5},{"damage":34,"enemies":"Donu and Deca","floor":50,"turns":8},{"damage":46,"enemies":"Awakened One","floor":51,"turns":11},{"damage":23,"enemies":"Shield and Spear","floor":55,"turns":7},{"damage":64,"enemies":"The Heart","floor":56,"turns":9}],"seed_played":"-7189352263085943591","potions_obtained":[{"floor":2.0,"key":"FearPotion"},{"floor":7.0,"key":"FairyPotion"},{"floor":10.0,"key":"AttackPotion"},{"floor":14.0,"key":"SpeedPotion"},{"floor":16.0,"key":"Fire Potion"}],"is_trial":false,"path_per_floor":["M","M","M","M","$","R","E","R","T","E","M","?","E","M","R","B",null,"M","?","?","$","M","R","E","R","T","M","?","R","E","M","R","B",null,"M","$","?","M","?","E","R","M","T","$","E","$","R","M","R","B","B",null,"R","$","E","B",null],"character_chosen":"THE_SILENT","items_purchased":["Catalyst","Wraith Form v2","Acrobatics+1","Well Laid Plans"],"campfire_rested":4,"item_purchase_floors":[5,21,36,54],"current_hp_per_floor":[62,61,61,56,56,56,15,15,15,11,1,25,23,20,20,15,59,46,53,53,53,41,41,10,35,35,35,35,35,24,24,50,31,73,45,45,37,37,37,44,72,66,66,66,70,70,70,74,74,46,6,69,92,92,75,17],"gold":27,"neow_bonus":"TEN_PERCENT_HP_BONUS","is_daily":false,"chose_seed":false,"campfire_upgraded":6,"win_rate":0.0,"timestamp":1610214922,"path_taken":["M","?","M","M","$","R","E","R","T","E","M","?","E","M","R","BOSS","M","?","?","$","M","R","E","R","T","M","?","R","E","M","R","BOSS","M","$","?","M","?","E","R","M","T","?","E","$","R","M","R","BOSS","BOSS","R","$","E","BOSS"],"items_purchased_type":["Card","Card","Card","Card"],"build_version":"2020-12-22","purchased_purges":3,"victory":true,"max_hp_per_floor":[72,72,72,72,72,72,72,72,72,72,72,72,74,74,74,74,74,74,81,81,81,83,83,85,85,85,85,85,85,87,87,87,87,87,89,89,91,91,86,88,90,90,90,90,90,90,90,90,90,90,90,90,92,92,92,92],"relic_stats":{"Sozu":7,"Dream Catcher":3,"Singing Bowl":18,"counters":[27,149],"Mummified Hand":[54],"Astrolabe":["Masterful Stab","Catalyst","Catalyst"],"Snake Skull":[166],"War Paint":["Defend_G","Defend_G"],"obtain_stats":[{"Ice Cream":24,"Lantern":45,"Singing Bowl":10,"Astrolabe":34,"Oddly Smooth Stone":55,"Snake Skull":28,"War Paint":40,"Sozu":17,"Dream Catcher":30,"Mummified Hand":9,"Strawberry":19,"Toxic Egg 2":7,"StrikeDummy":43,"Unceasing Top":13,"Ring of the Snake":0},{"Ice Cream":13,"Lantern":22,"Singing Bowl":6,"Astrolabe":17,"Oddly Smooth Stone":26,"Snake Skull":14,"War Paint":20,"Sozu":10,"Dream Catcher":15,"Mummified Hand":5,"Strawberry":11,"Toxic Egg 2":5,"StrikeDummy":21,"Unceasing Top":8,"Ring of the Snake":0},{"Ice Cream":66,"Lantern":109,"Singing Bowl":31,"Astrolabe":84,"Oddly Smooth Stone":140,"Snake Skull":70,"War Paint":101,"Sozu":51,"Dream Catcher":75,"Mummified Hand":28,"Strawberry":56,"Toxic Egg 2":28,"StrikeDummy":104,"Unceasing Top":39,"Ring of the Snake":0}],"Unceasing Top":[57],"Ring of the Snake":[54]},"card_choices":[{"not_picked":["Outmaneuver","Cloak And Dagger"],"picked":"Deadly Poison","floor":1.0},{"not_picked":["Sucker Punch","Escape Plan"],"picked":"Poisoned Stab","floor":2.0},{"not_picked":["Sucker Punch","Reflex"],"picked":"Dagger Throw","floor":3.0},{"not_picked":["Backflip","Sucker Punch"],"picked":"Doppelganger","floor":4.0},{"not_picked":["Finisher","Dagger Throw"],"picked":"All Out Attack","floor":7.0},{"not_picked":["Dagger Spray","Outmaneuver+1"],"picked":"Terror+1","floor":10.0},{"not_picked":["Slice","Quick Slash"],"picked":"Noxious Fumes","floor":11.0},{"not_picked":["Dagger Throw","Unload","Flying Knee"],"picked":"Singing Bowl","floor":13.0},{"not_picked":["Dagger Spray","Flying Knee"],"picked":"Prepared+1","floor":14.0},{"not_picked":["Glass Knife","Grand Finale"],"picked":"Night Terror+1","floor":16.0},{"not_picked":["Skewer","Backstab"],"picked":"Blur+1","floor":18.0},{"not_picked":["Noxious Fumes","Outmaneuver+1","Sucker Punch"],"picked":"Singing Bowl","floor":22.0},{"not_picked":["Cloak And Dagger+1","Quick Slash","Poisoned Stab"],"picked":"Singing Bowl","floor":24.0},{"not_picked":["Slice","Poisoned Stab"],"picked":"Acrobatics+1","floor":27.0},{"not_picked":["Dagger Spray","Masterful Stab","Dash"],"picked":"Singing Bowl","floor":30.0},{"not_picked":["Night Terror+1","Blur+1"],"picked":"PiercingWail+1","floor":31.0},{"not_picked":["Endless Agony","Underhanded Strike"],"picked":"Acrobatics+1","floor":32.0},{"not_picked":["Burst+1","Doppelganger+1"],"picked":"Malaise+1","floor":33.0},{"not_picked":["Accuracy","Expertise+1","Flying Knee"],"picked":"Singing Bowl","floor":35.0},{"not_picked":["Purity+1","Chrysalis+1"],"picked":"Finesse+1","floor":37.0},{"not_picked":["Good Instincts+1","Enlightenment+1"],"picked":"Bandage Up+1","floor":37.0},{"not_picked":["Impatience+1","Trip+1","Enlightenment+1"],"picked":"Singing Bowl","floor":37.0},{"not_picked":["Dagger Spray+1","Cloak And Dagger+1"],"picked":"Concentrate+1","floor":38.0},{"not_picked":["Prepared+1","Dagger Throw","Slice"],"picked":"Singing Bowl","floor":40.0},{"not_picked":["Quick Slash","Cloak And Dagger+1","Acrobatics+1"],"picked":"Singing Bowl","floor":41.0},{"not_picked":["Doppelganger+1","Reflex+1"],"picked":"Backflip+1","floor":42},{"not_picked":["Blade Dance+1","Sucker Punch"],"picked":"Leg Sweep+1","floor":45},{"not_picked":["Blade Dance+1","Infinite Blades"],"picked":"Deflect+1","floor":48},{"not_picked":["Blade Dance+1","Prepared+1","Cloak And Dagger+1"],"picked":"Singing Bowl","floor":53},{"not_picked":["Accuracy","Leg Sweep+1"],"picked":"Concentrate+1","floor":55}],"player_experience":602505,"relics_obtained":[{"floor":7.0,"key":"Toxic Egg 2"},{"floor":9.0,"key":"Mummified Hand"},{"floor":10.0,"key":"Singing Bowl"},{"floor":13.0,"key":"Unceasing Top"},{"floor":24.0,"key":"Ice Cream"},{"floor":30.0,"key":"Dream Catcher"},{"floor":40.0,"key":"War Paint"},{"floor":43,"key":"StrikeDummy"},{"floor":45,"key":"Lantern"},{"floor":55,"key":"Oddly Smooth Stone"}],"event_choices":[{"damage_healed":24.0,"max_hp_gain":0.0,"max_hp_loss":0.0,"gold_gain":0.0,"event_name":"Big Fish","player_choice":"Banana","floor":12.0,"gold_loss":0.0,"damage_taken":0.0},{"damage_healed":0.0,"max_hp_gain":0.0,"max_hp_loss":0.0,"gold_gain":0.0,"event_name":"The Mausoleum","player_choice":"Opened","floor":19.0,"gold_loss":0.0,"damage_taken":0.0,"relics_obtained":["Strawberry"],"cards_obtained":["Writhe"]},{"damage_healed":0.0,"max_hp_gain":0.0,"max_hp_loss":0.0,"gold_gain":0.0,"event_name":"The Library","player_choice":"Read","floor":20.0,"gold_loss":0.0,"damage_taken":0.0,"cards_obtained":["Noxious Fumes"]},{"cards_removed":["All Out Attack"],"damage_healed":0.0,"max_hp_gain":0.0,"max_hp_loss":0.0,"gold_gain":0.0,"event_name":"WeMeetAgain","player_choice":"Gave Card","floor":28.0,"gold_loss":0.0,"damage_taken":0.0,"relics_obtained":["Snake Skull"]},{"damage_healed":0.0,"max_hp_gain":0.0,"max_hp_loss":0.0,"gold_gain":0.0,"event_name":"SensoryStone","player_choice":"Memory 3","floor":37.0,"gold_loss":0.0,"damage_taken":10.0},{"damage_healed":0.0,"max_hp_gain":0.0,"max_hp_loss":5.0,"gold_gain":0.0,"event_name":"Winding Halls","player_choice":"Max HP","floor":39.0,"gold_loss":0.0,"damage_taken":0.0}],"is_beta":false,"boss_relics":[{"not_picked":["Ectoplasm","Calling Bell"],"picked":"Sozu"},{"not_picked":["SlaversCollar","Coffee Dripper"],"picked":"Astrolabe"}],"items_purged_floors":[21,36,44],"is_endless":false,"potions_floor_spawned":[2,7,10,14,16,18,22,30,33,38,40,45],"ascension_level":20}}