{"host":"Jinnai","time":1610216806,"event":{"mods":["BaseMod","Bestiary","Block Reminder","Colored Map","Colored Powertips","Highlight Path","Minty Spire (QoL Compilation)","Quick Restart","Relic Stats","StSLib"],"gold_per_floor":[115,126,126,145,165,198,210,244,244,244,244,244,244,271,271,345,345,357,357,407,76,95,130,130,130],"floor_reached":24,"playtime":1440,"items_purged":[],"score":456,"play_id":"3236d701-b90b-4b7a-82d7-7659a62c630f","local_time":"20210109132646","is_ascension_mode":true,"campfire_choices":[{"floor":10,"key":"REST"},{"data":"Meditate","floor":13,"key":"SMITH"},{"floor":15,"key":"REST"}],"circlet_count":0,"master_deck":["AscendersBane","Strike_P","Strike_P","Strike_P","Strike_P","Defend_P","Defend_P","Defend_P","Defend_P","Eruption","Vigilance","Meditate+1","SashWhip","FlurryOfBlows","TalkToTheHand","SpiritShield","ThirdEye","Scrawl","CrushJoints","Devotion","Worship","RitualDagger","JustLucky","WaveOfTheHand"],"relics":["PureWater","Centennial Puzzle","Happy Flower","White Beast Statue","Mercury Hourglass","TungstenRod","Bag of Preparation","Bird Faced Urn","Runic Pyramid","Gambling Chip","PreservedInsect"],"acts_visited":["Exordium","TheCity"],"potions_floor_usage":[6,7,8,14,16,22,23,23],"damage_taken":[{"damage":2,"enemies":"Small Slimes","floor":1,"turns":4},{"damage":0,"enemies":"Jaw Worm","floor":2,"turns":4},{"damage":0,"enemies":"2 Louse","floor":4,"turns":3},{"damage":6,"enemies":"Blue Slaver","floor":5,"turns":5},{"damage":12,"enemies":"Gremlin Nob","floor":6,"turns":3},{"damage":7,"enemies":"Large Slime","floor":7,"turns":4},{"damage":6,"enemies":"Lagavulin","floor":8,"turns":6},{"damage":12,"enemies":"Gremlin Nob","floor":14,"turns":3},{"damage":26,"enemies":"The Guardian","floor":16,"turns":14},{"damage":0,"enemies":"3 Byrds","floor":18,"turns":5},{"damage":4,"enemies":"Shell Parasite","floor":22,"turns":8},{"damage":30,"enemies":"Book of Stabbing","floor":23,"turns":5},{"damage":24,"enemies":"3 Cultists","floor":24,"turns":4}],"seed_played":"6410035893477741679","potions_obtained":[{"floor":2,"key":"FearPotion"},{"floor":5,"key":"SkillPotion"},{"floor":6,"key":"Weak Potion"},{"floor":7,"key":"Ancient Potion"},{"floor":8,"key":"PowerPotion"},{"floor":14,"key":"Explosive Potion"},{"floor":16,"key":"AttackPotion"},{"floor":22,"key":"SpeedPotion"},{"floor":23,"key":"Ancient Potion"}],"is_trial":false,"path_per_floor":["M","M","?","M","M","E","M","E","T","R","T","?","R","E","R","B",null,"M","?","?","$","M","E","M"],"character_chosen":"WATCHER","items_purchased":["Gambling Chip"],"campfire_rested":2,"item_purchase_floors":[21],"current_hp_per_floor":[59,59,41,41,35,23,16,10,10,30,30,30,30,18,38,14,55,57,52,52,52,50,22,0,0],"gold":130,"neow_bonus":"RANDOM_COMMON_RELIC","is_daily":false,"chose_seed":false,"campfire_upgraded":1,"win_rate":0.0,"timestamp":1610216806,"path_taken":["M","M","?","M","M","E","M","E","T","R","?","?","R","E","R","BOSS","M","?","?","$","?","E","M"],"items_purchased_type":["Relic"],"build_version":"2020-12-18","purchased_purges":0,"victory":false,"max_hp_per_floor":[68,68,68,68,68,68,68,68,68,68,68,68,68,68,68,68,68,68,68,68,68,68,68,68,68],"relic_stats":{"Centennial Puzzle":[30],"Happy Flower":[20],"counters":[13,68],"Bird Faced Urn":[8],"Gambling Chip":[9],"PreservedInsect":0,"Bag of Preparation":[12],"obtain_stats":[{"Centennial Puzzle":0,"Happy Flower":3,"Bird Faced Urn":14,"Gambling Chip":21,"PreservedInsect":23,"Bag of Preparation":11,"PureWater":0,"White Beast Statue":6,"TungstenRod":9,"Mercury Hourglass":8,"Runic Pyramid":17},{"Centennial Puzzle":0,"Happy Flower":2,"Bird Faced Urn":8,"Gambling Chip":10,"PreservedInsect":12,"Bag of Preparation":7,"PureWater":0,"White Beast Statue":5,"TungstenRod":7,"Mercury Hourglass":7,"Runic Pyramid":9},{"Centennial Puzzle":0,"Happy Flower":8,"Bird Faced Urn":32,"Gambling Chip":51,"PreservedInsect":64,"Bag of Preparation":29,"PureWater":0,"White Beast Statue":19,"TungstenRod":29,"Mercury Hourglass":29,"Runic Pyramid":46}],"TungstenRod":28,"Mercury Hourglass":[126]},"card_choices":[{"not_picked":["Halt","ForeignInfluence"],"picked":"Meditate","floor":1},{"not_picked":["Indignation","EmptyBody"],"picked":"SashWhip","floor":2},{"not_picked":["Evaluate","FlyingSleeves"],"picked":"FlurryOfBlows","floor":4},{"not_picked":["EmptyFist","CarveReality"],"picked":"TalkToTheHand","floor":5},{"not_picked":["Sanctity","Nirvana"],"picked":"SpiritShield","floor":6},{"not_picked":["WreathOfFlame","PathToVictory"],"picked":"ThirdEye","floor":7},{"not_picked":["FearNoEvil","SashWhip"],"picked":"Scrawl","floor":8},{"not_picked":["JustLucky","Sanctity"],"picked":"CrushJoints","floor":14},{"not_picked":["Ragnarok","Omniscience"],"picked":"Devotion","floor":16},{"not_picked":["JustLucky","PathToVictory"],"picked":"Worship","floor":18},{"not_picked":["CrushJoints","PathToVictory"],"picked":"JustLucky","floor":22},{"not_picked":["EmptyFist","BattleHymn"],"picked":"WaveOfTheHand","floor":23}],"player_experience":1503202,"relics_obtained":[{"floor":6,"key":"White Beast Statue"},{"floor":8,"key":"Mercury Hourglass"},{"floor":9,"key":"TungstenRod"},{"floor":11,"key":"Bag of Preparation"},{"floor":14,"key":"Bird Faced Urn"},{"floor":23,"key":"PreservedInsect"}],"event_choices":[{"damage_healed":0,"gold_gain":0,"player_choice":"Success","damage_taken":18,"relics_obtained":["Happy Flower"],"max_hp_gain":0,"max_hp_loss":0,"event_name":"Scrap Ooze","floor":3,"gold_loss":0},{"damage_healed":0,"gold_gain":0,"player_choice":"Ignored","damage_taken":0,"max_hp_gain":0,"max_hp_loss":0,"event_name":"Shining Light","floor":12,"gold_loss":0},{"damage_healed":0,"gold_gain":0,"player_choice":"Joined the Cult","damage_taken":6,"max_hp_gain":0,"max_hp_loss":0,"event_name":"Nest","floor":19,"gold_loss":0,"cards_obtained":["RitualDagger"]},{"damage_healed":0,"gold_gain":100,"player_choice":"Bet on Murderer","damage_taken":0,"max_hp_gain":0,"max_hp_loss":0,"event_name":"The Joust","floor":20,"gold_loss":50}],"is_beta":true,"boss_relics":[{"not_picked":["Velvet Choker","Runic Dome"],"picked":"Runic Pyramid"}],"items_purged_floors":[],"is_endless":false,"potions_floor_spawned":[2,5,6,7,8,14,16,18,22,23],"killed_by":"3 Cultists","ascension_level":19}}