{"host":"6749gst1gzuv21qf","time":1610172848,"event":{"mods":["Aspiration","BaseMod","Better Altar","Better Match","Better Note","Better Sensory Stone","Better Skull","Better Third Choice","BetterRewards","Colored Map","Colored Powertips","Downfall","Highlight Path","Minty Spire (QoL Compilation)","Permanent Neow","Replay The Spire","Shop Mod","Spicy Shops","StSLib","The Cursed","Wandering Minibosses"],"gold_per_floor":[0,19,39,54,113,131,210,229,246,96,123,2,2,29,46,151,151,151,169,169,218,218,238,315,90,90,116,26,26,26,26,43,145,145,145,158,169,46,46,46,125,125,125,137,27,46,46,61,71,71,71,101,26,26,26],"floor_reached":56,"playtime":5130,"items_purged":["Parasite"],"score":1229,"play_id":"0b8724e3-844c-4724-8eb2-4c265d1d91a4","local_time":"20210109011408","is_ascension_mode":false,"campfire_choices":[{"data":"Slimebound:OneTwoCombo","floor":1,"key":"SMITH"},{"floor":13,"key":"RECALL"},{"data":"Slimebound:Replication","floor":25,"key":"SMITH"},{"data":"Slimebound:Split","floor":30,"key":"SMITH"},{"data":"Slimebound:LevelUp","floor":35,"key":"SMITH"},{"data":"Slimebound:DuplicatedForm","floor":40,"key":"SMITH"},{"data":"Slimebound:LeadByExample","floor":42,"key":"SMITH"},{"data":"ReplayTheSpireMod:Brewmster","floor":47,"key":"SMITH"},{"data":"Slimebound:TongueLash","floor":54,"key":"SMITH"}],"circlet_count":0,"master_deck":["Slimebound:Strike_Slimebound+1","Slimebound:Strike_Slimebound+1","Slimebound:Strike_Slimebound+1","Slimebound:Defend_Slimebound+1","Slimebound:Defend_Slimebound+1","Slimebound:Defend_Slimebound+1","Slimebound:Defend_Slimebound+1","Slimebound:Split+1","Slimebound:CorrosiveSpit","Slimebound:OneTwoCombo+1","Slimebound:SplitMire","Slimebound:RejuvenatingLick","Slimebound:HungryTackle","Slimebound:Replication+1","Slimebound:Repurpose","Slimebound:MegaLick","Slimebound:LeadByExample+1","Slimebound:RallyTheTroops","Slimebound:LevelUp+1","Slimebound:RallyTheTroops+1","Slimebound:DivideAndConquer+1","Slimebound:Recollect+1","Slimebound:SpikyOuterGoop","Slimebound:HungryTackle","Slimebound:SplitBruiser","Slimebound:DuplicatedForm+1","Slimebound:MegaLick+1","Slimebound:SplitAcid","Slimebound:SamplingLick+1","Slimebound:Recycling","Slimebound:Recycling","Slimebound:SamplingLick","Slimebound:SamplingLick+1","ReplayTheSpireMod:Brewmster+1","Slimebound:TongueLash+1","Slimebound:MegaLick","Slimebound:Replication+1","Slimebound:MegaLick+1","Slimebound:ServeAndProtect"],"relics":["Slimebound:AbsorbEndCombat","Strawberry","Replay:Bronze Core","wanderingMiniBosses:ThiefScarf","Dream Catcher","Blood Vial","aspiration:HummingbirdHeart","downfall:HeartBlessingGreen","downfall:HeartBlessingRed","downfall:HeartBlessingBlue","Ice Cream","Potion Belt","Nilry\u0027s Codex","aspiration:PoetsPen_weak","HornCleat","Blue Doll","MerchantsRug","Incense Burner"],"acts_visited":["Exordium","TheCity","TheBeyond","TheEnding"],"potions_floor_usage":[16,23,28,43,48,49,50,50,50,50,50,55],"damage_taken":[{"damage":12,"enemies":"Cultist","floor":2,"turns":6},{"damage":7,"enemies":"Small Slimes","floor":3,"turns":2},{"damage":5,"enemies":"Jaw Worm","floor":4,"turns":2},{"damage":53,"enemies":"Lagavulin Event","floor":5,"turns":6},{"damage":33,"enemies":"Exordium Thugs","floor":6,"turns":3},{"damage":9,"enemies":"3 Louse","floor":8,"turns":2},{"damage":26,"enemies":"Large Slime","floor":9,"turns":3},{"damage":41,"enemies":"3 Sentries","floor":11,"turns":4},{"damage":21,"enemies":"downfall:FleeingMerchant","floor":12,"turns":6},{"damage":22,"enemies":"Lagavulin","floor":14,"turns":6},{"damage":12,"enemies":"2 Fungi Beasts","floor":15,"turns":3},{"damage":29,"enemies":"downfall:Watcher","floor":16,"turns":7},{"damage":29,"enemies":"Shell Parasite","floor":19,"turns":5},{"damage":45,"enemies":"Snecko","floor":21,"turns":8},{"damage":62,"enemies":"Sentry and Sphere","floor":23,"turns":8},{"damage":53,"enemies":"Book of Stabbing","floor":27,"turns":7},{"damage":12,"enemies":"downfall:FleeingMerchant","floor":28,"turns":5},{"damage":22,"enemies":"Centurion and Healer","floor":32,"turns":5},{"damage":32,"enemies":"downfall:Ironclad","floor":33,"turns":8},{"damage":35,"enemies":"3 Darklings","floor":36,"turns":4},{"damage":50,"enemies":"3 Shapes","floor":37,"turns":4},{"damage":30,"enemies":"downfall:FleeingMerchant","floor":38,"turns":5},{"damage":52,"enemies":"Transient","floor":44,"turns":5},{"damage":23,"enemies":"downfall:FleeingMerchant","floor":45,"turns":4},{"damage":19,"enemies":"Sphere and 2 Shapes","floor":46,"turns":3},{"damage":23,"enemies":"Writhing Mass","floor":48,"turns":5},{"damage":35,"enemies":"Spire Growth","floor":49,"turns":4},{"damage":126,"enemies":"downfall:Silent","floor":50,"turns":9},{"damage":80,"enemies":"downfall:CharBossMerchant","floor":52,"turns":7},{"damage":121,"enemies":"downfall:NeowBoss","floor":55,"turns":16}],"seed_played":"-7237615527477570165","potions_obtained":[{"floor":3,"key":"Guardian:BlockOnCardUsePotion"},{"floor":4,"key":"BlessingOfTheForge"},{"floor":6,"key":"Swift Potion"},{"floor":16,"key":"Fruit Juice"},{"floor":21,"key":"Fire Potion"},{"floor":23,"key":"CultistPotion"},{"floor":33,"key":"Strength Potion"},{"floor":43,"key":"Fruit Juice"},{"floor":43,"key":"Energy Potion"},{"floor":43,"key":"Toxic Potion"},{"floor":46,"key":"Strength Potion"},{"floor":52,"key":"SteroidPotion"}],"is_trial":false,"path_per_floor":["R_BF","M","M","M","?","M","T","M","M","?","E","$","R","E","M","B",null,"R_BF","M","?","M","?","M","T","R","?","E","$","?","R","?","M","B",null,"R","M","M","$","?","R","T","R","?","M","$","M","R","M","M","B",null,"E","$","R","B",null],"character_chosen":"SLIMEBOUND","items_purchased":["Slimebound:LeadByExample","Slimebound:HungryTackle","Slimebound:Recycling","Blue Doll","MerchantsRug","ReplayTheSpireMod:Brewmster","Slimebound:TongueLash"],"campfire_rested":0,"item_purchase_floors":[12,28,38,45,45,45,45],"current_hp_per_floor":[60,60,60,60,31,28,28,41,43,70,53,66,66,76,77,77,82,74,69,69,66,66,46,46,56,56,47,69,69,69,53,75,90,92,92,87,92,92,92,92,92,92,97,97,97,97,97,97,97,84,97,97,94,94,94],"gold":26,"neow_bonus":"THREE_RARE_CARDS","is_daily":false,"chose_seed":false,"campfire_upgraded":8,"win_rate":0.0,"timestamp":1610172848,"path_taken":["R_BF","M","M","M","?","M","T","M","M","?","E","$","R","E","M","BOSS","R_BF","M","?","M","?","M","T","R","?","E","$","?","R","?","M","BOSS","R","M","M","$","?","R","T","R","?","M","$","M","R","?","M","BOSS","E","$","R","BOSS"],"items_purchased_type":["Card","Card","Card","Relic","Relic","Card","Card"],"build_version":"2020-12-22","purchased_purges":1,"victory":true,"max_hp_per_floor":[60,60,60,60,60,60,60,60,60,70,70,70,70,77,77,82,82,82,82,82,82,82,82,82,92,92,92,92,92,92,92,92,92,92,92,92,92,92,92,92,92,92,97,97,97,97,97,97,97,97,97,97,94,94,94],"card_choices":[{"not_picked":["Slimebound:OozeBath","Slimebound:MinionMaster"],"picked":"Slimebound:OneTwoCombo","floor":0},{"not_picked":["Slimebound:PressTheAttack","Slimebound:SlimeSpikes"],"picked":"Slimebound:SplitMire","floor":2},{"not_picked":["Slimebound:AcidTongue","Slimebound:ViciousTackle"],"picked":"Slimebound:RejuvenatingLick","floor":3},{"not_picked":["Slimebound:ComboTackle","Slimebound:ViciousTackle","Slimebound:ItLooksTasty"],"picked":"SKIP","floor":4},{"not_picked":["Slimebound:LivingWall","Slimebound:GoopSpray"],"picked":"Slimebound:HungryTackle","floor":5},{"not_picked":["Slimebound:FinishingTackle","Slimebound:LeechEnergy","Slimebound:FlameTackle"],"picked":"SKIP","floor":6},{"not_picked":["Slimebound:GrowthPunch","Slimebound:SlimeSpikes"],"picked":"Slimebound:Replication","floor":8},{"not_picked":["Slimebound:PressTheAttack","Slimebound:ComboTackle","Slimebound:SlimeSlap"],"picked":"SKIP","floor":9},{"not_picked":["Slimebound:ViciousTackle","Slimebound:Gluttony"],"picked":"Slimebound:Repurpose","floor":11},{"not_picked":["Slimebound:SlimeBarrage","Slimebound:SamplingLick"],"picked":"Slimebound:MegaLick","floor":12},{"not_picked":["Slimebound:DivideAndConquer","Slimebound:SplitBruiser"],"picked":"Slimebound:RallyTheTroops","floor":14},{"not_picked":["Slimebound:AcidTongue","Slimebound:SplitBruiser"],"picked":"Slimebound:LevelUp","floor":15},{"not_picked":["Slimebound:DouseInSlime","Slimebound:LeechLife"],"picked":"Slimebound:RallyTheTroops","floor":16},{"not_picked":["Slimebound:RollThrough","Slimebound:FirmFortitude+1","Slimebound:LeechingTouch"],"picked":"SKIP","floor":19},{"not_picked":["Slimebound:SplitMire","Slimebound:Equalize"],"picked":"Slimebound:DivideAndConquer+1","floor":21},{"not_picked":["Slimebound:ForwardTackle","Slimebound:GoopTackle","Slimebound:BestDefense"],"picked":"SKIP","floor":23},{"not_picked":["Slimebound:DivideAndConquer+1","Slimebound:GoopSpray"],"picked":"Slimebound:Recollect+1","floor":27},{"not_picked":["Slimebound:PressTheAttack+1","Slimebound:GoopSpray"],"picked":"Slimebound:SpikyOuterGoop","floor":28},{"not_picked":["Slimebound:GoopSpray","Slimebound:SplitMire"],"picked":"Slimebound:SplitBruiser","floor":32},{"not_picked":["Slimebound:TagTeam","Slimebound:RallyTheTroops"],"picked":"Slimebound:DuplicatedForm","floor":33},{"not_picked":["Slimebound:FlameTackle+1","Slimebound:DisruptingSlam+1"],"picked":"Slimebound:MegaLick+1","floor":36},{"not_picked":["Slimebound:Schlurp","Slimebound:LeechingTouch"],"picked":"Slimebound:SplitAcid","floor":37},{"not_picked":["Slimebound:SplitMire+1","Slimebound:GoopTackle+1"],"picked":"Slimebound:SamplingLick+1","floor":38},{"not_picked":["Slimebound:GrowthPunch+1","Slimebound:GoopSpray+1"],"picked":"Slimebound:SamplingLick","floor":44},{"not_picked":["Slimebound:RollThrough+1","Slimebound:SlimeSlap"],"picked":"Slimebound:SamplingLick+1","floor":45},{"not_picked":["Slimebound:ComboTackle","Slimebound:SplitAcid+1"],"picked":"Slimebound:MegaLick","floor":46},{"not_picked":["Slimebound:Grow+1","Slimebound:ProtectTheBoss+1"],"picked":"Slimebound:Replication+1","floor":48},{"not_picked":["Slimebound:GrowthPunch+1","Slimebound:Schlurp"],"picked":"Slimebound:MegaLick+1","floor":49},{"not_picked":["Slimebound:PrepareCrush","Slimebound:GoopSpray"],"picked":"Slimebound:ServeAndProtect","floor":52}],"player_experience":585095,"relics_obtained":[{"floor":5,"key":"Dream Catcher"},{"floor":11,"key":"Blood Vial"},{"floor":14,"key":"Strawberry"},{"floor":21,"key":"wanderingMiniBosses:ThiefScarf"},{"floor":21,"key":"Dream Catcher"},{"floor":21,"key":"Blood Vial"},{"floor":24,"key":"aspiration:HummingbirdHeart"},{"floor":27,"key":"Ice Cream"},{"floor":31,"key":"Nilry\u0027s Codex"},{"floor":41,"key":"HornCleat"},{"floor":52,"key":"Incense Burner"}],"event_choices":[{"damage_healed":0,"gold_gain":0,"player_choice":"Ignored","damage_taken":0,"max_hp_gain":0,"max_hp_loss":0,"event_name":"betterNote:BetterNote","floor":20,"gold_loss":0,"cards_obtained":["Apotheosis"]},{"damage_healed":0,"gold_gain":0,"player_choice":"Ignored","damage_taken":0,"max_hp_gain":0,"max_hp_loss":0,"event_name":"Ghosts","floor":22,"gold_loss":0},{"damage_healed":0,"gold_gain":0,"player_choice":"Simplicity","damage_taken":0,"max_hp_gain":0,"max_hp_loss":7,"event_name":"betterThird:BetterWriting","floor":26,"gold_loss":0},{"damage_healed":0,"gold_gain":0,"player_choice":"Got Potions","damage_taken":0,"max_hp_gain":0,"max_hp_loss":0,"event_name":"Lab","floor":43,"gold_loss":0}],"is_beta":false,"boss_relics":[{"not_picked":["Runic Dome","downfall:Hecktoplasm"],"picked":"Replay:Bronze Core"},{"not_picked":["Runic Pyramid","SacredBark"],"picked":"aspiration:PoetsPen_weak"}],"items_purged_floors":[53],"is_endless":false,"potions_floor_spawned":[3,4,6,14,16,21,23,33,44,46,52],"ascension_level":0}}