{"host":"hfxp6ue4pvwo3fit","time":1610170456,"event":{"mods":["AchievementEnabler","BaseMod","Colored Map","Colored Powertips","Highlight Path","Minty Spire (QoL Compilation)","Relic Stats","StSLib","SuperFastMode"],"gold_per_floor":[18,18,18,35,52,52,83,83,109,140,219,162,162,180,180,258,258,277,85,85,104,117,144,144,154,154,154,254,587,587,613,613,685,685,702,702,754,494,360,391,402,402,477,504,504,531,543,562,562,562,562],"floor_reached":52,"playtime":3062,"items_purged":["Strike_R","Decay"],"score":2083,"play_id":"82f5dbd7-35cb-4f75-b31a-164291be9f44","local_time":"20210108233415","is_ascension_mode":true,"campfire_choices":[{"data":"True Grit","floor":6.0,"key":"SMITH"},{"data":"Fiend Fire","floor":8.0,"key":"SMITH"},{"data":"Feel No Pain","floor":15.0,"key":"SMITH"},{"floor":27.0,"key":"RECALL"},{"floor":32.0,"key":"REST"},{"data":"Writhe","floor":42.0,"key":"PURGE"},{"data":"Injury","floor":45,"key":"PURGE"},{"data":"Defend_R","floor":49,"key":"PURGE"}],"circlet_count":0,"master_deck":["AscendersBane","Defend_R","Defend_R","Defend_R","Bash","Apotheosis+1","Feel No Pain+1","Anger","True Grit+1","Fiend Fire+1","Metallicize","Pommel Strike","Inflame","Feed","Shockwave","True Grit","Shrug It Off","Bite","Bite","Bite","Bite","Bite","Pommel Strike","Inflame","J.A.X.","Second Wind","Havoc","Disarm","Feed","Spot Weakness","Spot Weakness","Offering","Warcry","Feel No Pain+1","Shrug It Off","Burning Pact+1","Burning Pact","Power Through"],"relics":["Burning Blood","Bag of Preparation","Ancient Tea Set","Bottled Lightning","InkBottle","Fusion Hammer","Pen Nib","Question Card","Peace Pipe","Frozen Egg 2","Old Coin","Blood Vial","Cursed Key","MealTicket","Orrery","Letter Opener","Red Skull","Oddly Smooth Stone"],"acts_visited":["Exordium","TheCity","TheBeyond"],"potions_floor_usage":[51],"damage_taken":[{"damage":4.0,"enemies":"Small Slimes","floor":1.0,"turns":4.0},{"damage":10.0,"enemies":"2 Louse","floor":4.0,"turns":2.0},{"damage":3.0,"enemies":"Jaw Worm","floor":5.0,"turns":4.0},{"damage":19.0,"enemies":"Lagavulin","floor":7.0,"turns":6.0},{"damage":12.0,"enemies":"3 Sentries","floor":10.0,"turns":11.0},{"damage":4.0,"enemies":"Blue Slaver","floor":14.0,"turns":4.0},{"damage":21.0,"enemies":"Hexaghost","floor":16.0,"turns":8.0},{"damage":17.0,"enemies":"3 Byrds","floor":18.0,"turns":7.0},{"damage":0.0,"enemies":"Chosen","floor":21.0,"turns":3.0},{"damage":11.0,"enemies":"3 Cultists","floor":22.0,"turns":6.0},{"damage":25.0,"enemies":"Slavers","floor":23.0,"turns":4.0},{"damage":11.0,"enemies":"Centurion and Healer","floor":25.0,"turns":11.0},{"damage":8.0,"enemies":"Colosseum Slavers","floor":28.0,"turns":6.0},{"damage":11.0,"enemies":"Colosseum Nobs","floor":28.0,"turns":4.0},{"damage":81.0,"enemies":"Gremlin Leader","floor":29.0,"turns":8.0},{"damage":11.0,"enemies":"Book of Stabbing","floor":31.0,"turns":5.0},{"damage":16.0,"enemies":"Champ","floor":33.0,"turns":10.0},{"damage":6.0,"enemies":"3 Darklings","floor":35.0,"turns":4.0},{"damage":49.0,"enemies":"Reptomancer","floor":40.0,"turns":7.0},{"damage":9.0,"enemies":"Orb Walker","floor":41.0,"turns":3.0},{"damage":12.0,"enemies":"Giant Head","floor":44.0,"turns":7.0},{"damage":33,"enemies":"Reptomancer","floor":46,"turns":7},{"damage":11,"enemies":"Jaw Worm Horde","floor":47,"turns":5},{"damage":12,"enemies":"Maw","floor":48,"turns":6},{"damage":44,"enemies":"Awakened One","floor":50,"turns":11},{"damage":98,"enemies":"Donu and Deca","floor":51,"turns":11}],"seed_played":"6459468664876608513","potions_obtained":[{"floor":1.0,"key":"BlessingOfTheForge"},{"floor":7.0,"key":"Regen Potion"},{"floor":10.0,"key":"Block Potion"},{"floor":16.0,"key":"DuplicationPotion"},{"floor":22.0,"key":"PowerPotion"},{"floor":23.0,"key":"Regen Potion"},{"floor":25.0,"key":"DistilledChaos"},{"floor":29.0,"key":"Explosive Potion"},{"floor":31.0,"key":"Regen Potion"},{"floor":33.0,"key":"Fire Potion"},{"floor":40.0,"key":"DuplicationPotion"}],"is_trial":false,"path_per_floor":["M","?","?","M","M","R","E","R","T","E","T","$","?","M","R","B",null,"M","$","?","M","M","E","?","M","T","R","?","E","?","E","R","B",null,"M","?","T","$","$","E","M","R","T","E","R","E","M","M","R","B","B",null],"character_chosen":"IRONCLAD","items_purchased":["Pommel Strike","True Grit","Shrug It Off","Orrery","Feel No Pain+1","Shrug It Off"],"campfire_rested":1,"item_purchase_floors":[12,19,19,38,39,39],"current_hp_per_floor":[70,70,75,71,74,74,61,61,61,70,70,70,63,65,65,50,73,66,66,58,62,66,60,60,74,74,74,78,19,19,23,47,75,80,82,82,82,82,82,57,72,72,72,86,86,80,90,94,94,84,25],"gold":562,"neow_bonus":"RANDOM_COLORLESS_2","is_daily":false,"chose_seed":false,"campfire_upgraded":3,"win_rate":0.0,"timestamp":1610170455,"path_taken":["M","?","?","M","M","R","E","R","T","E","?","?","?","M","R","BOSS","M","$","?","M","M","E","?","?","T","R","?","E","?","E","R","BOSS","M","?","?","?","$","E","M","R","T","E","R","E","?","M","R","BOSS","BOSS"],"items_purchased_type":["Card","Card","Card","Relic","Card","Card"],"build_version":"2020-12-22","purchased_purges":2,"victory":true,"max_hp_per_floor":[75,75,80,80,80,80,80,80,80,80,80,80,80,80,80,80,80,84,84,58,62,66,70,70,74,74,74,78,82,82,82,82,82,82,82,82,82,82,82,82,86,86,86,86,86,86,90,94,94,98,102],"relic_stats":{"Peace Pipe":3,"Blood Vial":12,"counters":[26,164],"MealTicket":0,"Pen Nib":[17],"Bag of Preparation":[44],"Letter Opener":[206],"Question Card":17,"Cursed Key":2,"obtain_stats":[{"Oddly Smooth Stone":46,"Pen Nib":23,"Bag of Preparation":7,"Letter Opener":43,"Frozen Egg 2":28,"Ancient Tea Set":9,"Question Card":26,"Cursed Key":34,"Burning Blood":0,"Old Coin":29,"Peace Pipe":28,"Blood Vial":31,"Orrery":38,"MealTicket":37,"Fusion Hammer":17,"Bottled Lightning":10,"InkBottle":11,"Red Skull":44},{"Oddly Smooth Stone":22,"Pen Nib":11,"Bag of Preparation":4,"Letter Opener":20,"Frozen Egg 2":14,"Ancient Tea Set":4,"Question Card":12,"Cursed Key":17,"Burning Blood":0,"Old Coin":15,"Peace Pipe":14,"Blood Vial":16,"Orrery":18,"MealTicket":18,"Fusion Hammer":7,"Bottled Lightning":5,"InkBottle":5,"Red Skull":21},{"Oddly Smooth Stone":131,"Pen Nib":59,"Bag of Preparation":16,"Letter Opener":117,"Frozen Egg 2":80,"Ancient Tea Set":16,"Question Card":70,"Cursed Key":103,"Burning Blood":0,"Old Coin":88,"Peace Pipe":80,"Blood Vial":93,"Orrery":107,"MealTicket":107,"Fusion Hammer":39,"Bottled Lightning":27,"InkBottle":27,"Red Skull":124}],"Burning Blood":135,"InkBottle":[55]},"card_choices":[{"not_picked":["HandOfGreed","Metamorphosis"],"picked":"Apotheosis","floor":0.0},{"not_picked":["Battle Trance","Burning Pact"],"picked":"Feel No Pain","floor":1.0},{"not_picked":["Clash","Perfected Strike"],"picked":"Anger","floor":4.0},{"not_picked":["Battle Trance","Perfected Strike"],"picked":"True Grit","floor":5.0},{"not_picked":["Burning Pact","Wild Strike"],"picked":"Fiend Fire","floor":7.0},{"not_picked":["Thunderclap","Iron Wave"],"picked":"Metallicize","floor":10.0},{"not_picked":["Intimidate","Flame Barrier"],"picked":"Inflame","floor":14.0},{"not_picked":["Exhume","Immolate"],"picked":"Feed","floor":16.0},{"not_picked":["Clash","Bloodletting"],"picked":"Shockwave","floor":18.0},{"not_picked":["Whirlwind","Armaments"],"picked":"Pommel Strike","floor":21.0},{"not_picked":["Clash","Armaments","Perfected Strike"],"picked":"SKIP","floor":22.0},{"not_picked":["Wild Strike","Combust"],"picked":"Inflame","floor":23.0},{"not_picked":["Armaments","Sword Boomerang","Headbutt"],"picked":"SKIP","floor":25.0},{"not_picked":["Perfected Strike","Ghostly Armor","Wild Strike+1"],"picked":"Second Wind","floor":28.0},{"not_picked":["Headbutt","Clash","Fiend Fire"],"picked":"Havoc","floor":29.0},{"not_picked":["Cleave","Pommel Strike","Combust+1"],"picked":"Disarm","floor":31.0},{"not_picked":["Bludgeon","Fiend Fire","Immolate"],"picked":"Feed","floor":33.0},{"not_picked":["Blood for Blood+1","Havoc","Seeing Red+1"],"picked":"Spot Weakness","floor":35.0},{"not_picked":["Whirlwind","Reckless Charge","Ghostly Armor+1"],"picked":"Spot Weakness","floor":38.0},{"not_picked":["Headbutt","Blood for Blood","Inflame+1"],"picked":"Offering","floor":38.0},{"not_picked":["Evolve+1","Seeing Red","Anger+1"],"picked":"Warcry","floor":38.0},{"not_picked":["Juggernaut+1","Armaments","Clothesline"],"picked":"Burning Pact+1","floor":40.0},{"not_picked":["Battle Trance","Metallicize+1","Clash"],"picked":"Burning Pact","floor":41.0},{"not_picked":["Bludgeon","Metallicize+1","Perfected Strike","Shockwave"],"picked":"SKIP","floor":44.0},{"not_picked":["Havoc+1","Clash","Whirlwind","Wild Strike"],"picked":"SKIP","floor":46},{"not_picked":["Perfected Strike","Cleave","Havoc","Iron Wave+1"],"picked":"SKIP","floor":47},{"not_picked":["Heavy Blade","Headbutt","Cleave"],"picked":"Power Through","floor":48}],"player_experience":489842,"relics_obtained":[{"floor":7.0,"key":"Bag of Preparation"},{"floor":9.0,"key":"Ancient Tea Set"},{"floor":10.0,"key":"Bottled Lightning"},{"floor":11.0,"key":"InkBottle"},{"floor":23.0,"key":"Pen Nib"},{"floor":26.0,"key":"Question Card"},{"floor":28.0,"key":"Peace Pipe"},{"floor":28.0,"key":"Frozen Egg 2"},{"floor":29.0,"key":"Old Coin"},{"floor":31.0,"key":"Blood Vial"},{"floor":37.0,"key":"MealTicket"},{"floor":43.0,"key":"Letter Opener"},{"floor":44.0,"key":"Red Skull"},{"floor":46,"key":"Oddly Smooth Stone"}],"event_choices":[{"damage_healed":0.0,"max_hp_gain":0.0,"max_hp_loss":0.0,"gold_gain":0.0,"event_name":"Living Wall","player_choice":"Grow","floor":2.0,"gold_loss":0.0,"damage_taken":0.0,"cards_upgraded":["Apotheosis"]},{"damage_healed":0.0,"max_hp_gain":5.0,"max_hp_loss":0.0,"gold_gain":0.0,"event_name":"Big Fish","player_choice":"Donut","floor":3.0,"gold_loss":0.0,"damage_taken":0.0},{"cards_removed":["Strike_R"],"damage_healed":0.0,"max_hp_gain":0.0,"max_hp_loss":0.0,"gold_gain":0.0,"event_name":"Golden Wing","player_choice":"Card Removal","floor":13.0,"gold_loss":0.0,"damage_taken":7.0},{"damage_healed":0.0,"max_hp_gain":0.0,"max_hp_loss":26.0,"gold_gain":0.0,"event_name":"Vampires","player_choice":"Became a vampire","floor":20.0,"gold_loss":0.0,"damage_taken":0.0,"cards_obtained":["Bite","Bite","Bite","Bite","Bite"]},{"damage_healed":0.0,"max_hp_gain":0.0,"max_hp_loss":0.0,"gold_gain":0.0,"event_name":"Drug Dealer","player_choice":"Obtain J.A.X.","floor":24.0,"gold_loss":0.0,"damage_taken":0.0,"cards_obtained":["J.A.X."]},{"damage_healed":0.0,"max_hp_gain":0.0,"max_hp_loss":0.0,"gold_gain":0.0,"event_name":"Colosseum","player_choice":"Fight","floor":28.0,"gold_loss":0.0,"damage_taken":0.0},{"damage_healed":0.0,"max_hp_gain":0.0,"max_hp_loss":0.0,"gold_gain":0.0,"event_name":"Colosseum","player_choice":"Fought Nobs","floor":28.0,"gold_loss":0.0,"damage_taken":0.0},{"damage_healed":0.0,"max_hp_gain":0.0,"max_hp_loss":0.0,"gold_gain":0.0,"event_name":"Forgotten Altar","player_choice":"Smashed Altar","floor":30.0,"gold_loss":0.0,"damage_taken":0.0,"cards_obtained":["Decay"]},{"damage_healed":0.0,"max_hp_gain":0.0,"max_hp_loss":0.0,"gold_gain":0.0,"event_name":"SensoryStone","player_choice":"Memory 1","floor":36.0,"gold_loss":0.0,"damage_taken":0.0}],"is_beta":false,"boss_relics":[{"not_picked":["Black Star","Pandora\u0027s Box"],"picked":"Fusion Hammer"},{"not_picked":["Astrolabe","SlaversCollar"],"picked":"Cursed Key"}],"items_purged_floors":[19,38],"is_endless":false,"potions_floor_spawned":[1,7,10,16,22,23,25,29,31,33,40,44,47],"ascension_level":20}}