{"host":"6hzrz31j95f2y1pa","time":1610159666,"event":{"mods":["BaseMod","Colored Map","Downfall","Minty Spire (QoL Compilation)","StSLib"],"gold_per_floor":[99,99,109,124,34,34,103,138,165,90,110,145,70,7,22,22,22,22],"floor_reached":16,"playtime":659,"items_purged":["Regret"],"score":193,"play_id":"e62d51dc-551e-4395-a6fa-8b1fe23b86db","local_time":"20210108213426","is_ascension_mode":true,"campfire_choices":[{"data":"hexamod:Float","floor":1.0,"key":"SMITH"},{"floor":10,"key":"RECALL"},{"floor":13,"key":"REST"}],"circlet_count":0,"master_deck":["AscendersBane","hexamod:Strike","hexamod:Strike","hexamod:Strike","hexamod:Strike","hexamod:Defend","hexamod:Defend","hexamod:Defend","hexamod:Defend","hexamod:Sear","hexamod:Float+1","Master of Strategy","hexamod:Hexaguard","hexamod:Haunt","hexamod:FastForward","hexamod:SecondSeal","hexamod:GhostflameBarrier","hexamod:NightmareStrike","hexamod:GhostOfSpireFuture"],"relics":["hexamod:SpiritBrand","Eternal Feather","Akabeko","downfall:HeartBlessingGreen","InkBottle","downfall:HeartBlessingRed"],"acts_visited":["Exordium"],"potions_floor_usage":[12,16,16],"damage_taken":[{"damage":6.0,"enemies":"Small Slimes","floor":3.0,"turns":3.0},{"damage":5.0,"enemies":"Cultist","floor":4.0,"turns":3.0},{"damage":11.0,"enemies":"downfall:FleeingMerchant","floor":5.0,"turns":4.0},{"damage":27.0,"enemies":"Gremlin Nob","floor":8.0,"turns":5.0},{"damage":0.0,"enemies":"Jaw Worm","floor":9.0,"turns":3.0},{"damage":4,"enemies":"Lots of Slimes","floor":11,"turns":4},{"damage":15,"enemies":"Lagavulin","floor":12,"turns":6},{"damage":3,"enemies":"downfall:FleeingMerchant","floor":14,"turns":4},{"damage":0,"enemies":"Exordium Wildlife","floor":15,"turns":5},{"damage":47,"enemies":"downfall:Ironclad","floor":16,"turns":9}],"seed_played":"4330743420937796088","potions_obtained":[{"floor":6.0,"key":"Block Potion"},{"floor":6.0,"key":"Block Potion"},{"floor":8.0,"key":"Regen Potion"},{"floor":12,"key":"EntropicBrew"},{"floor":15,"key":"Ancient Potion"}],"is_trial":false,"path_per_floor":["R","?","M","M","$","?","T","E","M","R","M","E","R","$","M","B"],"character_chosen":"THE_SPIRIT","items_purchased":["hexamod:NightmareStrike"],"campfire_rested":1,"item_purchase_floors":[14],"current_hp_per_floor":[57,62,56,51,40,40,40,13,13,22,18,18,47,44,44,0,0,0],"gold":22,"neow_bonus":"RANDOM_COLORLESS_2","is_daily":false,"chose_seed":false,"campfire_upgraded":1,"win_rate":0.0,"timestamp":1610159666,"path_taken":["R","?","M","M","$","?","T","E","M","R","M","E","R","?","M","BOSS"],"items_purchased_type":["Card"],"build_version":"2020-12-22","purchased_purges":1,"victory":false,"max_hp_per_floor":[63,68,68,68,68,68,68,68,68,68,68,68,68,68,68,68,68,68],"card_choices":[{"not_picked":["Panache","Mayhem"],"picked":"Master of Strategy","floor":0.0},{"not_picked":["hexamod:Firestarter","hexamod:InspiringFlames"],"picked":"hexamod:Hexaguard","floor":3.0},{"not_picked":["hexamod:PowerFromBeyond","hexamod:NightmareStrike"],"picked":"hexamod:Haunt","floor":4.0},{"not_picked":["hexamod:HeatShield","hexamod:NightmareGuise"],"picked":"hexamod:FastForward","floor":5.0},{"not_picked":["hexamod:PowerFromBeyond","hexamod:HeatShield"],"picked":"hexamod:SecondSeal","floor":8.0},{"not_picked":["hexamod:BurningTouch","hexamod:AdvancingGuard","hexamod:ThermalTransfer"],"picked":"SKIP","floor":9},{"not_picked":["hexamod:FirstSeal","hexamod:RetreatToShadows"],"picked":"hexamod:GhostflameBarrier","floor":11},{"not_picked":["hexamod:GhostflameBarrier","hexamod:HauntingEcho","hexamod:Firestarter"],"picked":"SKIP","floor":12},{"not_picked":["hexamod:UnlimitedPower","hexamod:AdvancingGuard","hexamod:Rewind"],"picked":"SKIP","floor":14},{"not_picked":["hexamod:FlamesFromBeyond","hexamod:Incineration"],"picked":"hexamod:GhostOfSpireFuture","floor":15}],"player_experience":1309566,"relics_obtained":[{"floor":7.0,"key":"Eternal Feather"},{"floor":8.0,"key":"Akabeko"},{"floor":12,"key":"InkBottle"}],"event_choices":[{"damage_healed":0.0,"max_hp_gain":5.0,"max_hp_loss":0.0,"gold_gain":0.0,"event_name":"Big Fish","player_choice":"Donut","floor":2.0,"gold_loss":0.0,"damage_taken":0.0},{"damage_healed":0.0,"max_hp_gain":0.0,"max_hp_loss":0.0,"gold_gain":0.0,"event_name":"Lab","player_choice":"Got Potions","floor":6.0,"gold_loss":0.0,"damage_taken":0.0}],"is_beta":false,"boss_relics":[],"items_purged_floors":[5],"is_endless":false,"potions_floor_spawned":[8,9,12,15],"killed_by":"downfall:Ironclad","ascension_level":15}}