{"host":"jpcy2bclvs7juczu","time":1610155940,"event":{"mods":["AchievementEnabler","Alarm Clock","BaseMod","Block Reminder","Colored Map","Colored Powertips","Curses Come First","Minty Spire (QoL Compilation)","Quick Restart","Relic Stats","StSLib","ojb\u0027s Better Paths Mod","ojb\u0027s Info Mod","slay the spire mod where everything is the same but ironclad has a cowboy hat"],"gold_per_floor":[112,124,124,136,202,232,232,279,326,326,379,403,403,448,448,448,448],"floor_reached":16,"playtime":378,"items_purged":[],"score":306,"play_id":"89b95f4d-f9b8-4230-aad1-2a3a6a6763a1","local_time":"20210109013220","is_ascension_mode":true,"campfire_choices":[{"floor":10.0,"key":"REST"},{"data":"Armaments","floor":15,"key":"SMITH"}],"circlet_count":0,"master_deck":["AscendersBane","Strike_R","Strike_R","Strike_R","Strike_R","Strike_R+1","Defend_R","Defend_R","Defend_R","Defend_R","Bash","Perfected Strike","Perfected Strike+1","Wild Strike","Reaper","Shrug It Off","Armaments+1"],"relics":["Burning Blood","NeowsBlessing","Singing Bowl","Golden Idol","CeramicFish","Peace Pipe","Pear"],"acts_visited":[],"potions_floor_usage":[14,16],"damage_taken":[{"damage":0.0,"enemies":"Jaw Worm","floor":1.0,"turns":1.0},{"damage":0.0,"enemies":"2 Louse","floor":2.0,"turns":1.0},{"damage":0.0,"enemies":"Small Slimes","floor":4.0,"turns":2.0},{"damage":32.0,"enemies":"Gremlin Nob","floor":6.0,"turns":4.0},{"damage":25.0,"enemies":"3 Sentries","floor":8.0,"turns":7.0},{"damage":32.0,"enemies":"Gremlin Nob","floor":11.0,"turns":4.0},{"damage":18.0,"enemies":"3 Louse","floor":12.0,"turns":3.0},{"damage":0,"enemies":"Lagavulin","floor":14,"turns":4},{"damage":35,"enemies":"Hexaghost","floor":16,"turns":8}],"seed_played":"-6196245185676736348","potions_obtained":[{"floor":2.0,"key":"LiquidMemories"},{"floor":12.0,"key":"Energy Potion"},{"floor":14,"key":"Weak Potion"}],"is_trial":false,"path_per_floor":["M","M","?","M","?","E","?","E","T","R","E","M","?","E","R","B"],"character_chosen":"IRONCLAD","items_purchased":[],"campfire_rested":1,"item_purchase_floors":[],"current_hp_per_floor":[74,75,52,58,58,34,34,15,15,36,10,12,12,28,28,0,0],"gold":448,"neow_bonus":"THREE_ENEMY_KILL","is_daily":false,"chose_seed":false,"campfire_upgraded":1,"win_rate":0.0,"timestamp":1610155940,"path_taken":["M","M","?","M","?","E","?","E","T","R","E","M","?","E","R","BOSS"],"items_purchased_type":[],"build_version":"2020-12-22","purchased_purges":0,"victory":false,"max_hp_per_floor":[75,75,75,75,75,77,70,70,70,70,70,72,72,82,82,82,82],"relic_stats":{"Peace Pipe":0,"Singing Bowl":4,"counters":[9,34],"Golden Idol":29,"CeramicFish":27,"obtain_stats":[{"Peace Pipe":11,"Pear":14,"NeowsBlessing":0,"Singing Bowl":6,"Golden Idol":7,"CeramicFish":8,"Burning Blood":0},{"Peace Pipe":6,"Pear":8,"NeowsBlessing":0,"Singing Bowl":4,"Golden Idol":4,"CeramicFish":5,"Burning Blood":0},{"Peace Pipe":19,"Pear":26,"NeowsBlessing":0,"Singing Bowl":8,"Golden Idol":8,"CeramicFish":15,"Burning Blood":0}],"Burning Blood":43},"card_choices":[{"not_picked":["Iron Wave","Shrug It Off"],"picked":"Perfected Strike","floor":1.0},{"not_picked":["Bloodletting","Body Slam"],"picked":"Perfected Strike","floor":2.0},{"not_picked":["Intimidate","Rupture"],"picked":"Wild Strike","floor":4.0},{"not_picked":["Sever Soul","Headbutt","Clash"],"picked":"Singing Bowl","floor":6.0},{"not_picked":["True Grit","Anger"],"picked":"Reaper","floor":8.0},{"not_picked":["Evolve","Clothesline"],"picked":"Shrug It Off","floor":11.0},{"not_picked":["Hemokinesis","Warcry","Body Slam"],"picked":"Singing Bowl","floor":12.0},{"not_picked":["Twin Strike","Cleave"],"picked":"Armaments","floor":14}],"player_experience":179089,"relics_obtained":[{"floor":6.0,"key":"Singing Bowl"},{"floor":8.0,"key":"CeramicFish"},{"floor":11.0,"key":"Peace Pipe"},{"floor":14,"key":"Pear"}],"event_choices":[{"damage_healed":0.0,"max_hp_gain":0.0,"max_hp_loss":0.0,"gold_gain":0.0,"event_name":"Shining Light","player_choice":"Entered Light","floor":3.0,"gold_loss":0.0,"damage_taken":23.0,"cards_upgraded":["Strike_R","Perfected Strike"]},{"damage_healed":0.0,"max_hp_gain":0.0,"max_hp_loss":0.0,"gold_gain":66.0,"event_name":"Golden Wing","player_choice":"Gained Gold","floor":5.0,"gold_loss":0.0,"damage_taken":0.0},{"damage_healed":0.0,"max_hp_gain":0.0,"max_hp_loss":7.0,"gold_gain":0.0,"event_name":"Golden Idol","player_choice":"Lose Max HP","floor":7.0,"gold_loss":0.0,"damage_taken":0.0,"relics_obtained":["Golden Idol"]},{"damage_healed":0.0,"max_hp_gain":0.0,"max_hp_loss":0.0,"gold_gain":0.0,"event_name":"Dead Adventurer","player_choice":"Searched \u00270\u0027 times","floor":13.0,"gold_loss":0.0,"damage_taken":0.0}],"is_beta":false,"boss_relics":[],"items_purged_floors":[],"is_endless":false,"potions_floor_spawned":[2,12,14],"killed_by":"Hexaghost","ascension_level":20}}