{"host":"ty2cix8xj6r3ad26","time":1610151200,"event":{"mods":["AchievementEnabler","BaseMod","BetterRewards","Minty Spire (QoL Compilation)","Replay The Spire","StSLib","SuperFastMode","The Cursed","The Disciple"],"gold_per_floor":[119,119,134,134,134,134,148,148,175,205,205,315,315,340,340,443,443,459,459,459,127,127,127,154,154,207,207,223,73,88,98,98,203,203,220,45,59,59,59,78,105,105,105,155,171,171,171],"floor_reached":46,"playtime":2468,"items_purged":["Strike_R","Strike_R","Strike_R","Defend_R","Whirlwind"],"score":612,"play_id":"a3eb2f4d-24ee-4522-a461-c311cb9aa3d8","local_time":"20210109021320","is_ascension_mode":false,"campfire_choices":[{"data":"Bash","floor":6,"key":"SMITH"},{"data":"Clash","floor":8,"key":"SMITH"},{"data":"Shrug It Off","floor":11,"key":"SMITH"},{"floor":13,"key":"RECALL"},{"floor":15,"key":"REST"},{"floor":23,"key":"REST"},{"data":"Defend_R","floor":25,"key":"SMITH"},{"floor":32,"key":"REST"},{"floor":42,"key":"REST"}],"circlet_count":0,"master_deck":["Bash+1","Shrug It Off+1","Clash+1","Dual Wield"],"relics":["Burning Blood","Frozen Egg 2","Sundial","Bronze Scales","Whetstone","Odd Mushroom","SlaversCollar","Sling","Ice Cream","Lantern","Pandora\u0027s Box","Chameleon Ring","Replay:Mystery Machine","Replay:Multitool"],"acts_visited":["Exordium","TheCity","TheBeyond"],"potions_floor_usage":[10,14,24,33,45],"damage_taken":[{"damage":2,"enemies":"Jaw Worm","floor":1,"turns":4},{"damage":0,"enemies":"Small Slimes","floor":3,"turns":4},{"damage":5,"enemies":"2 Louse","floor":7,"turns":2},{"damage":7,"enemies":"Gremlin Nob","floor":10,"turns":3},{"damage":8,"enemies":"The Mushroom Lair","floor":14,"turns":2},{"damage":47,"enemies":"Hexaghost","floor":16,"turns":9},{"damage":21,"enemies":"Spheric Guardian","floor":18,"turns":6},{"damage":10,"enemies":"Gremlin Leader","floor":24,"turns":4},{"damage":17,"enemies":"Shell Parasite","floor":28,"turns":4},{"damage":7,"enemies":"Snake Plant","floor":30,"turns":3},{"damage":0,"enemies":"Shelled Parasite and Fungi","floor":31,"turns":4},{"damage":41,"enemies":"Pondfish","floor":33,"turns":11},{"damage":22,"enemies":"3 Shapes","floor":35,"turns":4},{"damage":4,"enemies":"Orb Walker","floor":37,"turns":3},{"damage":15,"enemies":"Spire Growth","floor":40,"turns":3},{"damage":26,"enemies":"R_Hoarder","floor":41,"turns":7},{"damage":30,"enemies":"Mind Bloom Boss Battle","floor":44,"turns":3},{"damage":0,"enemies":"Transient","floor":45,"turns":5},{"damage":0,"enemies":"Sphere and 2 Shapes","floor":46,"turns":2}],"seed_played":"3663277348139545342","potions_obtained":[{"floor":1,"key":"SteroidPotion"},{"floor":7,"key":"DistilledChaos"},{"floor":18,"key":"SteroidPotion"},{"floor":28,"key":"Explosive Potion"},{"floor":37,"key":"Doom Potion"},{"floor":44,"key":"Fire Potion"},{"floor":45,"key":"BloodPotion"}],"is_trial":false,"path_per_floor":["M","?","M","?","?","R","M","R","T","E","R","?","R","?","R","B",null,"M","?","?","$","?","R","E","R","T","?","M","$","M","M","R","B",null,"M","$","M","?","$","M","E","R","T","?","M","M"],"character_chosen":"IRONCLAD","items_purchased":["Frozen Egg 2","Sundial","Shrug It Off","Bronze Scales","Sling","FearPotion"],"campfire_rested":4,"item_purchase_floors":[0,0,0,0,21,21],"current_hp_per_floor":[48,53,59,59,59,59,60,60,60,59,59,38,38,36,61,20,85,70,54,54,54,54,81,77,77,77,77,66,66,65,71,90,55,90,74,74,76,76,76,67,47,74,74,50,56,56,56],"gold":171,"neow_bonus":"","is_daily":false,"chose_seed":false,"campfire_upgraded":4,"win_rate":0.0,"timestamp":1610151200,"path_taken":["M","?","M","?","?","R","M","R","T","E","R","?","R","?","R","BOSS","M","?","?","$","?","R","E","R","T","?","M","$","M","M","R","BOSS","M","$","M","?","$","M","E","R","T","?","?","M"],"items_purchased_type":["Relic","Relic","Card","Relic","Relic","Potion"],"build_version":"2020-12-22","purchased_purges":5,"victory":false,"max_hp_per_floor":[80,85,85,85,85,85,85,85,85,85,85,85,85,85,85,85,85,85,90,90,90,90,90,90,90,90,90,90,90,90,90,90,90,90,90,90,90,90,90,90,90,90,90,90,90,90,90],"card_choices":[{"not_picked":["ReplayTheSpireMod:Strike From Hell","Sword Boomerang"],"picked":"Clash","floor":1},{"not_picked":["Shrug It Off","Ghostly Armor","ReplayTheSpireMod:Strike From Hell"],"picked":"SKIP","floor":3},{"not_picked":["Armaments","Heavy Blade","Anger"],"picked":"SKIP","floor":7},{"not_picked":["Carnage","Power Through","Perfected Strike"],"picked":"SKIP","floor":10},{"not_picked":["Shockwave","Whirlwind","Life Link+1"],"picked":"SKIP","floor":18},{"not_picked":["Flex+1","Feel No Pain+1","Shrug It Off+1"],"picked":"SKIP","floor":24},{"not_picked":["ReplayReversal","Warcry","ReplayTheSpireMod:Strike From Hell"],"picked":"SKIP","floor":28},{"not_picked":["Perfected Strike","Flex+1","ReplayTheSpireMod:Strike From Hell"],"picked":"SKIP","floor":30},{"not_picked":["Run Through+1","Flex","Intimidate"],"picked":"SKIP","floor":31},{"not_picked":["True Grit","Twin Strike","Abandon"],"picked":"SKIP","floor":35},{"not_picked":["Cleave+1","Flex","Anger+1"],"picked":"SKIP","floor":37},{"not_picked":["Cleave+1","Flex","Anger+1"],"picked":"SKIP","floor":37},{"not_picked":["Fiend Fire","Shockwave+1","Run Through+1"],"picked":"SKIP","floor":40},{"not_picked":["Perfected Strike","Ghostly Armor+1","Flame Barrier+1"],"picked":"SKIP","floor":41},{"not_picked":["Life Link+1","Iron Wave+1","Twin Strike"],"picked":"SKIP","floor":45},{"not_picked":["Life Link+1","Iron Wave+1","Twin Strike"],"picked":"SKIP","floor":45}],"player_experience":472239,"relics_obtained":[{"floor":10,"key":"Whetstone"},{"floor":14,"key":"Odd Mushroom"},{"floor":24,"key":"Ice Cream"},{"floor":26,"key":"Lantern"},{"floor":41,"key":"Chameleon Ring"},{"floor":43,"key":"Replay:Mystery Machine"},{"floor":44,"key":"Replay:Multitool"}],"event_choices":[{"damage_healed":0,"gold_gain":0,"player_choice":"Donut","damage_taken":0,"max_hp_gain":5,"max_hp_loss":0,"event_name":"Big Fish","floor":2,"gold_loss":0},{"damage_healed":0,"gold_gain":0,"player_choice":"Ignored","damage_taken":0,"max_hp_gain":0,"max_hp_loss":0,"event_name":"Liars Game","floor":5,"gold_loss":0},{"damage_healed":0,"gold_gain":0,"player_choice":"Fought Mushrooms","damage_taken":0,"max_hp_gain":0,"max_hp_loss":0,"event_name":"Mushrooms","floor":14,"gold_loss":0},{"damage_healed":0,"gold_gain":0,"player_choice":"Shed Blood","damage_taken":21,"max_hp_gain":5,"max_hp_loss":0,"event_name":"Forgotten Altar","floor":19,"gold_loss":0},{"cards_removed":["Defend_R"],"damage_healed":0,"gold_gain":0,"player_choice":"Elegance","damage_taken":0,"max_hp_gain":0,"max_hp_loss":0,"event_name":"Back to Basics","floor":20,"gold_loss":0},{"damage_healed":0,"gold_gain":0,"player_choice":"Ignored","damage_taken":0,"max_hp_gain":0,"max_hp_loss":0,"event_name":"Duplicator","floor":27,"gold_loss":0},{"cards_removed":["Searing Blow"],"damage_healed":0,"gold_gain":0,"player_choice":"Removed Attack","damage_taken":0,"max_hp_gain":0,"max_hp_loss":0,"event_name":"Falling","floor":38,"gold_loss":0},{"damage_healed":0,"gold_gain":0,"player_choice":"Fight","damage_taken":0,"max_hp_gain":0,"max_hp_loss":0,"event_name":"MindBloom","floor":44,"gold_loss":0}],"is_beta":false,"boss_relics":[{"not_picked":["Black Star","Velvet Choker"],"picked":"SlaversCollar"},{"not_picked":["Cursed Key","Fusion Hammer"],"picked":"Pandora\u0027s Box"}],"items_purged_floors":[0,0,21,29,36],"is_endless":false,"potions_floor_spawned":[1,7,18,28,37,44,45],"killed_by":"Sphere and 2 Shapes","ascension_level":0}}