{"host":"5f3w3xqo483bhjcu","time":1610187077,"event":{"mods":["Act Like it!","BaseMod","KinomotoSakuraMod(ƒæ÷Æ±æ”£)","Koishi","Marisa£®ÏF”Í°°ƒß¿Ì…≥£©","Minty Spire (QoL Compilation)","Reimu£®≤©¿ˆ¡È√Œ£©","Remilia£®¿Ÿ√◊¿Ú—«£©","StSLib","The Servant 0.9.4","Waifu the Spire","WarShipGirlsR/’ΩΩ¢…Ÿ≈ÆR mod","Yakumo Yukari mod","Youmu£®ªÍ∆«—˝√Œ£©","Yuyuko","°æ“≈ŒÔø®≈∆°øREMEMod"],"gold_per_floor":[109,109,34,34,48,48,58,73,73,0,10,10,10],"floor_reached":12,"playtime":440,"items_purged":["Defend_YM"],"score":70,"play_id":"0f174aa7-89fb-4967-822e-d503b0a97b62","local_time":"20210109181117","is_ascension_mode":false,"campfire_choices":[{"data":"HumanRealmSword","floor":6,"key":"SMITH"}],"circlet_count":0,"master_deck":["Strike_YM","Strike_YM","Strike_YM","Strike_YM","Defend_YM","Defend_YM","Defend_YM","SlashOfPresentWorld","WheelOfPainOfLivingAndDead","Venomology","SwordExtraction","Regret","HumanRealmSword+1","SwordExtraction","TurningAngelCut","LightFlashOfTheNetherworld"],"relics":["HalfPhantom","REME_ComplimentaryCards","NeowsBlessing","Peace Pipe","Singing Bowl"],"acts_visited":["Exordium"],"potions_floor_usage":[8,12],"damage_taken":[{"damage":0,"enemies":"Small Slimes","floor":1,"turns":1},{"damage":0,"enemies":"Jaw Worm","floor":5,"turns":1},{"damage":0,"enemies":"Cultist","floor":7,"turns":1},{"damage":6,"enemies":"3 Louse","floor":8,"turns":2},{"damage":5,"enemies":"Looter","floor":11,"turns":4},{"damage":20,"enemies":"Gremlin Nob","floor":12,"turns":4}],"seed_played":"8701944404228761012","potions_obtained":[{"floor":5,"key":"Explosive Potion"},{"floor":11,"key":"SneckoOil"}],"is_trial":false,"path_per_floor":["M","?","$","?","M","R","M","M","T","$","M","E"],"character_chosen":"YOUMU","items_purchased":["TurningAngelCut"],"campfire_rested":0,"item_purchase_floors":[10],"current_hp_per_floor":[75,75,75,75,75,75,75,69,69,69,64,44,44],"gold":10,"neow_bonus":"THREE_ENEMY_KILL","is_daily":false,"chose_seed":false,"campfire_upgraded":1,"win_rate":0.0,"timestamp":1610187077,"path_taken":["M","?","$","?","M","R","M","M","T","$","?","E"],"items_purchased_type":["Card"],"build_version":"2020-12-22","purchased_purges":1,"victory":false,"max_hp_per_floor":[75,75,75,75,75,75,75,75,75,75,75,75,75],"card_choices":[{"not_picked":["PretaSword","GhostSword"],"picked":"SwordExtraction","floor":1},{"not_picked":["SanzenSekai","LifeCuttingSword"],"picked":"HumanRealmSword","floor":5},{"not_picked":["ObsessionWithThePresentWorld","KarmicPunishmentOfTheIdleAndUnfocused","SpiritCuttingSword"],"picked":"SKIP","floor":7},{"not_picked":["TenKingsRetributionOnThePreta","ThreeKonsSevenHakus"],"picked":"SwordExtraction","floor":8},{"not_picked":["SlashOfAscensionToBuddhahood","TwoHundredYojanaInOneSlash"],"picked":"LightFlashOfTheNetherworld","floor":11}],"player_experience":385205,"relics_obtained":[{"floor":9,"key":"Singing Bowl"}],"event_choices":[{"damage_healed":0,"gold_gain":0,"player_choice":"Box","damage_taken":0,"relics_obtained":["Peace Pipe"],"max_hp_gain":0,"max_hp_loss":0,"event_name":"Big Fish","floor":2,"gold_loss":0,"cards_obtained":["Regret"]},{"damage_healed":0,"gold_gain":0,"player_choice":"Ignored","damage_taken":0,"max_hp_gain":0,"max_hp_loss":0,"event_name":"NoteForYourself","floor":4,"gold_loss":0}],"is_beta":false,"boss_relics":[],"items_purged_floors":[3],"is_endless":false,"potions_floor_spawned":[5,11],"killed_by":"Gremlin Nob","ascension_level":0}}