{"host":"f5uumzf5hfexzk8l","time":1610177170,"event":{"mods":["AchievementEnabler","BaseMod","Bestiary","Colored Map","Googly Eyes","Minty Spire (QoL Compilation)","Permanent Neow","Relic Sorter","Relic Stats","SuperFastMode","Unceasing Turn Reminder","everything is the same but u backflip on backflip"],"gold_per_floor":[114,129,129,140,155,185,185,217,242,242,273,283,317,332,332,428,428,412,423,324,324,338,338,354,354,435,435,470,484,484,512,512,612,612,632,632,632],"floor_reached":38,"playtime":2842,"items_purged":["Strike_P"],"score":1091,"play_id":"f5cc64f0-b0f5-47b1-8ffa-619a071ae211","local_time":"20210108232610","is_ascension_mode":true,"campfire_choices":[{"data":"Eruption","floor":7.0,"key":"SMITH"},{"floor":15.0,"key":"REST"},{"floor":23,"key":"REST"},{"floor":25,"key":"REST"},{"data":"Vault","floor":27,"key":"SMITH"},{"floor":32,"key":"REST"}],"circlet_count":0,"master_deck":["AscendersBane","Strike_P+1","Defend_P","Defend_P+1","Defend_P","Eruption+1","Vigilance","ThirdEye+1","WheelKick+1","WindmillStrike","Evaluate+1","Shrug It Off+1","DeceiveReality+1","LikeWater+1","LessonLearned","Vault+1","BowlingBash+1","EmptyBody","Consecrate","SandsOfTime","Perseverance","WaveOfTheHand"],"relics":["PureWater","Oddly Smooth Stone","Ancient Tea Set","PreservedInsect","Omamori","GoldenEye","MealTicket","SlaversCollar","Pear","War Paint","Nilry\u0027s Codex","Strawberry","Fusion Hammer"],"acts_visited":["Exordium","TheCity","TheBeyond"],"potions_floor_usage":[31,37,37,37],"damage_taken":[{"damage":1.0,"enemies":"Jaw Worm","floor":1.0,"turns":5.0},{"damage":0.0,"enemies":"Cultist","floor":2.0,"turns":5.0},{"damage":4.0,"enemies":"2 Louse","floor":4.0,"turns":2.0},{"damage":0.0,"enemies":"2 Fungi Beasts","floor":5.0,"turns":2.0},{"damage":18.0,"enemies":"3 Sentries","floor":6.0,"turns":10.0},{"damage":0.0,"enemies":"Gremlin Nob","floor":8.0,"turns":2.0},{"damage":1.0,"enemies":"Lagavulin","floor":11.0,"turns":5.0},{"damage":6.0,"enemies":"Lots of Slimes","floor":12.0,"turns":4.0},{"damage":11.0,"enemies":"3 Sentries","floor":13.0,"turns":16.0},{"damage":0.0,"enemies":"Looter","floor":14.0,"turns":5.0},{"damage":29.0,"enemies":"Slime Boss","floor":16.0,"turns":11.0},{"damage":7.0,"enemies":"2 Thieves","floor":18.0,"turns":4.0},{"damage":6,"enemies":"Spheric Guardian","floor":19,"turns":16},{"damage":41,"enemies":"Snecko","floor":22,"turns":11},{"damage":16,"enemies":"Snake Plant","floor":24,"turns":6},{"damage":5,"enemies":"Book of Stabbing","floor":28,"turns":8},{"damage":6,"enemies":"Shelled Parasite and Fungi","floor":29,"turns":5},{"damage":0,"enemies":"Slavers","floor":31,"turns":6},{"damage":5,"enemies":"Collector","floor":33,"turns":21},{"damage":0,"enemies":"3 Darklings","floor":35,"turns":14},{"damage":88,"enemies":"Time Eater","floor":37,"turns":23}],"seed_played":"-8246337551941009207","potions_obtained":[{"floor":2.0,"key":"SteroidPotion"},{"floor":5.0,"key":"PowerPotion"},{"floor":8.0,"key":"Energy Potion"},{"floor":13.0,"key":"Fire Potion"},{"floor":14.0,"key":"Block Potion"},{"floor":16.0,"key":"SmokeBomb"},{"floor":22,"key":"Energy Potion"},{"floor":24,"key":"EssenceOfSteel"},{"floor":29,"key":"CultistPotion"},{"floor":35,"key":"SkillPotion"}],"is_trial":false,"path_per_floor":["M","M","?","M","M","E","R","E","T","?","E","M","E","M","R","B",null,"M","M","$","?","M","R","M","R","T","R","E","M","?","E","R","B",null,"M","?","B",null],"character_chosen":"WATCHER","items_purchased":["Consecrate"],"campfire_rested":4,"item_purchase_floors":[20],"current_hp_per_floor":[64,64,52,48,48,30,30,30,30,30,29,23,12,12,31,51,62,55,49,64,64,23,42,26,45,55,55,50,44,28,35,59,54,75,75,75,27],"gold":632,"neow_bonus":"REMOVE_TWO","is_daily":false,"chose_seed":false,"campfire_upgraded":2,"win_rate":0.0,"timestamp":1610177170,"path_taken":["M","M","?","M","M","E","R","E","T","?","E","M","E","?","R","BOSS","M","M","$","?","M","R","M","R","T","R","E","M","?","E","R","BOSS","M","?","BOSS"],"items_purchased_type":["Card"],"build_version":"2020-12-22","purchased_purges":1,"victory":true,"max_hp_per_floor":[65,65,65,65,65,65,65,65,65,65,65,65,65,65,65,65,65,65,65,65,65,65,65,65,65,75,75,75,75,75,82,82,82,82,82,82,82],"relic_stats":{"counters":[21,181],"MealTicket":15,"PreservedInsect":146,"War Paint":["Defend_P","DeceiveReality"],"GoldenEye":[55],"obtain_stats":[{"Pear":26,"Nilry\u0027s Codex":30,"Oddly Smooth Stone":3,"PreservedInsect":8,"Omamori":9,"War Paint":28,"Ancient Tea Set":6,"GoldenEye":11,"SlaversCollar":17,"Strawberry":31,"MealTicket":13,"Fusion Hammer":34,"PureWater":0},{"Pear":15,"Nilry\u0027s Codex":17,"Oddly Smooth Stone":2,"PreservedInsect":6,"Omamori":6,"War Paint":16,"Ancient Tea Set":5,"GoldenEye":7,"SlaversCollar":11,"Strawberry":18,"MealTicket":9,"Fusion Hammer":19,"PureWater":0},{"Pear":104,"Nilry\u0027s Codex":117,"Oddly Smooth Stone":10,"PreservedInsect":26,"Omamori":26,"War Paint":112,"Ancient Tea Set":24,"GoldenEye":31,"SlaversCollar":67,"Strawberry":123,"MealTicket":51,"Fusion Hammer":144,"PureWater":0}]},"card_choices":[{"not_picked":["Crescendo","Prostrate"],"picked":"ThirdEye","floor":1.0},{"not_picked":["SignatureMove","Swivel","Halt"],"picked":"SKIP","floor":2.0},{"not_picked":["Evaluate","PathToVictory"],"picked":"FlyingSleeves","floor":4.0},{"not_picked":["Halt","SashWhip"],"picked":"WheelKick","floor":5.0},{"not_picked":["FlurryOfBlows","ReachHeaven"],"picked":"WindmillStrike","floor":6.0},{"not_picked":["FlurryOfBlows","BowlingBash"],"picked":"Evaluate","floor":8.0},{"not_picked":["BowlingBash","Halt"],"picked":"DeceiveReality","floor":11.0},{"not_picked":["FlurryOfBlows","Perseverance"],"picked":"LikeWater","floor":12.0},{"not_picked":["FlurryOfBlows","Crescendo"],"picked":"LessonLearned","floor":13.0},{"not_picked":["EmptyBody","Evaluate","CrushJoints"],"picked":"SKIP","floor":14.0},{"not_picked":["Blasphemy","Omniscience"],"picked":"Vault","floor":16.0},{"not_picked":["Pray+1","FlurryOfBlows+1"],"picked":"BowlingBash","floor":18.0},{"not_picked":["FlurryOfBlows","Conclude"],"picked":"EmptyBody","floor":19},{"not_picked":["Weave","FearNoEvil"],"picked":"SandsOfTime","floor":22},{"not_picked":["EmptyFist","Ragnarok","SandsOfTime"],"picked":"SKIP","floor":24},{"not_picked":["TalkToTheHand","JustLucky"],"picked":"Perseverance","floor":28},{"not_picked":["FlyingSleeves","Conclude","PathToVictory"],"picked":"SKIP","floor":29},{"not_picked":["Adaptation","Protect+1"],"picked":"WaveOfTheHand","floor":31},{"not_picked":["Halt","Protect+1","CrushJoints+1"],"picked":"SKIP","floor":35}],"player_experience":379674,"relics_obtained":[{"floor":6.0,"key":"Ancient Tea Set"},{"floor":8.0,"key":"PreservedInsect"},{"floor":9.0,"key":"Omamori"},{"floor":11.0,"key":"GoldenEye"},{"floor":13.0,"key":"MealTicket"},{"floor":26,"key":"Pear"},{"floor":28,"key":"War Paint"},{"floor":30,"key":"Nilry\u0027s Codex"},{"floor":31,"key":"Strawberry"}],"event_choices":[{"damage_healed":0.0,"max_hp_gain":0.0,"max_hp_loss":0.0,"gold_gain":0.0,"event_name":"Scrap Ooze","player_choice":"Success","floor":3.0,"gold_loss":0.0,"damage_taken":12.0,"relics_obtained":["Oddly Smooth Stone"]},{"cards_removed":["FlyingSleeves"],"damage_healed":0.0,"max_hp_gain":0.0,"max_hp_loss":0.0,"gold_gain":0.0,"event_name":"NoteForYourself","player_choice":"Took Card","floor":10.0,"gold_loss":0.0,"damage_taken":0.0,"cards_obtained":["Shrug It Off"]},{"cards_removed":["Strike_P"],"damage_healed":0,"gold_gain":0,"player_choice":"Elegance","damage_taken":0,"max_hp_gain":0,"max_hp_loss":0,"event_name":"Back to Basics","floor":21,"gold_loss":0},{"damage_healed":0,"gold_gain":0,"player_choice":"Obtained Book","damage_taken":16,"max_hp_gain":0,"max_hp_loss":0,"event_name":"Cursed Tome","floor":30,"gold_loss":0},{"damage_healed":0,"gold_gain":0,"player_choice":"Took Portal","damage_taken":0,"max_hp_gain":0,"max_hp_loss":0,"event_name":"SecretPortal","floor":36,"gold_loss":0}],"is_beta":false,"boss_relics":[{"not_picked":["Tiny House","Busted Crown"],"picked":"SlaversCollar"},{"not_picked":["Calling Bell","Sozu"],"picked":"Fusion Hammer"}],"items_purged_floors":[20],"is_endless":false,"potions_floor_spawned":[2,5,8,13,14,16,22,24,29,35],"ascension_level":10}}