{"host":"4c7oxphrh4ok8x7u","time":1610208961,"event":{"mods":["100% Spire Juice","2.2 Compatiblity","Act Like it!","Arknights The Spire","Aspiration","BaseMod","Better Skull","Better Vampires","BetterRewards","Challenge The Spire","Conjunction","Conspire","Custom Start","Dota2Spire","Ekko","Evolution","Fiend Mod","Friendly Minions","FruityMod","GifTheSpireLib","Good Game Mod","Halation","Hermit","HololiveMod","Hubris","Hyrulean Relics","Jedi Mod","Jess\u0027s Bottle","Kratos Character Expansion","Minty Spire (QoL Compilation)","MostiFishMod","Permanent Neow","Poor People Problems","Prisma Mod","Quarter Circle Forward PUNCH!","RatMod","Replay The Spire","Robot Space Explorer","SCP261 Mod","Shade Mod","Slay the Relics Exporter","Small Relic Pack","Spicy Shops","Spikes Relics","Spires And Sneckos","StSLib","Stuff the Spire","The Animator","The Blue Laboratory","The Death Knight","The Edgeheg","The Exalted","The Fake Hero","The Trickster","TheVacant","TheWitcher","Wandering Minibosses"],"gold_per_floor":[115,39,39,51,68,68,243,277,277,290,290,316,336,351,351,450,450,465,4,4,18,33,33,61,71,71,71,85,96,106,139,139,235,235,250,230,240,253,264,292,292,303,303,17,32,32,61,7,7,7,7,7,7,32,32],"floor_reached":56,"playtime":3015,"items_purged":["Doubt"],"score":1378,"play_id":"749f84c4-e0b8-44bc-9e59-2f13db324546","local_time":"20210109191601","is_ascension_mode":false,"campfire_choices":[{"data":"Inflame","floor":6,"key":"SMITH"},{"data":"Life Link","floor":15,"key":"SMITH"},{"data":"Berserk","floor":23,"key":"SMITH"},{"floor":32,"key":"RECALL"},{"data":"jedi:harder","floor":41,"key":"SMITH"},{"floor":49,"key":"DIG"},{"floor":52,"key":"DIG"}],"circlet_count":0,"master_deck":["Run Through","Run Through","Run Through","Run Through","Defend_R","Defend_R","Defend_R","Defend_R","Bash","StuffTheSpire:Resist","Inflame+1","Seeing Red","Life Link+1","Feed+1","Self Repair+1","Shrug It Off","Turbo","Berserk+1","Run Through+1","conspire:Banana","Run Through+1","StuffTheSpire:Slingshot","jedi:harder+1","Absolvement+1","Carnage+1","Replay:Undeath\u0027s Touch","Reaper","Flex+1","Life Link+1","Headbutt","Warcry","Wild Strike","jedi:collectorstrike+1","MostiFishMod:#F4004+1","Life Link+1"],"relics":["EVO:Axolotl","DaveBox","REME:ComplimentaryCards","White Beast Statue","SynthV:TestCard","jedi:purplefairy","Iron Core","Replay:Mystery Machine","Bromod:ArcaneGrace","Ice Cream","relicPack:DSword","Whetstone","BrokenLever","Dota2Spire:OrchidMalevolence","hubris:Metronome","Coffee Dripper","wanderingMiniBosses:AbyssPearl","jedi:HeartOfTheCards","Orichalcum","conspire:Boomerang","halation:PinkSoulGem","Shovel","Durian","Replay:Accelerometer","Turnip"],"acts_visited":["Exordium","TheCity","TheBeyond","TheEnding"],"potions_floor_usage":[10,10,14,16,21,21,21,22,24,31,33,33,33,37,37,42,42,50,50,55,55],"damage_taken":[{"damage":0,"enemies":"conspire:RoseBush","floor":1,"turns":2},{"damage":1,"enemies":"Cultist","floor":4,"turns":3},{"damage":0,"enemies":"2 Louse","floor":5,"turns":2},{"damage":21,"enemies":"Lagavulin","floor":8,"turns":6},{"damage":12,"enemies":"Looter","floor":10,"turns":5},{"damage":13,"enemies":"2 Fungi Beasts","floor":13,"turns":4},{"damage":16,"enemies":"Exordium Wildlife","floor":14,"turns":5},{"damage":53,"enemies":"Fading Forest","floor":16,"turns":11},{"damage":46,"enemies":"Chosen","floor":18,"turns":7},{"damage":37,"enemies":"conspire:FuzzyDice","floor":21,"turns":4},{"damage":57,"enemies":"Centurion and Healer","floor":22,"turns":5},{"damage":42,"enemies":"Gremlin Leader","floor":24,"turns":6},{"damage":19,"enemies":"Chosen and Byrds","floor":25,"turns":6},{"damage":0,"enemies":"conspire:HollyBat","floor":28,"turns":9},{"damage":0,"enemies":"Sentry and Sphere","floor":29,"turns":4},{"damage":11,"enemies":"Chosen and Byrds","floor":30,"turns":5},{"damage":25,"enemies":"Slavers","floor":31,"turns":4},{"damage":44,"enemies":"Collector","floor":33,"turns":5},{"damage":25,"enemies":"3 Darklings","floor":35,"turns":7},{"damage":4,"enemies":"3 Shapes","floor":37,"turns":5},{"damage":37,"enemies":"Jaw Worm Horde","floor":38,"turns":4},{"damage":23,"enemies":"Writhing Mass","floor":39,"turns":6},{"damage":73,"enemies":"Nemesis","floor":40,"turns":7},{"damage":18,"enemies":"Transient","floor":42,"turns":5},{"damage":19,"enemies":"Maw","floor":45,"turns":5},{"damage":20,"enemies":"Giant Head","floor":47,"turns":6},{"damage":18,"enemies":"hubris:GrandSnecko","floor":50,"turns":7},{"damage":43,"enemies":"Shield and Spear","floor":54,"turns":6},{"damage":92,"enemies":"The Heart","floor":55,"turns":8}],"seed_played":"-1656879192481689973","potions_obtained":[{"floor":3,"key":"blueLaboratory:FruitPunch"},{"floor":3,"key":"FearPotion"},{"floor":3,"key":"conspire:TimeTravelPotion"},{"floor":5,"key":"Fire Potion"},{"floor":8,"key":"Adrenaline Potion"},{"floor":10,"key":"blueLaboratory:SmithPotion"},{"floor":13,"key":"BlessingOfTheForge"},{"floor":14,"key":"Regen Potion"},{"floor":16,"key":"Conjunction:LightningMarble"},{"floor":21,"key":"blueLaboratory:ForbiddenFruitJuice"},{"floor":22,"key":"Venom Potion"},{"floor":24,"key":"SteroidPotion"},{"floor":25,"key":"ColorlessPotion"},{"floor":28,"key":"blueLaboratory:ForbiddenFruitJuice"},{"floor":29,"key":"Dexterity Potion"},{"floor":30,"key":"jedi:tentaclejuice"},{"floor":31,"key":"Reflective Coating"},{"floor":33,"key":"blueLaboratory:FruitPunch"},{"floor":35,"key":"SpeedPotion"},{"floor":36,"key":"SCP261:EnergyGasPotion"},{"floor":37,"key":"Reflective Coating"},{"floor":38,"key":"PowerPotion"},{"floor":40,"key":"Regen Potion"},{"floor":42,"key":"Dota2Spire:Clarity"},{"floor":45,"key":"CultistPotion"},{"floor":54,"key":"blueLaboratory:IronCompound"}],"is_trial":false,"path_per_floor":["M","$","?","M","M","R","?","E","T","M","?","T","M","M","R","B",null,"M","$","?","M","M","R","E","M","T","T","M","M","M","E","R","B",null,"M","?","M","M","M","E","R","M","T","$","M","?","E","$","R","B",null,"R","$","E","B",null],"character_chosen":"IRONCLAD","items_purchased":["Inflame","conspire:Banana","Ice Cream","conspire:Boomerang","Life Link+1"],"campfire_rested":0,"item_purchase_floors":[2,19,19,44,48],"current_hp_per_floor":[80,80,80,80,80,80,80,65,65,61,61,61,61,58,63,30,88,55,55,20,11,41,42,21,22,22,22,37,52,56,51,51,24,102,103,103,109,104,95,39,40,75,75,75,68,68,90,90,95,118,124,124,124,100,56],"gold":32,"neow_bonus":"REMOVE_CARD","is_daily":false,"chose_seed":false,"campfire_upgraded":4,"win_rate":0.0,"timestamp":1610208961,"path_taken":["M","$","?","?","M","R","?","E","T","M","?","?","?","M","R","BOSS","M","$","?","M","M","R","E","M","T","?","M","M","?","E","R","BOSS","M","?","M","?","?","E","R","?","T","$","M","?","E","$","R","BOSS","R","$","E","BOSS"],"items_purchased_type":["Card","Card","Relic","Relic","Card"],"build_version":"2020-12-22","purchased_purges":1,"victory":true,"max_hp_per_floor":[80,80,80,80,80,80,80,80,80,82,82,82,85,88,88,88,88,88,88,88,89,80,80,81,82,82,82,87,92,97,101,101,102,102,103,103,109,110,111,116,116,117,117,117,118,118,118,118,123,124,124,124,124,125,130],"card_choices":[{"not_picked":["StuffTheSpire:RockThrow","BarbarianYell"],"picked":"StuffTheSpire:Resist","floor":1},{"not_picked":["conspire:Charge","Run Through","ReplayTheSpireMod:LeadingStrike","Headbutt"],"picked":"Seeing Red","floor":4},{"not_picked":["Heavy Blade","Replay:Undeath\u0027s Touch","Havoc","Armaments"],"picked":"Life Link","floor":5},{"not_picked":["Warcry","Thunderclap","hubris:ReadiedAction","ReplayTheSpireMod:Strike From Hell","Shockwave"],"picked":"SKIP","floor":8},{"not_picked":["Thunderclap","ReplayTheSpireMod:Strike From Hell","Armaments","Dark Embrace"],"picked":"Feed","floor":10},{"not_picked":["Body Slam","Rebound","Brutality","BarbarianYell"],"picked":"Shrug It Off","floor":13},{"not_picked":["Twin Strike","ReplayTheSpireMod:Strike From Hell","Clothesline","Steam Power"],"picked":"Turbo","floor":14},{"not_picked":["jedi:bloodyhammer","Mirror Shield","MostiFishMod:NewArrival","Reaper"],"picked":"Berserk","floor":16},{"not_picked":["Havoc","Sword Boomerang+1","Cleave","Warcry"],"picked":"Run Through","floor":18},{"not_picked":["Sentinel+1","hubris:ReadiedAction+1","Rampage","Clothesline"],"picked":"Run Through+1","floor":21},{"not_picked":["jedi:hate","StuffTheSpire:Pyroclast","Corruption","Body Slam"],"picked":"StuffTheSpire:Slingshot","floor":22},{"not_picked":["MostiFishMod:BrandingRite","True Grit+1","Body Slam","Sever Soul"],"picked":"jedi:harder","floor":24},{"not_picked":["Clash","Warcry","Replay:Undeath\u0027s Touch+1","conspire:Charge","Reckless Charge+1"],"picked":"SKIP","floor":25},{"not_picked":["Sentinel+1","Pommel Strike+1","Clothesline","Flex"],"picked":"Absolvement+1","floor":28},{"not_picked":["StuffTheSpire:BloodClot","Heavy Blade","Seeing Red","jedi:fear","Body Slam"],"picked":"SKIP","floor":29},{"not_picked":["jedi:fear+1","True Grit","jedi:suffering","Reaper"],"picked":"Carnage+1","floor":30},{"not_picked":["ReplayTheSpireMod:Strike From Hell","Thunderclap","Dropkick+1","Second Wind"],"picked":"Replay:Undeath\u0027s Touch","floor":31},{"not_picked":["MostiFishMod:PerfectStrikeMKII","MostiFishMod:DarkDeal","Corruption","Exhume"],"picked":"Reaper","floor":33},{"not_picked":["Replay:Undeath\u0027s Touch","Warcry","Headbutt","StuffTheSpire:Slingshot"],"picked":"Flex+1","floor":35},{"not_picked":["Armaments","Shockwave","Dark Embrace","Rampage"],"picked":"Life Link+1","floor":37},{"not_picked":["StuffTheSpire:Slingshot+1","ReplayTheSpireMod:Strike From Hell+1","Thunderclap+1","Havoc"],"picked":"Headbutt","floor":38},{"not_picked":["Hemokinesis+1","Body Slam","Warcry","Iron Wave","Pommel Strike"],"picked":"SKIP","floor":39},{"not_picked":["Hemokinesis+1","Body Slam","Iron Wave","Pommel Strike"],"picked":"Warcry","floor":39},{"not_picked":["hubris:CleavingFinish","True Grit+1","Sword Boomerang+1","rat:Execute"],"picked":"Wild Strike","floor":40},{"not_picked":["Wild Strike","Replay:Undeath\u0027s Touch+1","Rupture+1","StuffTheSpire:RockThrow+1"],"picked":"jedi:collectorstrike+1","floor":42},{"not_picked":["hubris:CleavingFinish","Uppercut","jedi:controlledanger+1","StuffTheSpire:RockThrow"],"picked":"jedi:collectorstrike+1","floor":45},{"not_picked":["Shrug It Off","Entrench+1","Cleave+1","ReplayTheSpireMod:Limb From Limb+1"],"picked":"MostiFishMod:#F4004+1","floor":47},{"not_picked":["Blood for Blood","jedi:suffering+1","Dual Wield","StuffTheSpire:RockThrow+1"],"picked":"jedi:collectorstrike+1","floor":54}],"player_experience":686348,"relics_obtained":[{"floor":1,"key":"SynthV:TestCard"},{"floor":8,"key":"jedi:purplefairy"},{"floor":12,"key":"Replay:Mystery Machine"},{"floor":24,"key":"Whetstone"},{"floor":26,"key":"BrokenLever"},{"floor":27,"key":"Dota2Spire:OrchidMalevolence"},{"floor":31,"key":"hubris:Metronome"},{"floor":37,"key":"wanderingMiniBosses:AbyssPearl"},{"floor":40,"key":"jedi:HeartOfTheCards"},{"floor":43,"key":"Orichalcum"},{"floor":47,"key":"Shovel"},{"floor":49,"key":"Durian"},{"floor":52,"key":"Replay:Accelerometer"},{"floor":54,"key":"Turnip"}],"event_choices":[{"damage_healed":0,"gold_gain":0,"player_choice":"Got Potions","damage_taken":0,"max_hp_gain":0,"max_hp_loss":0,"event_name":"Lab","floor":3,"gold_loss":0},{"damage_healed":0,"gold_gain":175,"player_choice":"AGREE","damage_taken":0,"max_hp_gain":0,"max_hp_loss":0,"event_name":"Liars Game","floor":7,"gold_loss":0,"cards_obtained":["Doubt"]},{"damage_healed":0,"gold_gain":0,"player_choice":"Bought 1 Potion","damage_taken":0,"max_hp_gain":0,"max_hp_loss":0,"event_name":"The Woman in Blue","floor":36,"gold_loss":0}],"is_beta":false,"boss_relics":[{"not_picked":["aspiration:SilentSkillbook","TimeKeys"],"picked":"Bromod:ArcaneGrace"},{"not_picked":["CosmicIsotope","Hololive_Finger"],"picked":"Coffee Dripper"}],"items_purged_floors":[19],"is_endless":false,"potions_floor_spawned":[1,4,5,8,10,13,14,16,18,21,22,24,25,28,29,30,31,33,35,37,38,39,40,42,45,47,54],"ascension_level":0}}