{"host":"1c17lcvl7acx821p","time":1610234144,"event":{"mods":["AchievementEnabler","BaseMod","Colored Map","Minty Spire (QoL Compilation)","StSLib"],"gold_per_floor":[109,128,142,69,81,110,110,120,201,201,213,213,228,554,554,656,656,674,690,705,721,572,572,599,599,599,633,649,674,674,126,126,226,226,246,9,59,72,0,33,33,67,67,99,99,113,113,144,144,144],"floor_reached":51,"playtime":2273,"items_purged":["Bash","Strike_R","Strike_R"],"score":1233,"play_id":"270c5560-5ad6-41f0-995f-e91447184ec6","local_time":"20210110011544","is_ascension_mode":true,"campfire_choices":[{"data":"Fire Breathing","floor":7,"key":"SMITH"},{"data":"Barricade","floor":10,"key":"SMITH"},{"data":"Power Through","floor":12,"key":"SMITH"},{"data":"Flame Barrier","floor":15,"key":"SMITH"},{"data":"Flame Barrier","floor":23,"key":"SMITH"},{"data":"Power Through","floor":32,"key":"SMITH"},{"data":"Power Through","floor":41,"key":"SMITH"},{"data":"Feel No Pain","floor":45,"key":"SMITH"},{"floor":49,"key":"REST"}],"circlet_count":0,"master_deck":["Strike_R","Strike_R","Defend_R","Defend_R","Defend_R","Defend_R","Spot Weakness","Power Through+1","Clothesline","Fire Breathing+1","Barricade+1","Flame Barrier+1","Wild Strike","Fiend Fire","Power Through+1","Second Wind","Dark Embrace+1","Flame Barrier+1","Fire Breathing","Fire Breathing","Feel No Pain+1","Power Through+1","Warcry+1","Battle Trance"],"relics":["Burning Blood","Pocketwatch","Bottled Flame","Darkstone Periapt","Old Coin","Runic Dome","Happy Flower","Letter Opener","InkBottle","Juzu Bracelet","HornCleat","Medical Kit","Runic Cube","Prayer Wheel","Red Mask","FossilizedHelix","Paper Frog","Pear","Bottled Tornado","Frozen Egg 2"],"acts_visited":["Exordium","TheCity","TheBeyond"],"potions_floor_usage":[6,20,21,32,50,50],"damage_taken":[{"damage":1,"enemies":"Cultist","floor":1,"turns":3},{"damage":4,"enemies":"2 Louse","floor":2,"turns":4},{"damage":9,"enemies":"Jaw Worm","floor":3,"turns":4},{"damage":10,"enemies":"3 Louse","floor":5,"turns":3},{"damage":25,"enemies":"Gremlin Nob","floor":6,"turns":4},{"damage":9,"enemies":"Blue Slaver","floor":8,"turns":4},{"damage":16,"enemies":"Looter","floor":11,"turns":3},{"damage":10,"enemies":"2 Fungi Beasts","floor":13,"turns":3},{"damage":0,"enemies":"Lagavulin","floor":14,"turns":6},{"damage":0,"enemies":"Slime Boss","floor":16,"turns":6},{"damage":14,"enemies":"Shell Parasite","floor":18,"turns":5},{"damage":0,"enemies":"Chosen","floor":19,"turns":4},{"damage":11,"enemies":"Shelled Parasite and Fungi","floor":20,"turns":6},{"damage":15,"enemies":"Centurion and Healer","floor":21,"turns":7},{"damage":28,"enemies":"Book of Stabbing","floor":24,"turns":7},{"damage":5,"enemies":"Slavers","floor":27,"turns":4},{"damage":0,"enemies":"Snecko","floor":28,"turns":7},{"damage":0,"enemies":"Book of Stabbing","floor":29,"turns":7},{"damage":0,"enemies":"Collector","floor":33,"turns":7},{"damage":11,"enemies":"Orb Walker","floor":35,"turns":2},{"damage":10,"enemies":"2 Orb Walkers","floor":37,"turns":5},{"damage":0,"enemies":"3 Darklings","floor":38,"turns":6},{"damage":56,"enemies":"Reptomancer","floor":40,"turns":5},{"damage":0,"enemies":"Nemesis","floor":42,"turns":7},{"damage":21,"enemies":"Reptomancer","floor":44,"turns":6},{"damage":0,"enemies":"Maw","floor":46,"turns":6},{"damage":0,"enemies":"Giant Head","floor":48,"turns":9},{"damage":10,"enemies":"Donu and Deca","floor":50,"turns":6}],"seed_played":"1137907713789105709","potions_obtained":[{"floor":1,"key":"ColorlessPotion"},{"floor":6,"key":"Explosive Potion"},{"floor":13,"key":"FearPotion"},{"floor":14,"key":"Swift Potion"},{"floor":16,"key":"Fruit Juice"},{"floor":21,"key":"Strength Potion"},{"floor":24,"key":"AttackPotion"},{"floor":27,"key":"Ancient Potion"},{"floor":29,"key":"Fruit Juice"},{"floor":35,"key":"ColorlessPotion"},{"floor":40,"key":"EssenceOfSteel"}],"is_trial":false,"path_per_floor":["M","M","M","$","M","E","R","M","T","R","M","R","M","E","R","B",null,"M","M","M","M","$","R","E","?","T","E","M","E","?","$","R","B",null,"M","$","?","M","?","E","R","E","T","E","R","M","?","E","R","B",null],"character_chosen":"IRONCLAD","items_purchased":["Fire Breathing","Flame Barrier","Fire Breathing","HornCleat","Medical Kit","Feel No Pain","Power Through"],"campfire_rested":1,"item_purchase_floors":[4,22,31,31,31,36,36],"current_hp_per_floor":[72,72,69,69,65,46,46,43,43,43,33,33,29,35,35,41,72,64,70,70,61,61,61,39,39,39,40,46,52,38,38,43,49,87,82,82,78,84,84,34,34,40,50,35,35,41,41,47,76,72],"gold":144,"neow_bonus":"ONE_RARE_RELIC","is_daily":false,"chose_seed":false,"campfire_upgraded":8,"win_rate":0.0,"timestamp":1610234144,"path_taken":["M","?","M","?","?","E","R","M","T","R","M","R","M","E","R","BOSS","M","M","M","M","$","R","E","?","T","E","M","E","?","$","R","BOSS","M","$","?","M","?","E","R","E","T","E","R","M","?","E","R","BOSS"],"items_purchased_type":["Card","Card","Card","Relic","Relic","Card","Card"],"build_version":"2020-12-22","purchased_purges":3,"victory":true,"max_hp_per_floor":[72,72,72,72,72,72,72,72,72,72,72,72,72,72,72,72,72,72,72,77,77,77,77,77,77,77,77,77,77,82,82,87,87,87,87,87,87,87,87,87,87,87,97,97,97,97,97,97,97,97],"card_choices":[{"not_picked":["Fire Breathing","Heavy Blade"],"picked":"Spot Weakness","floor":1},{"not_picked":["Cleave","Perfected Strike"],"picked":"Power Through","floor":2},{"not_picked":["Whirlwind","Heavy Blade"],"picked":"Clothesline","floor":3},{"not_picked":["Pommel Strike","Warcry","Heavy Blade"],"picked":"SKIP","floor":5},{"not_picked":["Anger","Wild Strike"],"picked":"Barricade","floor":6},{"not_picked":["Headbutt","Uppercut"],"picked":"Flame Barrier","floor":8},{"not_picked":["Dark Embrace","Inflame"],"picked":"Wild Strike","floor":11},{"not_picked":["Perfected Strike","Flex","Combust"],"picked":"SKIP","floor":13},{"not_picked":["Headbutt","Rupture","Combust"],"picked":"SKIP","floor":14},{"not_picked":["Offering","Corruption"],"picked":"Fiend Fire","floor":16},{"not_picked":["True Grit","Dual Wield"],"picked":"Power Through","floor":18},{"not_picked":["Pummel","Thunderclap"],"picked":"Second Wind","floor":19},{"not_picked":["Thunderclap","Armaments","Cleave"],"picked":"SKIP","floor":20},{"not_picked":["Ghostly Armor","Clothesline"],"picked":"Dark Embrace+1","floor":21},{"not_picked":["Cleave","Anger","Burning Pact"],"picked":"SKIP","floor":24},{"not_picked":["Combust","Disarm","Seeing Red"],"picked":"SKIP","floor":27},{"not_picked":["Infernal Blade","Whirlwind","Shockwave"],"picked":"SKIP","floor":28},{"not_picked":["Body Slam","Flex","Spot Weakness"],"picked":"SKIP","floor":29},{"not_picked":["Warcry+1","Pommel Strike+1"],"picked":"Fire Breathing","floor":35},{"not_picked":["Iron Wave+1","Battle Trance"],"picked":"Warcry+1","floor":38},{"not_picked":["Second Wind+1","Headbutt","Armaments"],"picked":"SKIP","floor":38},{"not_picked":["Fire Breathing+1","Dropkick","Metallicize"],"picked":"SKIP","floor":40},{"not_picked":["True Grit+1","Thunderclap+1","Feed"],"picked":"SKIP","floor":42},{"not_picked":["Sword Boomerang","Body Slam"],"picked":"Battle Trance","floor":44},{"not_picked":["Warcry","Armaments","Clothesline+1"],"picked":"SKIP","floor":46},{"not_picked":["Intimidate+1","Anger+1","Pommel Strike"],"picked":"SKIP","floor":46},{"not_picked":["Flex+1","True Grit+1","Fire Breathing+1"],"picked":"SKIP","floor":48}],"player_experience":8790,"relics_obtained":[{"floor":6,"key":"Bottled Flame"},{"floor":9,"key":"Darkstone Periapt"},{"floor":14,"key":"Old Coin"},{"floor":24,"key":"Happy Flower"},{"floor":26,"key":"Letter Opener"},{"floor":27,"key":"InkBottle"},{"floor":29,"key":"Juzu Bracelet"},{"floor":37,"key":"Prayer Wheel"},{"floor":40,"key":"FossilizedHelix"},{"floor":42,"key":"Paper Frog"},{"floor":43,"key":"Pear"},{"floor":44,"key":"Bottled Tornado"},{"floor":48,"key":"Frozen Egg 2"}],"event_choices":[{"cards_removed":["Strike_R"],"damage_healed":0,"gold_gain":0,"player_choice":"Elegance","damage_taken":0,"max_hp_gain":0,"max_hp_loss":0,"event_name":"Back to Basics","floor":25,"gold_loss":0},{"damage_healed":0,"gold_gain":0,"player_choice":"Shed Blood","damage_taken":19,"max_hp_gain":5,"max_hp_loss":0,"event_name":"Forgotten Altar","floor":30,"gold_loss":0},{"damage_healed":0,"gold_gain":0,"player_choice":"Fight","damage_taken":0,"max_hp_gain":0,"max_hp_loss":0,"event_name":"Mysterious Sphere","floor":37,"gold_loss":0},{"damage_healed":0,"gold_gain":0,"player_choice":"Paid","damage_taken":0,"relics_obtained":["Red Mask"],"max_hp_gain":0,"max_hp_loss":0,"event_name":"Tomb of Lord Red Mask","floor":39,"gold_loss":72},{"damage_healed":0,"gold_gain":0,"player_choice":"Memory 1","damage_taken":0,"max_hp_gain":0,"max_hp_loss":0,"event_name":"SensoryStone","floor":47,"gold_loss":0}],"is_beta":false,"boss_relics":[{"not_picked":["Runic Pyramid","Ectoplasm"],"picked":"Runic Dome"},{"not_picked":["Sozu","Fusion Hammer"],"picked":"Runic Cube"}],"items_purged_floors":[22,31,36],"is_endless":false,"potions_floor_spawned":[1,6,13,14,16,21,24,27,28,29,35,40,46,48],"ascension_level":3}}