{"host":"tgr1xoidyjfo4u0n","time":1610214158,"event":{"mods":["Act Like it!","BaseMod","Better Vampires","CapriCore","Colored Powertips","GifTheSpireLib","Highlight Path","Minty Spire (QoL Compilation)","StSLib"],"gold_per_floor":[367,367,367,116,132,132,167,186,186,16,16,33,44,60,60,161,161,161,161],"floor_reached":18,"playtime":887,"items_purged":["Strike_B"],"score":170,"play_id":"2e61eaca-45a3-4bee-92ae-99d0aeee5d79","local_time":"20210110014238","is_ascension_mode":true,"campfire_choices":[{"data":"Sunder","floor":6.0,"key":"SMITH"},{"data":"Coolheaded","floor":11.0,"key":"SMITH"},{"data":"Hologram","floor":15.0,"key":"SMITH"}],"circlet_count":0,"master_deck":["Zap","Dualcast","Coolheaded+1","Core Surge","Sunder+1","Deep Breath","Tempest","Streamline+1","Chill","Ball Lightning+1","Turbo","Hologram+1","Leap","Beam Cell+1","Recycle","Coolheaded","Darkness","Storm","Redo"],"relics":["Cracked Core","Molten Egg 2","Bird Faced Urn","Membership Card","Pandora\u0027s Box"],"acts_visited":["Exordium","TheCity"],"potions_floor_usage":[],"damage_taken":[{"damage":2.0,"enemies":"Small Slimes","floor":1.0,"turns":4.0},{"damage":1.0,"enemies":"Jaw Worm","floor":5.0,"turns":3.0},{"damage":26.0,"enemies":"Lagavulin","floor":7.0,"turns":5.0},{"damage":0.0,"enemies":"Cultist","floor":8.0,"turns":2.0},{"damage":0.0,"enemies":"2 Fungi Beasts","floor":12.0,"turns":2.0},{"damage":18.0,"enemies":"Exordium Thugs","floor":13.0,"turns":3.0},{"damage":5.0,"enemies":"3 Louse","floor":14.0,"turns":2.0},{"damage":18,"enemies":"Slime Boss","floor":16,"turns":8},{"damage":0,"enemies":"Shell Parasite","floor":18,"turns":2}],"seed_played":"-7508355509667091748","potions_obtained":[{"floor":1.0,"key":"Fire Potion"},{"floor":12.0,"key":"Dexterity Potion"},{"floor":13.0,"key":"SteroidPotion"}],"is_trial":false,"path_per_floor":["M","?","?","$","M","R","E","M","T","$","R","M","M","M","R","B",null,"M"],"character_chosen":"DEFECT","items_purchased":["Sunder","Deep Breath","Membership Card","Ball Lightning+1"],"campfire_rested":0,"item_purchase_floors":[4,4,10,10],"current_hp_per_floor":[66,66,71,71,70,70,44,44,44,44,44,44,26,21,21,3,73,73,73],"gold":161,"neow_bonus":"TWO_FIFTY_GOLD","is_daily":false,"chose_seed":false,"campfire_upgraded":3,"win_rate":0.0,"timestamp":1610214158,"path_taken":["M","?","?","?","M","R","E","M","T","$","R","M","M","M","R","BOSS","M"],"items_purchased_type":["Card","Card","Relic","Card"],"build_version":"2020-12-22","purchased_purges":1,"victory":false,"max_hp_per_floor":[68,68,73,73,73,73,73,73,73,73,73,73,73,73,73,73,73,73,73],"card_choices":[{"not_picked":["Cold Snap","Rebound"],"picked":"Coolheaded","floor":1.0},{"not_picked":["Force Field","Hologram"],"picked":"Tempest","floor":5.0},{"not_picked":["Beam Cell+1","Steam"],"picked":"Streamline+1","floor":7.0},{"not_picked":["Sweeping Beam+1","Rip and Tear+1"],"picked":"Chill","floor":8.0},{"not_picked":["Rebound+1","Gash+1"],"picked":"Turbo","floor":12.0},{"not_picked":["Stack","Auto Shields"],"picked":"Hologram","floor":13.0},{"not_picked":["Steam","Cold Snap+1"],"picked":"Leap","floor":14.0}],"player_experience":342948,"relics_obtained":[{"floor":7.0,"key":"Molten Egg 2"},{"floor":9.0,"key":"Bird Faced Urn"}],"event_choices":[{"damage_healed":0.0,"max_hp_gain":0.0,"max_hp_loss":0.0,"gold_gain":0.0,"cards_transformed":["Strike_B"],"event_name":"Living Wall","player_choice":"Change","floor":2.0,"gold_loss":0.0,"damage_taken":0.0,"cards_obtained":["Core Surge"]},{"damage_healed":0.0,"max_hp_gain":5.0,"max_hp_loss":0.0,"gold_gain":0.0,"event_name":"Big Fish","player_choice":"Donut","floor":3.0,"gold_loss":0.0,"damage_taken":0.0}],"is_beta":false,"boss_relics":[{"not_picked":["Fusion Hammer","Nuclear Battery"],"picked":"Pandora\u0027s Box"}],"items_purged_floors":[4],"is_endless":false,"potions_floor_spawned":[1,12,13,14],"killed_by":"Shell Parasite","ascension_level":1}}