{"host":"uv231blk40vjdojr","time":1610193171,"event":{"mods":["AchievementEnabler","BaseMod","Bestiary","Minty Spire (QoL Compilation)","Relic Stats"],"gold_per_floor":[119,119,4,4,24,24,24,24,24,36,52,2,2,2,2,107,107,125,136,29,29,45,45,45,45,69,69,81,99,110,120,120,219,219,233,233,252,252,252],"floor_reached":38,"playtime":1432,"items_purged":["Strike_B"],"score":366,"play_id":"4daf31d2-0594-40fd-bca3-1bf769303647","local_time":"20210109125251","is_ascension_mode":false,"campfire_choices":[{"data":"Zap","floor":6.0,"key":"SMITH"},{"data":"Dualcast","floor":8.0,"key":"SMITH"},{"data":"Hologram","floor":15.0,"key":"SMITH"},{"floor":23.0,"key":"REST"},{"data":"Self Repair","floor":25.0,"key":"SMITH"},{"data":"Conserve Battery","floor":27.0,"key":"SMITH"},{"floor":32.0,"key":"REST"}],"circlet_count":0,"master_deck":["Strike_B","Strike_B","Defend_B","Defend_B","Defend_B","Defend_B","Zap+1","Dualcast+1","Electrodynamics+1","Ball Lightning","Doom and Gloom","Machine Learning","Hologram+1","Conserve Battery+1","Echo Form","Steam","Self Repair+1","Leap","Go for the Eyes+1","Stack+1","Coolheaded+1","Buffer"],"relics":["Cracked Core"],"acts_visited":["Exordium","TheCity","TheBeyond"],"potions_floor_usage":[38],"damage_taken":[{"damage":5.0,"enemies":"Small Slimes","floor":1.0,"turns":3.0},{"damage":3.0,"enemies":"Jaw Worm","floor":5.0,"turns":3.0},{"damage":0.0,"enemies":"2 Louse","floor":10.0,"turns":1.0},{"damage":8.0,"enemies":"Exordium Wildlife","floor":11.0,"turns":2.0},{"damage":23.0,"enemies":"The Guardian","floor":16.0,"turns":8.0},{"damage":16.0,"enemies":"Shell Parasite","floor":18.0,"turns":6.0},{"damage":12.0,"enemies":"Spheric Guardian","floor":19.0,"turns":4.0},{"damage":11.0,"enemies":"3 Cultists","floor":22.0,"turns":4.0},{"damage":10.0,"enemies":"Cultist and Chosen","floor":28.0,"turns":7.0},{"damage":22.0,"enemies":"Snake Plant","floor":29.0,"turns":4.0},{"damage":10.0,"enemies":"Chosen and Byrds","floor":30.0,"turns":5.0},{"damage":16.0,"enemies":"Centurion and Healer","floor":31.0,"turns":6.0},{"damage":23.0,"enemies":"Automaton","floor":33.0,"turns":9.0},{"damage":22.0,"enemies":"Orb Walker","floor":35.0,"turns":5.0},{"damage":29.0,"enemies":"3 Shapes","floor":37.0,"turns":3.0},{"damage":35,"enemies":"Maw","floor":38,"turns":10}],"seed_played":"2379541630102077536","potions_obtained":[{"floor":1.0,"key":"Dexterity Potion"},{"floor":5.0,"key":"DistilledChaos"},{"floor":10.0,"key":"SteroidPotion"},{"floor":29.0,"key":"Explosive Potion"},{"floor":30.0,"key":"CultistPotion"},{"floor":33.0,"key":"FearPotion"},{"floor":35.0,"key":"FocusPotion"},{"floor":37.0,"key":"Regen Potion"}],"is_trial":false,"path_per_floor":["M","?","$","?","M","R","$","R","T","M","M","$","?","?","R","B",null,"M","M","$","?","M","R","$","R","T","R","M","M","M","M","R","B",null,"M","?","M","M"],"character_chosen":"DEFECT","items_purchased":["Doom and Gloom","Conserve Battery","Self Repair","Leap"],"campfire_rested":2,"item_purchase_floors":[3,12,20,20],"current_hp_per_floor":[63,63,63,63,60,60,60,60,60,60,52,52,52,52,52,29,68,52,40,40,40,29,49,49,49,49,49,59,37,27,31,51,38,68,46,46,17,0,0],"gold":252,"neow_bonus":"THREE_RARE_CARDS","is_daily":false,"chose_seed":false,"campfire_upgraded":5,"win_rate":0.0,"timestamp":1610193171,"path_taken":["M","?","$","?","M","R","?","R","T","M","?","$","?","?","R","BOSS","M","M","$","?","M","R","?","R","T","R","M","M","M","?","R","BOSS","M","?","M","?"],"items_purchased_type":["Card","Card","Card","Card"],"build_version":"2020-12-22","purchased_purges":1,"victory":false,"max_hp_per_floor":[68,68,68,68,68,68,68,68,68,68,68,68,68,68,68,68,68,68,68,68,68,68,68,68,68,68,68,68,68,68,68,68,68,68,68,68,68,68,68],"relic_stats":{"counters":[16,80],"obtain_stats":[{"Cracked Core":0},{"Cracked Core":0},{"Cracked Core":0}]},"card_choices":[{"not_picked":["Amplify","Fission"],"picked":"Electrodynamics","floor":0.0},{"not_picked":["Gash","Capacitor"],"picked":"Ball Lightning","floor":1.0},{"not_picked":["Sweeping Beam","Redo","Skim"],"picked":"SKIP","floor":5.0},{"not_picked":["Beam Cell","Streamline"],"picked":"Machine Learning","floor":10.0},{"not_picked":["Sweeping Beam","Steam"],"picked":"Hologram","floor":11.0},{"not_picked":["Creative AI","Thunder Strike"],"picked":"Echo Form","floor":16.0},{"not_picked":["Force Field","Stack"],"picked":"Steam","floor":18.0},{"not_picked":["Loop","Tempest","Consume+1"],"picked":"SKIP","floor":19.0},{"not_picked":["Skim","Scrape","Streamline"],"picked":"SKIP","floor":22.0},{"not_picked":["Sweeping Beam","Double Energy"],"picked":"Go for the Eyes+1","floor":28.0},{"not_picked":["Melter","Sunder"],"picked":"Stack+1","floor":29.0},{"not_picked":["Conserve Battery","Darkness"],"picked":"Coolheaded+1","floor":30.0},{"not_picked":["Skim","BootSequence+1","Redo+1"],"picked":"SKIP","floor":31.0},{"not_picked":["Multi-Cast","Thunder Strike"],"picked":"Buffer","floor":33.0},{"not_picked":["Sweeping Beam","Tempest+1","Steam"],"picked":"SKIP","floor":35.0},{"not_picked":["Rebound+1","Scrape+1","Skim+1"],"picked":"SKIP","floor":37.0}],"player_experience":619263,"relics_obtained":[],"event_choices":[{"damage_healed":0.0,"max_hp_gain":0.0,"max_hp_loss":0.0,"gold_gain":0.0,"event_name":"The Cleric","player_choice":"Leave","floor":2.0,"gold_loss":0.0,"damage_taken":0.0},{"damage_healed":0.0,"max_hp_gain":0.0,"max_hp_loss":0.0,"gold_gain":0.0,"event_name":"Living Wall","player_choice":"Grow","floor":4.0,"gold_loss":0.0,"damage_taken":0.0,"cards_upgraded":["Electrodynamics"]},{"damage_healed":0.0,"max_hp_gain":0.0,"max_hp_loss":0.0,"gold_gain":0.0,"event_name":"Liars Game","player_choice":"Ignored","floor":13.0,"gold_loss":0.0,"damage_taken":0.0},{"damage_healed":0.0,"max_hp_gain":0.0,"max_hp_loss":0.0,"gold_gain":0.0,"event_name":"Golden Idol","player_choice":"Ignored","floor":14.0,"gold_loss":0.0,"damage_taken":0.0},{"damage_healed":0.0,"max_hp_gain":0.0,"max_hp_loss":0.0,"gold_gain":0.0,"event_name":"WeMeetAgain","player_choice":"Ignored","floor":21.0,"gold_loss":0.0,"damage_taken":0.0},{"cards_removed":["Strike_B"],"damage_healed":0.0,"max_hp_gain":0.0,"max_hp_loss":0.0,"gold_gain":0.0,"event_name":"Bonfire Elementals","player_choice":"Offered Basic","floor":36.0,"gold_loss":0.0,"damage_taken":0.0}],"is_beta":false,"boss_relics":[{"not_picked":["Inserter","Runic Dome","Runic Pyramid"]},{"not_picked":["SlaversCollar","Astrolabe","Busted Crown"]}],"items_purged_floors":[3],"is_endless":false,"potions_floor_spawned":[1,5,10,29,30,31,33,35,37],"killed_by":"Maw","ascension_level":0}}