{"host":"8ew8rkkqvnu5a0j4","time":1610210959,"event":{"mods":["AchievementEnabler","Arknights The Spire","BaseMod","Colored Powertips","Decade(王小明)","Downfall","Friendly Minions","GungeonMod","Hermit","HololiveMod","Hubris","KinomotoSakuraMod(木之本樱)","Koishi","LagranYue(拉格朗・月)","Luminous","Marisa（F雨　魔理沙）","Minty Spire (QoL Compilation)","Nova Terra(诺娃・泰拉)","Quick Restart","READ ME - Guardian Mod","Rare Cards Sparkle","Reimu（博丽灵梦）","Remilia（蕾米莉亚）","Replay The Spire","Shop Mod","StSLib","Td1madao Mod","The Alterego","The Animator","The Bug Knight","The Cursed","The Hierophant","The Marked","The Mystic","The Poker Player","The Servant 0.9.4","WarShipGirlsR/战舰少女R mod","Youmu（魂魄妖梦）","Yuri Mod","【遗物卡牌】REMEMod"],"gold_per_floor":[112,112,130,130,149,149,174,174,200,218,63,63,75,86,86,186,186,205,223,223,233,245,245,245,245],"floor_reached":24,"playtime":1545,"items_purged":["Strike_Lin:ReiMu"],"score":200,"play_id":"13101b70-4f50-4a4e-b333-eda585406c17","local_time":"20210110004919","is_ascension_mode":false,"campfire_choices":[{"data":"FoulBorder2:ReiMu","floor":6,"key":"SMITH"},{"floor":8,"key":"REST"},{"data":"FantasyMoon:ReiMu","floor":12,"key":"SMITH"},{"floor":15,"key":"REST"},{"floor":23,"key":"REST"}],"circlet_count":0,"master_deck":["Stagnation:ReiMu","Deep Breath","FoulBorder2:ReiMu+1","FineLineFantasy:ReiMu+1","OrbThrow:ReiMu","CareerPray:ReiMu","OctopathBindingBorder2:ReiMu","FantasyMoon:ReiMu+1","OrbThrow:ReiMu","OrbThrow:ReiMu","FantasyMoon:ReiMu","Determination:ReiMu","PhosphorusFlame:ReiMu","YinYangSange:ReiMu","MountainWay:ReiMu","FoulBorder2:ReiMu","CeremonyResonance:ReiMu","PrayRite:ReiMu","FantasyMoon:ReiMu","RainPray2:ReiMu","TightArray:ReiMu"],"relics":["FlyPower:ReiMu","REME_ComplimentaryCards","LagranYue:RandomDrawCardRelic","Art of War","LagranYue:RareGoldArmorRelic","Centennial Puzzle","Pandora\u0027s Box"],"acts_visited":["Exordium","TheCity"],"potions_floor_usage":[19],"damage_taken":[{"damage":12,"enemies":"Jaw Worm","floor":1,"turns":7},{"damage":0,"enemies":"2 Louse","floor":3,"turns":3},{"damage":5,"enemies":"Small Slimes","floor":5,"turns":5},{"damage":30,"enemies":"Replay:BlueRogue","floor":7,"turns":10},{"damage":2,"enemies":"Exordium Wildlife","floor":10,"turns":3},{"damage":0,"enemies":"Large Slime","floor":13,"turns":5},{"damage":5,"enemies":"Looter","floor":14,"turns":3},{"damage":16,"enemies":"The Guardian","floor":16,"turns":8},{"damage":24,"enemies":"3 Byrds","floor":18,"turns":5},{"damage":3,"enemies":"Chosen","floor":19,"turns":3},{"damage":3,"enemies":"3 Cultists","floor":21,"turns":3},{"damage":26,"enemies":"Shelled Parasite and Fungi","floor":22,"turns":3},{"damage":0,"enemies":"Snecko","floor":24,"turns":1}],"seed_played":"-8433877210739880763","potions_obtained":[{"floor":1,"key":"REME_GoldPotion"},{"floor":10,"key":"BlessingOfTheForge"},{"floor":13,"key":"CultistPotion"},{"floor":21,"key":"DemoMod:LeadSkinPotion"}],"is_trial":false,"path_per_floor":["M","?","M","?","M","R","E","R","T","M","$","R","M","M","R","B",null,"M","M","?","M","M","R","M"],"character_chosen":"REIMU","items_purchased":["FantasyMoon:ReiMu"],"campfire_rested":3,"item_purchase_floors":[11],"current_hp_per_floor":[53,53,53,46,41,41,11,30,30,28,28,28,28,23,42,26,65,41,38,38,35,9,28,28,28],"gold":245,"neow_bonus":"RANDOM_COMMON_RELIC","is_daily":false,"chose_seed":false,"campfire_upgraded":2,"win_rate":0.0,"timestamp":1610210959,"path_taken":["M","?","M","?","M","R","E","R","T","M","$","R","M","M","R","BOSS","M","M","?","M","M","R","M"],"items_purchased_type":["Card"],"build_version":"2020-12-22","purchased_purges":1,"victory":false,"max_hp_per_floor":[65,65,65,65,65,65,65,65,65,65,65,65,65,65,65,65,65,65,65,65,65,65,65,65,65],"card_choices":[{"not_picked":["PhosphorusFlame:ReiMu","Amulet:ReiMu"],"picked":"FoulBorder2:ReiMu","floor":1},{"not_picked":["SafetyPray:ReiMu","Revelation:ReiMu"],"picked":"OrbThrow:ReiMu","floor":3},{"not_picked":["Revelation:ReiMu","AlertArray:ReiMu","SafetyPray:ReiMu"],"picked":"SKIP","floor":5},{"not_picked":["UniversalSpiritual:ReiMu","Meditation:ReiMu"],"picked":"CareerPray:ReiMu","floor":7},{"not_picked":["SafetyPray:ReiMu","Enchanting:ReiMu"],"picked":"OctopathBindingBorder2:ReiMu","floor":10},{"not_picked":["SpreadBorder2:ReiMu","Dreaming2:ReiMu"],"picked":"OrbThrow:ReiMu","floor":13},{"not_picked":["CollectionFlower2:ReiMu","EmergencyTakeOff:ReiMu"],"picked":"OrbThrow:ReiMu","floor":13},{"not_picked":["WonderfulDomain:ReiMu","Crusade:ReiMu"],"picked":"FantasyMoon:ReiMu","floor":14},{"not_picked":["DependentForm:ReiMu","KamiRite:ReiMu"],"picked":"Determination:ReiMu","floor":16},{"not_picked":["BarrageOfMoneybags:ReiMu","LearningPray:ReiMu","Enchanting:ReiMu"],"picked":"SKIP","floor":18},{"not_picked":["OctopathBindingBorder2:ReiMu","SpreadBorder2:ReiMu"],"picked":"FantasyMoon:ReiMu","floor":19},{"not_picked":["TightArray:ReiMu","AirManeuver:ReiMu"],"picked":"RainPray2:ReiMu","floor":21},{"not_picked":["Crusade:ReiMu","Conquer:ReiMu+1","AirManeuver:ReiMu"],"picked":"SKIP","floor":21},{"not_picked":["CareerPray:ReiMu","AlertArray:ReiMu"],"picked":"TightArray:ReiMu","floor":22},{"not_picked":["EmergencyTakeOff:ReiMu","AirStrike:ReiMu","SubcavityInstant:ReiMu"],"picked":"SKIP","floor":22}],"player_experience":663960,"relics_obtained":[{"floor":7,"key":"LagranYue:RareGoldArmorRelic"},{"floor":9,"key":"Centennial Puzzle"}],"event_choices":[{"cards_removed":["Strike_Lin:ReiMu"],"damage_healed":0,"gold_gain":0,"player_choice":"Card Removal","damage_taken":7,"max_hp_gain":0,"max_hp_loss":0,"event_name":"Golden Wing","floor":4,"gold_loss":0}],"is_beta":false,"boss_relics":[{"not_picked":["Ectoplasm","SlaversCollar"],"picked":"Pandora\u0027s Box"}],"items_purged_floors":[11],"is_endless":false,"potions_floor_spawned":[1,10,13,16,18,21,22],"killed_by":"Snecko","ascension_level":0}}