{"host":"y4sghvfd0ewtcchd","time":1610169560,"event":{"mods":["Aspiration","BaseMod","Better Debug","Better Note","Better Third Choice","BetterRewards","Block Reminder","Colored Map","Colored Powertips","Downfall","Highlight Path","Hubris","Infinite Spire","Minty Spire (QoL Compilation)","Relic Sorter","Relic Stats","Replay The Spire","Shop Mod","StSLib","The Jungle","The Saiyan"],"gold_per_floor":[113,113,127,52,70,70,104,104,104,137,156,156,156,176,176,286,286,304,382,382,132,132,132,172,172,198,210,236,236,257,281,281,384,384,397,397,408,410,431,431,431,431,431,431,431,431,446,446,464,491,491,497,497,497,523,564,596],"floor_reached":58,"playtime":4418,"items_purged":[],"score":1448,"play_id":"a24237af-81e4-408d-8800-a236e73718c6","local_time":"20210109081920","is_ascension_mode":true,"campfire_choices":[{"data":"Storm","floor":6.0,"key":"SMITH"},{"data":"FIFO Queue","floor":8.0,"key":"SMITH"},{"floor":12.0,"key":"REST"},{"data":"ReplayTheSpireMod:Fabricate Wheel","floor":15,"key":"SMITH"},{"data":"ReplayTheSpireMod:Fabricate Wheel","floor":23,"key":"SMITH"},{"data":"expansioncontent:StudyTheSpire","floor":25,"key":"SMITH"},{"data":"Creative AI","floor":29,"key":"SMITH"},{"floor":32,"key":"RECALL"},{"data":"Replay:SS_hec_2","floor":40,"key":"SMITH"},{"data":"Defragment","floor":42,"key":"SMITH"},{"data":"Defragment","floor":46,"key":"SMITH"},{"data":"Defragment","floor":48,"key":"SMITH"},{"data":"Creative AI","floor":51,"key":"SMITH"},{"data":"Echo Form","floor":54,"key":"SMITH"}],"circlet_count":0,"master_deck":["Strike_B+1","Strike_B+1","Strike_B+1","Strike_B+1","Defend_B+1","Defend_B+1","Defend_B+1","Defend_B+1","Zap","Dualcast","Storm+1","Ball Lightning","Meteor Strike+1","FIFO Queue+1","Doom and Gloom","Conserve Battery","Leap","Conserve Battery","ReplayRNGCard","AbeCurse","Tempest","Self Repair","Storm+1","Defragment+1","Time Bomb","Conserve Battery","Thunder Strike","Loop+1","Self Repair","Heatsinks","expansioncontent:StudyTheSpire+1","Turbo+1","White Noise","Creative AI+1","Fusion+1","Defragment+1","Heatsinks","Machine Learning","Defragment+1","Amplify","Turbo","Creative AI+1","Biased Cognition","infinitespire:NeuralNetwork","hubris:Fate","hubris:Ukulele+1","Static Discharge+1","Double Energy+1","Replay:SS_hec_2+1","expansioncontent:DashGenerateEvil","Replay:Dark Deal","Lockon","Time Bomb+1","Machine Learning","Double Energy+1","Echo Form+1","Barrage","Steam Power+1","hubris:PowerSurge"],"relics":["Cracked Core","ReplayTheSpireMod:TigerMarble","Anchor","Orrery","Chemical X","Abe\u0027s Treasure","Whetstone","infinitespire:Midas Blood","Replay:Bottled Snecko","Prayer Wheel","hubris:Backtick","Bird Faced Urn","Potion Belt","infinitespire:Satchel","Prayer Wheel","Philosopher\u0027s Stone","Kunai","infinitespire:ShieldingShard","hubris:Spice","hubris:TinFlute","hubris:NiceRug","HornCleat","HandDrill"],"acts_visited":[],"potions_floor_usage":[16,24,24,31,57,57,57],"damage_taken":[{"damage":0.0,"enemies":"Jaw Worm","floor":1.0,"turns":2.0},{"damage":0.0,"enemies":"Cultist","floor":3.0,"turns":2.0},{"damage":0.0,"enemies":"2 Louse","floor":5.0,"turns":1.0},{"damage":10.0,"enemies":"3 Sentries","floor":7.0,"turns":3.0},{"damage":0.0,"enemies":"Lagavulin","floor":10.0,"turns":2.0},{"damage":0.0,"enemies":"Exordium Thugs","floor":11.0,"turns":3.0},{"damage":0,"enemies":"Large Slime","floor":14,"turns":3},{"damage":45,"enemies":"Fading Forest","floor":16,"turns":11},{"damage":4,"enemies":"3 Byrds","floor":18,"turns":3},{"damage":39,"enemies":"Gremlin Leader","floor":24,"turns":4},{"damage":14,"enemies":"Shell Parasite","floor":27,"turns":3},{"damage":24,"enemies":"Snake Plant","floor":28,"turns":4},{"damage":5,"enemies":"Sentry and Sphere","floor":30,"turns":3},{"damage":19,"enemies":"Centurion and Healer","floor":31,"turns":4},{"damage":26,"enemies":"hubris:MusketHawk","floor":33,"turns":4},{"damage":4,"enemies":"3 Shapes","floor":35,"turns":2},{"damage":0,"enemies":"Orb Walker","floor":37,"turns":2},{"damage":12,"enemies":"Spire Growth","floor":39,"turns":3},{"damage":0,"enemies":"Sphere and 2 Shapes","floor":47,"turns":3},{"damage":12,"enemies":"4 Shapes","floor":49,"turns":4},{"damage":1,"enemies":"Giant Head","floor":50,"turns":4},{"damage":32,"enemies":"Replay:Hell Engine","floor":52,"turns":4},{"damage":10,"enemies":"hubris:Merchant","floor":55,"turns":3},{"damage":15,"enemies":"Shield and Spear","floor":56,"turns":3},{"damage":60,"enemies":"The Heart","floor":57,"turns":3}],"seed_played":"-8827934803628604458","potions_obtained":[{"floor":1.0,"key":"Toxic Potion"},{"floor":5.0,"key":"DistilledChaos"},{"floor":14,"key":"DuplicationPotion"},{"floor":16,"key":"Languid Potion"},{"floor":18,"key":"GamblersBrew"},{"floor":19,"key":"Death Potion"},{"floor":19,"key":"FearPotion"},{"floor":24,"key":"ColorlessPotion"},{"floor":31,"key":"Strength Potion"},{"floor":35,"key":"Adrenaline Potion"},{"floor":37,"key":"Adrenaline Potion"},{"floor":47,"key":"Guardian:BlockOnCardUsePotion"},{"floor":55,"key":"Fire Potion"}],"is_trial":false,"path_per_floor":["M","?","M","$","M","R","E","R","T","E","M","R","?","M","R","B",null,"M","?","?","$","?","R","E","R","T","M","M","R","M","M","R","B",null,"M","AVR","M","?","M","R","?","R","PTL","PTL","T","R","M","R","M","E","R","B",null,"R","$","E","B",null],"character_chosen":"DEFECT","items_purchased":["Storm","Ball Lightning","ReplayTheSpireMod:TigerMarble","Anchor","Meteor Strike","Orrery","ReplayRNGCard","Chemical X","Storm","Heatsinks","expansioncontent:StudyTheSpire","hubris:PowerSurge","hubris:TinFlute"],"campfire_rested":1,"item_purchase_floors":[0,0,0,0,0,0,0,0,4,21,21,55,55],"current_hp_per_floor":[30,30,30,30,30,30,20,20,20,20,20,42,42,53,53,27,75,75,57,57,57,57,57,28,28,28,42,33,33,48,67,67,67,75,75,75,75,65,74,74,74,74,74,74,74,74,75,75,75,83,83,69,83,83,83,90,43],"gold":596,"neow_bonus":"","is_daily":false,"chose_seed":false,"campfire_upgraded":12,"win_rate":0.0,"timestamp":1610169560,"path_taken":["M","?","M","$","?","R","E","R","T","E","M","R","?","M","R","BOSS","M","?","?","$","?","R","E","R","T","M","M","R","M","M","R","BOSS","M","AVR","M","?","M","R","?","R","PTL","PTL","T","R","M","R","M","E","R","BOSS","R","$","E","BOSS"],"items_purchased_type":["Card","Card","Relic","Relic","Card","Relic","Card","Relic","Card","Card","Card","Card","Relic"],"build_version":"2020-12-22","purchased_purges":0,"victory":true,"max_hp_per_floor":[75,75,75,75,75,75,75,75,75,75,75,75,75,75,75,75,75,75,75,75,75,75,75,75,75,75,75,75,75,75,75,75,75,75,75,75,75,75,75,75,75,75,75,75,75,75,75,75,75,83,83,83,83,83,83,91,91],"relic_stats":{"counters":[90,363],"Bird Faced Urn":[160],"Prayer Wheel":10,"HandDrill":[4],"Chemical X":[24],"Whetstone":["Meteor Strike","Strike_B"],"Kunai":[3],"obtain_stats":[{"Ice Cream":37,"infinitespire:BottledMercury":4,"Tiny House":17,"infinitespire:Cubic Diamond":2,"Whetstone":7,"Blood Vial":34,"infinitespire:ShieldingShard":45,"HornCleat":55,"Strawberry":8,"hubris:DeckOfHolding":10,"aspiration:ArtOfWarUpgrade":32,"Prayer Wheel":16,"Philosopher\u0027s Stone":34,"HandDrill":55,"Kunai":36,"hubris:TinFlute":55,"Pear":34,"Bird Faced Urn":17,"ReplayTheSpireMod:TigerMarble":0,"infinitespire:PuzzleCube":0,"Abe\u0027s Treasure":17,"Darkstone Periapt":13,"Regal Pillow":6,"hubris:Metronome":45,"Bag of Preparation":9,"Pet Ghost":54,"ClockworkSouvenir":0,"Replay:Bandana":7,"Chameleon Ring":26,"hubris:Icosahedron":36,"hubris:Backtick":17,"Mummified Hand":0,"Chemical X":0,"Replay:Bottled Snecko":10,"Cracked Core":0,"Potion Belt":19,"Inserter":17,"NeowsBlessing":0,"infinitespire:FocusingShard":0,"The Courier":31,"infinitespire:Joker Card":34,"Replay:WaspNest":41,"hubris:Towel":39,"Calling Bell":34,"Anchor":0,"infinitespire:WardingShard":9,"hubris:Spice":50,"infinitespire:Satchel":4,"Orrery":0,"Coffee Dripper":17,"Art of War":27,"Toy Ornithopter":43,"m_BurningSludge":2,"infinitespire:Midas Blood":30,"hubris:NiceRug":55},{"Ice Cream":57,"infinitespire:BottledMercury":41,"Tiny House":10,"infinitespire:Cubic Diamond":19,"Whetstone":69,"Blood Vial":56,"infinitespire:ShieldingShard":83,"HornCleat":88,"Strawberry":43,"hubris:DeckOfHolding":21,"aspiration:ArtOfWarUpgrade":55,"Prayer Wheel":73,"Philosopher\u0027s Stone":80,"HandDrill":88,"Kunai":81,"hubris:TinFlute":87,"Pear":56,"Bird Faced Urn":73,"ReplayTheSpireMod:TigerMarble":65,"infinitespire:PuzzleCube":12,"Abe\u0027s Treasure":33,"Darkstone Periapt":8,"Regal Pillow":3,"hubris:Metronome":60,"Bag of Preparation":5,"Pet Ghost":64,"ClockworkSouvenir":39,"Replay:Bandana":29,"Chameleon Ring":52,"hubris:Icosahedron":57,"hubris:Backtick":73,"Mummified Hand":26,"Chemical X":65,"Replay:Bottled Snecko":70,"Cracked Core":0,"Potion Belt":74,"Inserter":47,"NeowsBlessing":0,"infinitespire:FocusingShard":39,"The Courier":55,"infinitespire:Joker Card":56,"Replay:WaspNest":59,"hubris:Towel":58,"Calling Bell":56,"Anchor":39,"infinitespire:WardingShard":14,"hubris:Spice":86,"infinitespire:Satchel":2,"Orrery":65,"Coffee Dripper":24,"Art of War":53,"Toy Ornithopter":60,"m_BurningSludge":19,"infinitespire:Midas Blood":55,"hubris:NiceRug":88},{"Ice Cream":239,"infinitespire:BottledMercury":179,"Tiny House":30,"infinitespire:Cubic Diamond":63,"Whetstone":288,"Blood Vial":236,"infinitespire:ShieldingShard":339,"HornCleat":357,"Strawberry":184,"hubris:DeckOfHolding":83,"aspiration:ArtOfWarUpgrade":230,"Prayer Wheel":307,"Philosopher\u0027s Stone":332,"HandDrill":357,"Kunai":334,"hubris:TinFlute":354,"Pear":236,"Bird Faced Urn":307,"ReplayTheSpireMod:TigerMarble":280,"infinitespire:PuzzleCube":39,"Abe\u0027s Treasure":146,"Darkstone Periapt":22,"Regal Pillow":3,"hubris:Metronome":251,"Bag of Preparation":11,"Pet Ghost":274,"ClockworkSouvenir":175,"Replay:Bandana":131,"Chameleon Ring":216,"hubris:Icosahedron":239,"hubris:Backtick":307,"Mummified Hand":119,"Chemical X":280,"Replay:Bottled Snecko":290,"Cracked Core":0,"Potion Belt":310,"Inserter":203,"NeowsBlessing":0,"infinitespire:FocusingShard":175,"The Courier":230,"infinitespire:Joker Card":236,"Replay:WaspNest":248,"hubris:Towel":242,"Calling Bell":236,"Anchor":175,"infinitespire:WardingShard":45,"hubris:Spice":350,"infinitespire:Satchel":2,"Orrery":280,"Coffee Dripper":106,"Art of War":223,"Toy Ornithopter":251,"m_BurningSludge":63,"infinitespire:Midas Blood":230,"hubris:NiceRug":357}]},"card_choices":[{"not_picked":["Loop","Genetic Algorithm"],"picked":"FIFO Queue","floor":0.0},{"not_picked":["Sweeping Beam","Recycle"],"picked":"Doom and Gloom","floor":0.0},{"not_picked":["Compile Driver","Aggregate"],"picked":"Conserve Battery","floor":0.0},{"not_picked":["ReplayTheSpireMod:Repulse","Steam"],"picked":"Leap","floor":0.0},{"not_picked":["ReplaySolidLightProjector","BasicCrystalCard"],"picked":"Conserve Battery","floor":0.0},{"not_picked":["White Noise","Gash"],"picked":"Tempest","floor":1.0},{"not_picked":["Hologram","Steam Power"],"picked":"Self Repair","floor":3.0},{"not_picked":["Go for the Eyes","Coolheaded"],"picked":"Defragment","floor":5.0},{"not_picked":["BootSequence","ReplaySort","ReplayTheSpireMod:Calculation Training"],"picked":"SKIP","floor":7.0},{"not_picked":["Gash","BasicCrystalCard"],"picked":"Time Bomb","floor":10.0},{"not_picked":["aspiration:Polymerization","Hello World"],"picked":"ReplayTheSpireMod:Fabricate Wheel","floor":11.0},{"not_picked":["Rebound","Glacier"],"picked":"Conserve Battery","floor":14},{"not_picked":["Hyperbeam","hubris:SpecializedCircuitry"],"picked":"Thunder Strike","floor":16},{"not_picked":["Scrape","Barrage"],"picked":"Loop+1","floor":18},{"not_picked":["Leap","Hologram","Conserve Battery"],"picked":"SKIP","floor":18},{"not_picked":["Mirror Shield","Hologram"],"picked":"Self Repair","floor":19},{"not_picked":["Ball Lightning","Redo"],"picked":"Turbo+1","floor":24},{"not_picked":["Conserve Battery","Scrape"],"picked":"White Noise","floor":27},{"not_picked":["BasicCrystalCard","Cold Snap","Stack"],"picked":"SKIP","floor":27},{"not_picked":["Panic Button","Leap"],"picked":"Fusion+1","floor":28},{"not_picked":["Static Discharge","Chill"],"picked":"Defragment","floor":28},{"not_picked":["Genetic Algorithm+1","Chill+1"],"picked":"Heatsinks","floor":28},{"not_picked":["Static Discharge","Ball Lightning"],"picked":"Machine Learning","floor":30},{"not_picked":["Compile Driver","Coolheaded"],"picked":"Defragment","floor":30},{"not_picked":["Chaos","Ball Lightning","Streamline+1"],"picked":"SKIP","floor":30},{"not_picked":["Go for the Eyes","BasicCrystalCard"],"picked":"Amplify","floor":31},{"not_picked":["Recycle","ReplayTheSpireMod:GoodbyeWorld"],"picked":"Turbo","floor":31},{"not_picked":["Redo","Go for the Eyes+1"],"picked":"Creative AI","floor":31},{"not_picked":["Hyperbeam","hubris:SpecializedCircuitry"],"picked":"Biased Cognition","floor":33},{"not_picked":["Compile Driver","Panic Button","Skim+1"],"picked":"SKIP","floor":35},{"not_picked":["Conserve Battery","Genetic Algorithm","Gash"],"picked":"SKIP","floor":35},{"not_picked":["Leap","Go for the Eyes+1","Cold Snap"],"picked":"SKIP","floor":35},{"not_picked":["Rebound","Blizzard"],"picked":"hubris:Ukulele+1","floor":37},{"not_picked":["Streamline","Conserve Battery"],"picked":"Static Discharge+1","floor":37},{"not_picked":["Gash+1","Compile Driver"],"picked":"Double Energy+1","floor":37},{"not_picked":["expansioncontent:PrepareCrush","expansioncontent:DefensiveMode"],"picked":"Replay:SS_hec_2","floor":38},{"not_picked":["expansioncontent:QuickStudy","expansioncontent:CaCaw"],"picked":"expansioncontent:DashGenerateEvil","floor":38},{"not_picked":["expansioncontent:HyperBeam","Dramatic Entrance"],"picked":"Replay:Dark Deal","floor":38},{"not_picked":["Steam","Gash"],"picked":"Lockon","floor":39},{"not_picked":["Gash","Steam"],"picked":"Time Bomb+1","floor":39},{"not_picked":["Gash+1","Cold Snap"],"picked":"Machine Learning","floor":39},{"not_picked":["Auto Shields","Hologram+1"],"picked":"Double Energy+1","floor":47},{"not_picked":["All For One","Streamline+1","Rip and Tear+1"],"picked":"SKIP","floor":47},{"not_picked":["Streamline","Redo","Beam Cell+1"],"picked":"SKIP","floor":47},{"not_picked":["Compile Driver+1","Coolheaded+1"],"picked":"Echo Form","floor":49},{"not_picked":["ReplayTheSpireMod:Calculation Training+1","Rebound"],"picked":"Barrage","floor":49},{"not_picked":["Sweeping Beam","Leap"],"picked":"Steam Power+1","floor":49},{"not_picked":["ReplayTheSpireMod:Calculation Training+1","Stack","Beam Cell+1"],"picked":"SKIP","floor":50},{"not_picked":["Doom and Gloom"],"picked":"SKIP","floor":55},{"not_picked":["Compile Driver"],"picked":"SKIP","floor":55},{"not_picked":["Coolheaded"],"picked":"SKIP","floor":55},{"not_picked":["ReplayTheSpireMod:Repulse"],"picked":"SKIP","floor":55},{"not_picked":["Replay:SS_fish_2"],"picked":"SKIP","floor":55},{"not_picked":["HandOfGreed"],"picked":"SKIP","floor":55},{"not_picked":["Barrage","Hologram","Panic Button+1"],"picked":"SKIP","floor":56}],"player_experience":508945,"relics_obtained":[{"floor":7.0,"key":"Whetstone"},{"floor":9.0,"key":"infinitespire:Midas Blood"},{"floor":10.0,"key":"Replay:Bottled Snecko"},{"floor":19,"key":"Potion Belt"},{"floor":24,"key":"infinitespire:Satchel"},{"floor":45,"key":"infinitespire:ShieldingShard"},{"floor":50,"key":"hubris:Spice"},{"floor":55,"key":"HornCleat"},{"floor":55,"key":"HandDrill"},{"floor":56,"key":"hubris:Spice"}],"event_choices":[{"damage_healed":0.0,"max_hp_gain":0.0,"max_hp_loss":0.0,"gold_gain":0.0,"event_name":"Accursed Blacksmith","player_choice":"Forge","floor":2.0,"gold_loss":0.0,"damage_taken":0.0,"cards_upgraded":["Storm"]},{"damage_healed":0,"gold_gain":0,"player_choice":"Simplicity","damage_taken":0,"max_hp_gain":0,"max_hp_loss":7,"event_name":"betterThird:BetterWriting","floor":20,"gold_loss":0},{"damage_healed":0,"gold_gain":0,"player_choice":"Ignored","damage_taken":0,"max_hp_gain":0,"max_hp_loss":0,"event_name":"N\u0027loth","floor":22,"gold_loss":0},{"damage_healed":0,"gold_gain":0,"player_choice":"Memory 3","damage_taken":10,"max_hp_gain":0,"max_hp_loss":0,"event_name":"SensoryStone","floor":38,"gold_loss":0},{"damage_healed":0,"gold_gain":0,"player_choice":"Ignored","damage_taken":0,"max_hp_gain":0,"max_hp_loss":0,"event_name":"Tomb of Lord Red Mask","floor":41,"gold_loss":0}],"is_beta":false,"boss_relics":[{"not_picked":["Astrolabe","hubris:CrackedHourglass"],"picked":"hubris:Backtick"},{"not_picked":["Coffee Dripper","Calling Bell"],"picked":"Philosopher\u0027s Stone"}],"items_purged_floors":[],"is_endless":false,"potions_floor_spawned":[1,5,14,16,18,24,31,35,37,47,56],"ascension_level":4}}