{"host":"ixbvfs3so5a39bhe","time":1610170753,"event":{"mods":["BaseMod","Downfall","Minty Spire (QoL Compilation)","Quick Restart","StSLib"],"gold_per_floor":[109,109,109,109,125,125,458,458,458,458,489,489,517,529,529,529,529],"floor_reached":16,"playtime":545,"items_purged":[],"score":173,"play_id":"c9ca99e5-b8c6-4ae7-b1ce-77ef75c2cdef","local_time":"20210109133913","is_ascension_mode":true,"campfire_choices":[{"data":"Armaments","floor":6,"key":"SMITH"},{"floor":8,"key":"RECALL"},{"data":"Body Slam","floor":10,"key":"SMITH"},{"data":"Cleave","floor":12,"key":"SMITH"},{"data":"Thunderclap","floor":15,"key":"SMITH"}],"circlet_count":0,"master_deck":["Strike_R","Strike_R","Strike_R","Strike_R","Strike_R","Defend_R","Defend_R","Defend_R","Defend_R","Body Slam+1","Havoc","Regret","Armaments+1","Cleave+1","Feed","Thunderclap+1"],"relics":["Burning Blood","NeowsBlessing","Blue Candle","Old Coin","Blood Vial","Mango"],"acts_visited":["Exordium"],"potions_floor_usage":[],"damage_taken":[{"damage":0,"enemies":"Jaw Worm","floor":1,"turns":1},{"damage":0,"enemies":"2 Louse","floor":5,"turns":1},{"damage":0,"enemies":"Gremlin Nob","floor":7,"turns":1},{"damage":53,"enemies":"Lagavulin","floor":11,"turns":7},{"damage":9,"enemies":"3 Sentries","floor":13,"turns":6},{"damage":7,"enemies":"Cultist","floor":14,"turns":4},{"damage":49,"enemies":"Hexaghost","floor":16,"turns":9}],"seed_played":"-2507860790201662506","potions_obtained":[{"floor":1,"key":"BlessingOfTheForge"}],"is_trial":false,"path_per_floor":["M","?","?","?","M","R","E","R","T","R","E","R","E","M","R","B"],"character_chosen":"IRONCLAD","items_purchased":[],"campfire_rested":0,"item_purchase_floors":[],"current_hp_per_floor":[80,80,80,80,80,80,80,80,80,80,33,33,46,51,51,4,4],"gold":529,"neow_bonus":"THREE_ENEMY_KILL","is_daily":false,"chose_seed":false,"campfire_upgraded":4,"win_rate":0.0,"timestamp":1610170753,"path_taken":["M","?","?","?","?","R","E","R","T","R","E","R","E","M","R","BOSS"],"items_purchased_type":[],"build_version":"2020-12-22","purchased_purges":0,"victory":false,"max_hp_per_floor":[80,80,80,80,80,80,80,80,80,80,80,80,94,98,98,98,98],"card_choices":[{"not_picked":["Spot Weakness","Shrug It Off"],"picked":"Body Slam","floor":1},{"not_picked":["Headbutt","Burning Pact"],"picked":"Armaments","floor":5},{"not_picked":["Ghostly Armor","Disarm"],"picked":"Cleave","floor":7},{"not_picked":["Pommel Strike","Bludgeon","Rage"],"picked":"SKIP","floor":11},{"not_picked":["Dropkick","Twin Strike"],"picked":"Feed","floor":13},{"not_picked":["Flex","Clash"],"picked":"Thunderclap","floor":14}],"player_experience":145155,"relics_obtained":[{"floor":7,"key":"Old Coin"},{"floor":11,"key":"Blood Vial"},{"floor":13,"key":"Mango"}],"event_choices":[{"damage_healed":0,"gold_gain":0,"cards_transformed":["Bash"],"player_choice":"Change","damage_taken":0,"max_hp_gain":0,"max_hp_loss":0,"event_name":"Living Wall","floor":2,"gold_loss":0,"cards_obtained":["Havoc"]},{"damage_healed":0,"gold_gain":0,"player_choice":"Box","damage_taken":0,"relics_obtained":["Blue Candle"],"max_hp_gain":0,"max_hp_loss":0,"event_name":"Big Fish","floor":3,"gold_loss":0,"cards_obtained":["Regret"]},{"damage_healed":0,"gold_gain":0,"player_choice":"Full Heal","damage_taken":0,"max_hp_gain":0,"max_hp_loss":0,"event_name":"Wheel of Change","floor":4,"gold_loss":0}],"is_beta":false,"boss_relics":[],"items_purged_floors":[],"is_endless":false,"potions_floor_spawned":[1],"killed_by":"Hexaghost","ascension_level":1}}