{"host":"7l2t4psy44vpcd9q","time":1610183851,"event":{"mods":["AchievementEnabler","BaseMod","DeckTracker","Minty Spire (QoL Compilation)","SuperFastMode"],"gold_per_floor":[113,131,45,65,83,83,111,111,186,186,216,12,30,30,30,103,103,119,119,133,133,150,150,150,150,177,203,253,262,89,108,108,190,217,246,255,255,22,22,22,22,22],"floor_reached":41,"playtime":1779,"items_purged":["Strike_G","Decay","Strike_G"],"score":794,"play_id":"c9d36670-2bf4-4c06-9ef5-893d13701b1b","local_time":"20210109181731","is_ascension_mode":true,"campfire_choices":[{"data":"Caltrops","floor":6,"key":"SMITH"},{"data":"Burst","floor":8,"key":"SMITH"},{"floor":10,"key":"REST"},{"floor":15,"key":"REST"},{"floor":23,"key":"REST"},{"floor":25,"key":"REST"},{"floor":32,"key":"REST"},{"data":"Envenom","floor":40,"key":"SMITH"}],"circlet_count":0,"master_deck":["AscendersBane","Defend_G","Defend_G","Defend_G","Survivor","Neutralize","Quick Slash","Caltrops+1","All Out Attack","Poisoned Stab","Crippling Poison","Burst+1","Slice","Flying Knee","A Thousand Cuts","Backflip+1","Escape Plan+1","Cloak And Dagger","Glass Knife","Crippling Poison+1","Dash+1","Well Laid Plans","Apotheosis+1","Acrobatics","Envenom+1","Blur+1","Flechettes+1","Tactician+1","Cloak And Dagger+1","Bandage Up"],"relics":["Ring of the Snake","Ice Cream","StrikeDummy","Art of War","Membership Card","Sozu","CeramicFish","Astrolabe","OrangePellets","Nunchaku"],"acts_visited":["Exordium","TheCity","TheBeyond"],"potions_floor_usage":[7,16,18],"damage_taken":[{"damage":0,"enemies":"2 Louse","floor":1,"turns":4},{"damage":0,"enemies":"Jaw Worm","floor":2,"turns":6},{"damage":2,"enemies":"Small Slimes","floor":4,"turns":3},{"damage":9,"enemies":"2 Fungi Beasts","floor":5,"turns":3},{"damage":29,"enemies":"Gremlin Nob","floor":7,"turns":4},{"damage":22,"enemies":"3 Sentries","floor":11,"turns":7},{"damage":3,"enemies":"Large Slime","floor":13,"turns":5},{"damage":16,"enemies":"The Guardian","floor":16,"turns":10},{"damage":14,"enemies":"Spheric Guardian","floor":18,"turns":4},{"damage":17,"enemies":"Chosen","floor":20,"turns":5},{"damage":18,"enemies":"Centurion and Healer","floor":22,"turns":6},{"damage":11,"enemies":"Snake Plant","floor":27,"turns":4},{"damage":4,"enemies":"3 Cultists","floor":31,"turns":4},{"damage":19,"enemies":"Automaton","floor":33,"turns":11},{"damage":41,"enemies":"3 Darklings","floor":35,"turns":8},{"damage":65,"enemies":"Giant Head","floor":41,"turns":7}],"seed_played":"7197151006705426271","potions_obtained":[{"floor":0,"key":"LiquidMemories"},{"floor":0,"key":"Regen Potion"},{"floor":0,"key":"Weak Potion"},{"floor":1,"key":"SteroidPotion"},{"floor":11,"key":"SpeedPotion"}],"is_trial":false,"path_per_floor":["M","M","$","M","M","R","E","R","T","R","E","$","M","?","R","B",null,"M","?","M","?","M","R","?","R","T","M","?","?","$","M","R","B",null,"M","?","?","$","?","R","E"],"character_chosen":"THE_SILENT","items_purchased":["All Out Attack","Membership Card","Well Laid Plans","Apotheosis","OrangePellets","Nunchaku"],"campfire_rested":5,"item_purchase_floors":[3,12,30,30,38,38],"current_hp_per_floor":[59,59,59,57,48,48,19,19,19,38,16,16,13,13,32,16,54,40,40,23,23,5,24,24,43,43,32,32,32,32,28,47,28,57,16,16,54,54,54,54,0,0],"gold":22,"neow_bonus":"THREE_SMALL_POTIONS","is_daily":false,"chose_seed":false,"campfire_upgraded":3,"win_rate":0.0,"timestamp":1610183851,"path_taken":["M","M","$","M","M","R","E","R","T","R","E","$","M","?","R","BOSS","M","?","M","?","M","R","?","R","T","M","?","?","$","M","R","BOSS","M","?","?","$","?","R","E"],"items_purchased_type":["Card","Relic","Card","Card","Relic","Relic"],"build_version":"2020-12-22","purchased_purges":3,"victory":false,"max_hp_per_floor":[66,66,66,66,66,66,66,66,66,66,66,66,66,66,66,66,66,66,66,66,66,66,66,66,66,66,66,66,66,66,66,66,66,66,66,66,54,54,54,54,54,54],"card_choices":[{"not_picked":["Bane","Catalyst"],"picked":"Quick Slash","floor":1},{"not_picked":["Well Laid Plans","Heel Hook"],"picked":"Caltrops","floor":2},{"not_picked":["Crippling Poison","Dagger Throw"],"picked":"Poisoned Stab","floor":4},{"not_picked":["PiercingWail","Bouncing Flask"],"picked":"Crippling Poison","floor":5},{"not_picked":["Leg Sweep","Prepared"],"picked":"Burst","floor":7},{"not_picked":["Dagger Throw","Flechettes"],"picked":"Slice","floor":11},{"not_picked":["Poisoned Stab","Deadly Poison"],"picked":"Flying Knee","floor":13},{"not_picked":["Grand Finale","Wraith Form v2"],"picked":"A Thousand Cuts","floor":16},{"not_picked":["Cloak And Dagger","Crippling Poison"],"picked":"Backflip+1","floor":18},{"not_picked":["Caltrops","Poisoned Stab"],"picked":"Escape Plan+1","floor":20},{"not_picked":["Bane","Underhanded Strike+1"],"picked":"Crippling Poison+1","floor":22},{"not_picked":["Bane","Accuracy"],"picked":"Dash+1","floor":27},{"not_picked":["Heel Hook","Blur"],"picked":"Acrobatics","floor":31},{"not_picked":["Wraith Form v2","Malaise"],"picked":"Envenom","floor":33},{"not_picked":["Eviscerate","Crippling Poison"],"picked":"Cloak And Dagger+1","floor":35},{"not_picked":["Forethought","Panache"],"picked":"Bandage Up","floor":36}],"player_experience":1161806,"relics_obtained":[{"floor":7,"key":"Ice Cream"},{"floor":9,"key":"StrikeDummy"},{"floor":11,"key":"Art of War"},{"floor":26,"key":"CeramicFish"}],"event_choices":[{"damage_healed":0,"gold_gain":0,"player_choice":"Fled","damage_taken":0,"max_hp_gain":0,"max_hp_loss":0,"event_name":"Scrap Ooze","floor":14,"gold_loss":0},{"damage_healed":0,"gold_gain":0,"player_choice":"Ignored","damage_taken":0,"max_hp_gain":0,"max_hp_loss":0,"event_name":"Cursed Tome","floor":19,"gold_loss":0},{"damage_healed":0,"gold_gain":0,"cards_transformed":["Strike_G","Defend_G"],"player_choice":"Became Test Subject","damage_taken":0,"max_hp_gain":0,"max_hp_loss":0,"event_name":"Drug Dealer","floor":21,"gold_loss":0,"cards_obtained":["Cloak And Dagger","Glass Knife"]},{"damage_healed":0,"gold_gain":0,"player_choice":"Ignored","damage_taken":0,"max_hp_gain":0,"max_hp_loss":0,"event_name":"Vampires","floor":24,"gold_loss":0},{"damage_healed":0,"gold_gain":50,"player_choice":"Stole From Cult","damage_taken":0,"max_hp_gain":0,"max_hp_loss":0,"event_name":"Nest","floor":28,"gold_loss":0},{"damage_healed":0,"gold_gain":0,"player_choice":"Smashed Altar","damage_taken":0,"max_hp_gain":0,"max_hp_loss":0,"event_name":"Forgotten Altar","floor":29,"gold_loss":0,"cards_obtained":["Decay"]},{"damage_healed":0,"gold_gain":0,"player_choice":"Memory 1","damage_taken":0,"max_hp_gain":0,"max_hp_loss":0,"event_name":"SensoryStone","floor":36,"gold_loss":0},{"damage_healed":54,"gold_gain":0,"player_choice":"Heal","damage_taken":0,"max_hp_gain":0,"max_hp_loss":12,"event_name":"The Moai Head","floor":37,"gold_loss":0},{"damage_healed":0,"gold_gain":0,"player_choice":"Forge","damage_taken":0,"max_hp_gain":0,"max_hp_loss":0,"event_name":"Accursed Blacksmith","floor":39,"gold_loss":0,"cards_upgraded":["Apotheosis"]}],"is_beta":false,"boss_relics":[{"not_picked":["Coffee Dripper","Black Star"],"picked":"Sozu"},{"not_picked":["Runic Pyramid","SlaversCollar"],"picked":"Astrolabe"}],"items_purged_floors":[12,30,38],"is_endless":false,"potions_floor_spawned":[1,2,11,20,22,33,35],"killed_by":"Giant Head","ascension_level":20}}