{"host":"6hzrz31j95f2y1pa","time":1610155241,"event":{"mods":["BaseMod","Colored Map","Downfall","Minty Spire (QoL Compilation)","StSLib"],"gold_per_floor":[99,115,126,145,157,183,206,56,56,85,105,123,123,141,151,222,222,222,222,222,222,53,53,53,53,38,38,38,38,38,38,38,38,38,38,38,38,38,38,38,38,38,38,38,38],"floor_reached":43,"playtime":5987,"items_purged":[],"score":915,"play_id":"72d76601-6a5a-45d6-82ed-5a3dd06043fb","local_time":"20210108202041","is_ascension_mode":true,"campfire_choices":[{"floor":1.0,"key":"RECALL"},{"data":"hexamod:HeatCrush","floor":8.0,"key":"SMITH"},{"floor":13.0,"key":"REST"},{"data":"hexamod:HeatShield","floor":18.0,"key":"SMITH"},{"data":"hexamod:Incineration","floor":35,"key":"SMITH"}],"circlet_count":0,"master_deck":["AscendersBane","hexamod:Strike","hexamod:Strike+1","hexamod:Strike","hexamod:Strike+1","hexamod:Defend","hexamod:Defend","hexamod:Defend","hexamod:Defend+1","hexamod:Sear+1","hexamod:Float","hexamod:ThermalTransfer+1","hexamod:ExtraCrispy","hexamod:HeatCrush+1","hexamod:ThirdSeal","hexamod:ExtraCrispy+1","hexamod:SpectersWail+1","hexamod:SixthSeal","hexamod:ThermalTransfer","hexamod:PhantomFireball","hexamod:GhostflameBarrier","hexamod:WildfireWeapon+1","hexamod:HeatShield+1","hexamod:Incineration+1","hexamod:Toasty+1","hexamod:BurningTouch","hexamod:NightmareGuise+1","hexamod:SpectralAdrenaline"],"relics":["hexamod:SpiritBrand","hexamod:MatchstickCase","PreservedInsect","downfall:HeartBlessingRed","downfall:HeartBlessingGreen","Akabeko","downfall:Hecktoplasm","Lee\u0027s Waffle","Bottled Lightning","Anchor","Busted Crown","CeramicFish"],"acts_visited":["Exordium","TheCity","TheBeyond"],"potions_floor_usage":[29,43],"damage_taken":[{"damage":5.0,"enemies":"2 Louse","floor":2.0,"turns":4.0},{"damage":0.0,"enemies":"Small Slimes","floor":3.0,"turns":4.0},{"damage":0.0,"enemies":"Cultist","floor":4.0,"turns":4.0},{"damage":7.0,"enemies":"Large Slime","floor":5.0,"turns":5.0},{"damage":6.0,"enemies":"Lagavulin","floor":6.0,"turns":5.0},{"damage":8.0,"enemies":"Gremlin Nob","floor":10.0,"turns":3.0},{"damage":0.0,"enemies":"Gremlin Gang","floor":11.0,"turns":3.0},{"damage":0.0,"enemies":"Large Slime","floor":12.0,"turns":5.0},{"damage":0.0,"enemies":"Red Slaver","floor":14.0,"turns":3.0},{"damage":12.0,"enemies":"3 Louse","floor":15.0,"turns":3.0},{"damage":13.0,"enemies":"downfall:Watcher","floor":16.0,"turns":8.0},{"damage":9.0,"enemies":"Spheric Guardian","floor":19.0,"turns":6.0},{"damage":0.0,"enemies":"Cultist and Chosen","floor":20.0,"turns":5.0},{"damage":39.0,"enemies":"Chosen and Byrds","floor":21.0,"turns":7.0},{"damage":0.0,"enemies":"downfall:FleeingMerchant","floor":22.0,"turns":4.0},{"damage":13.0,"enemies":"Snake Plant","floor":23.0,"turns":3.0},{"damage":0.0,"enemies":"Cultist and Chosen","floor":25.0,"turns":5.0},{"damage":5.0,"enemies":"downfall:FleeingMerchant","floor":26.0,"turns":4.0},{"damage":0,"enemies":"Gremlin Leader","floor":27,"turns":3},{"damage":14,"enemies":"Shelled Parasite and Fungi","floor":28,"turns":5},{"damage":23,"enemies":"Slavers","floor":29,"turns":4},{"damage":8,"enemies":"Snecko","floor":31,"turns":3},{"damage":0,"enemies":"Cultist and Chosen","floor":32,"turns":4},{"damage":12,"enemies":"downfall:Defect","floor":33,"turns":8},{"damage":4,"enemies":"Orb Walker","floor":36,"turns":3},{"damage":21,"enemies":"3 Darklings","floor":37,"turns":6},{"damage":0,"enemies":"Mind Bloom Boss Battle","floor":38,"turns":6},{"damage":0,"enemies":"Nemesis","floor":42,"turns":3},{"damage":34,"enemies":"Transient","floor":43,"turns":5}],"seed_played":"-3896668377365519850","potions_obtained":[{"floor":4.0,"key":"Fire Potion"},{"floor":5.0,"key":"champ:CounterPotion"},{"floor":11.0,"key":"SteroidPotion"},{"floor":15.0,"key":"FairyPotion"},{"floor":32,"key":"PowerPotion"},{"floor":33,"key":"FearPotion"}],"is_trial":false,"path_per_floor":["R","M","M","M","M","E","T","R","?","E","M","M","R","M","M","B",null,"R","M","M","M","$","M","T","M","$","E","M","E","?","M","M","B",null,"R","M","M","?","?","?","T","E","M"],"character_chosen":"THE_SPIRIT","items_purchased":["Lee\u0027s Waffle"],"campfire_rested":1,"item_purchase_floors":[22],"current_hp_per_floor":[57,52,52,52,45,39,39,39,39,31,31,31,49,49,37,24,53,53,44,44,5,70,57,57,57,52,52,38,15,15,7,7,21,58,58,54,33,33,33,33,33,33,0,0,0],"gold":38,"neow_bonus":"UPGRADE_CARD","is_daily":false,"chose_seed":false,"campfire_upgraded":3,"win_rate":0.0,"timestamp":1610155241,"path_taken":["R","M","M","M","M","E","T","R","?","E","M","M","R","M","M","BOSS","R","M","M","M","$","M","T","M","$","E","M","E","?","?","M","BOSS","R","M","M","?","?","?","T","E","M"],"items_purchased_type":["Relic"],"build_version":"2020-12-22","purchased_purges":0,"victory":false,"max_hp_per_floor":[63,63,63,63,63,63,63,63,63,63,63,63,63,63,63,63,63,63,63,63,63,70,70,70,70,70,70,70,70,70,70,70,70,70,70,70,70,70,70,70,70,70,70,70,70],"card_choices":[{"not_picked":["hexamod:InspiringFlames","hexamod:FastForward"],"picked":"hexamod:ThermalTransfer","floor":2.0},{"not_picked":["hexamod:GhostShield","hexamod:ThirdSeal"],"picked":"hexamod:ExtraCrispy","floor":3.0},{"not_picked":["hexamod:InspiringFlames","hexamod:Hexaguard"],"picked":"hexamod:HeatCrush","floor":4.0},{"not_picked":["hexamod:PhantomCloak","hexamod:GhostLash"],"picked":"hexamod:ThirdSeal","floor":5.0},{"not_picked":["hexamod:ApocalypticArmor","hexamod:FourthSeal"],"picked":"hexamod:ExtraCrispy","floor":6.0},{"not_picked":["hexamod:RecurringNightmare","hexamod:FastForward"],"picked":"hexamod:SpectersWail","floor":6.0},{"not_picked":["hexamod:AdvancingGuard","hexamod:ThirdSeal"],"picked":"hexamod:SixthSeal","floor":10.0},{"not_picked":["hexamod:RadiantFlame","hexamod:BacktrackSmack"],"picked":"hexamod:ThermalTransfer","floor":11.0},{"not_picked":["hexamod:RadiantFlame","hexamod:GhostOfSpirePresent"],"picked":"hexamod:PhantomFireball","floor":11.0},{"not_picked":["hexamod:RetreatToShadows","hexamod:SpectralSpark"],"picked":"hexamod:GhostflameBarrier","floor":12.0},{"not_picked":["hexamod:ThermalTransfer","hexamod:GhostLash","hexamod:SpectersWail"],"picked":"SKIP","floor":12.0},{"not_picked":["hexamod:BacktrackSmack","hexamod:NightmareGuise"],"picked":"hexamod:WildfireWeapon","floor":14.0},{"not_picked":["hexamod:ChargedBarrage","hexamod:BacktrackSmack"],"picked":"hexamod:HeatShield","floor":14.0},{"not_picked":["hexamod:HauntingEcho","hexamod:ShieldOfDarkness"],"picked":"hexamod:Incineration","floor":15.0},{"not_picked":["hexamod:CrushingStance","hexamod:WildfireWeapon"],"picked":"hexamod:Toasty","floor":16.0},{"not_picked":["hexamod:RainOfEmbers","hexamod:BacktrackSmack","hexamod:NightmareGuise"],"picked":"SKIP","floor":19.0},{"not_picked":["hexamod:RadiantFlame","hexamod:ThirdSeal","hexamod:SpectersWail"],"picked":"SKIP","floor":19.0},{"not_picked":["hexamod:Firestarter","hexamod:FastForward"],"picked":"hexamod:BurningTouch","floor":20.0},{"not_picked":["hexamod:InspiringFlames","hexamod:PhantomFireball","hexamod:BurningTouch"],"picked":"SKIP","floor":20.0},{"not_picked":["hexamod:Hexaguard","hexamod:RainOfEmbers"],"picked":"hexamod:NightmareGuise+1","floor":21.0},{"not_picked":["hexamod:PhantomCloak","hexamod:SkipABeat","hexamod:BurningTouch"],"picked":"SKIP","floor":22.0},{"not_picked":["hexamod:CatchUp","hexamod:BurningTouch"],"picked":"hexamod:SpectralAdrenaline","floor":23.0},{"not_picked":["hexamod:NecessarySacrifice","hexamod:ThirdSeal","hexamod:ApocalypticArmor"],"picked":"SKIP","floor":23.0},{"not_picked":["hexamod:Hexaguard","hexamod:BacktrackSmack","hexamod:SpectralAdrenaline"],"picked":"SKIP","floor":25.0},{"not_picked":["hexamod:HeatMetal","hexamod:GhostOfSpirePast","hexamod:GhostOfSpirePresent"],"picked":"SKIP","floor":25.0},{"not_picked":["hexamod:GhostLash","hexamod:Haunt","hexamod:NightmareStrike"],"picked":"SKIP","floor":27},{"not_picked":["hexamod:FastForward","hexamod:AdvancingGuard","hexamod:NightmareStrike+1"],"picked":"SKIP","floor":28},{"not_picked":["hexamod:ThermalTransfer","hexamod:NightmareStrike","hexamod:FastForward"],"picked":"SKIP","floor":28},{"not_picked":["hexamod:FastForward","hexamod:NightmareStrike","hexamod:GhostOfSpireFuture"],"picked":"SKIP","floor":29},{"not_picked":["hexamod:Hexaguard","hexamod:UnlimitedPower","hexamod:GhostShield"],"picked":"SKIP","floor":31},{"not_picked":["hexamod:Firestarter","hexamod:BurningTouch","hexamod:GhostShield+1"],"picked":"SKIP","floor":31},{"not_picked":["hexamod:AdvancingGuard","hexamod:RecurringNightmare","hexamod:ExtraCrispy"],"picked":"SKIP","floor":32},{"not_picked":["hexamod:RainOfEmbers"],"picked":"SKIP","floor":36},{"not_picked":["hexamod:HauntingEcho+1"],"picked":"SKIP","floor":37},{"not_picked":["hexamod:GhostShield"],"picked":"SKIP","floor":37},{"not_picked":["hexamod:SpectralAdrenaline"],"picked":"SKIP","floor":42}],"player_experience":1303579,"relics_obtained":[{"floor":6.0,"key":"hexamod:MatchstickCase"},{"floor":7.0,"key":"PreservedInsect"},{"floor":10.0,"key":"Akabeko"},{"floor":24.0,"key":"Bottled Lightning"},{"floor":29,"key":"Anchor"},{"floor":42,"key":"CeramicFish"}],"event_choices":[],"is_beta":false,"boss_relics":[{"not_picked":["hexamod:IceCube","Pandora\u0027s Box"],"picked":"downfall:Hecktoplasm"},{"not_picked":["Velvet Choker","Cursed Key"],"picked":"Busted Crown"}],"items_purged_floors":[],"is_endless":false,"potions_floor_spawned":[4,5,11,15,16,19,23,25,32,33,36,38],"killed_by":"Transient","ascension_level":15}}