{"host":"0ttaavwaei2fh9kw","time":1610196099,"event":{"mods":["Act Like it!","BaseMod","Chen","Colored Map","Downfall","Gensokyo","KinomotoSakuraMod(ƒæ÷Æ±æ”£)","Marisa£®ÏF”Í°°ƒß¿Ì…≥£©","Minty Spire (QoL Compilation)","Reimu£®≤©¿ˆ¡È√Œ£©","Remilia£®¿Ÿ√◊¿Ú—«£©","Replay The Spire","StSLib","The Servant 0.9.4","WarShipGirlsR/’ΩΩ¢…Ÿ≈ÆR mod","Youmu£®ªÍ∆«—˝√Œ£©"],"gold_per_floor":[116,143,161,161,5,5,37,137,137,454,472,497,339,349,349,454,504,517,528,74,90,90,116,431,186,186,0,16,16,342,353,353,353,353],"floor_reached":33,"playtime":2865,"items_purged":["Strike_S","Defend_S"],"score":382,"play_id":"3fbd6bd2-84b8-4a4c-be5e-4588a985639c","local_time":"20210109204139","is_ascension_mode":false,"campfire_choices":[{"data":"KidneyShot","floor":6,"key":"SMITH"},{"floor":15,"key":"REST"},{"data":"Solidify","floor":29,"key":"SMITH"},{"data":"Advance","floor":32,"key":"SMITH"}],"circlet_count":0,"master_deck":["Strike_S","Strike_S","Strike_S+1","Defend_S","Defend_S","Defend_S","KidneyShot+1","Exchange","MoonPhase","Luminosity","Gensokyo:CrescentMoonSlash","Solidify+1","Snipe","Foresight","Replay:SS_hec_2","FlawlessForm","Ricochet","DoubleEdge+1","Secret Weapon+1","Chrysalis","Madness","Moonlight+1","KillingDoll","FanOfKnives+1","Advance+1","BottledTime"],"relics":["Uniform","NeowsBlessing","PocketWatch","Omamori","TungstenRod","Bag of Preparation","Ginger","Gambling Chip","Tiny House","Strange Spoon","ReplayTheSpireMod:ShopPack","Gensokyo:MosesMiracle","ScarletDevilRocket","Strawberry","TentaclePot:ReiMu","Pear","Old Coin","Pet Ghost"],"acts_visited":["Gensokyo:Gensokyo","Gensokyo:Gensokyoer"],"potions_floor_usage":[12,12,21,23,28,30,33],"damage_taken":[{"damage":0,"enemies":"Gensokyo:Python","floor":1,"turns":1},{"damage":0,"enemies":"Gensokyo:Mamizou","floor":2,"turns":2},{"damage":0,"enemies":"Gensokyo:3_Fairies","floor":3,"turns":2},{"damage":17,"enemies":"Gensokyo:Cirno","floor":7,"turns":6},{"damage":9,"enemies":"Gensokyo:2_Kodama","floor":10,"turns":5},{"damage":7,"enemies":"Gensokyo:CorruptedTreant","floor":11,"turns":4},{"damage":19,"enemies":"Gensokyo:Aya","floor":12,"turns":9},{"damage":0,"enemies":"Gensokyo:Gryphon_and_Rabbit","floor":14,"turns":6},{"damage":2,"enemies":"Gensokyo:Kokoro","floor":16,"turns":13},{"damage":0,"enemies":"Gensokyo:Chomper","floor":18,"turns":7},{"damage":0,"enemies":"Gensokyo:2_Gloops","floor":19,"turns":4},{"damage":15,"enemies":"Gensokyo:Slime_Group","floor":21,"turns":6},{"damage":1,"enemies":"Gensokyo:Koishi","floor":23,"turns":12},{"damage":37,"enemies":"Gensokyo:Mirror_and_Dog","floor":24,"turns":10},{"damage":0,"enemies":"Gensokyo:3_Gloops","floor":28,"turns":2},{"damage":8,"enemies":"Gensokyo:Tenshi","floor":30,"turns":5},{"damage":9,"enemies":"Gensokyo:Slime_Group","floor":31,"turns":6},{"damage":25,"enemies":"Gensokyo:Eternal_Rivals","floor":33,"turns":10}],"seed_played":"-3291768505709964365","potions_obtained":[{"floor":1,"key":"Adrenaline Potion"},{"floor":3,"key":"SpeedPotion"},{"floor":10,"key":"Energy Potion"},{"floor":12,"key":"BlessingOfTheForge"},{"floor":17,"key":"AttackPotion"},{"floor":23,"key":"Reflective Coating"},{"floor":24,"key":"LifebloodPotion"},{"floor":28,"key":"Elixir"}],"is_trial":false,"path_per_floor":["M","?","M","?","COS","R","E","?","T","M","M","E","$","M","R","B",null,"M","M","COS","M","?","E","M","$","T","?","M","R","E","M","R","B"],"character_chosen":"THE_SERVANT","items_purchased":["Replay:SS_hec_2","TentaclePot:ReiMu"],"campfire_rested":1,"item_purchase_floors":[13,25],"current_hp_per_floor":[65,65,65,56,56,56,39,39,39,30,23,4,4,4,23,21,70,70,70,70,55,55,54,24,24,34,34,34,34,26,17,17,0,0],"gold":353,"neow_bonus":"THREE_ENEMY_KILL","is_daily":false,"chose_seed":false,"campfire_upgraded":3,"win_rate":0.0,"timestamp":1610196099,"path_taken":["M","?","M","?","COS","R","E","?","T","M","M","E","?","?","R","BOSS","M","M","COS","M","?","E","M","?","T","?","M","R","E","?","R","BOSS"],"items_purchased_type":["Card","Relic"],"build_version":"2020-12-22","purchased_purges":2,"victory":false,"max_hp_per_floor":[65,65,65,65,65,65,65,65,65,65,65,65,65,65,65,65,70,70,70,70,70,70,70,77,77,87,87,87,87,87,87,87,87,87],"card_choices":[{"not_picked":["Defy","Revamp"],"picked":"MoonPhase","floor":1},{"not_picked":["Read","Unruled","Shuttle"],"picked":"SKIP","floor":2},{"not_picked":["Shuttle","Alleviate"],"picked":"Luminosity","floor":3},{"not_picked":["Spin","Alleviate"],"picked":"Solidify","floor":7},{"not_picked":["ReturningBlade","Replace","Potential"],"picked":"SKIP","floor":10},{"not_picked":["Alleviate","Advance"],"picked":"Snipe","floor":11},{"not_picked":["WasteNot","GearUp"],"picked":"Foresight","floor":12},{"not_picked":["Potential","DoubleEdge","Gouge"],"picked":"SKIP","floor":14},{"not_picked":["Initiator","Deny"],"picked":"FlawlessForm","floor":16},{"not_picked":["Starlight","TimeWarp"],"picked":"Ricochet","floor":17},{"not_picked":["ShatteredReality","Shuttle","FastForward+1"],"picked":"SKIP","floor":18},{"not_picked":["FanOfKnives+1","Collapse"],"picked":"DoubleEdge","floor":19},{"not_picked":["The Bomb","Poisoned Strike"],"picked":"Secret Weapon","floor":20},{"not_picked":["expansioncontent:GoopSpray","The Bomb"],"picked":"Chrysalis","floor":20},{"not_picked":["Replay:SS_fish_1","expansioncontent:SlimeTackle"],"picked":"Madness","floor":20},{"not_picked":["Rewind","Spin"],"picked":"Moonlight+1","floor":21},{"not_picked":["Deny","ForgedInTime"],"picked":"KillingDoll","floor":23},{"not_picked":["Replace","Desolation"],"picked":"FanOfKnives+1","floor":23},{"not_picked":["DoubleEdge+1","WasteNot"],"picked":"Advance","floor":24},{"not_picked":["Rewind+1","Unruled","DualDimension"],"picked":"SKIP","floor":28},{"not_picked":["FloweringNight","Gouge","Replace"],"picked":"SKIP","floor":30},{"not_picked":["Alleviate","Luminosity"],"picked":"BottledTime","floor":31}],"player_experience":132571,"relics_obtained":[{"floor":2,"key":"PocketWatch"},{"floor":7,"key":"Omamori"},{"floor":9,"key":"TungstenRod"},{"floor":12,"key":"Ginger"},{"floor":23,"key":"ScarletDevilRocket"},{"floor":26,"key":"Pear"},{"floor":28,"key":"Gensokyo:MosesMiracle"},{"floor":30,"key":"Pet Ghost"}],"event_choices":[],"is_beta":false,"boss_relics":[{"not_picked":["Sozu","Replay:Bronze Core"],"picked":"Tiny House"}],"items_purged_floors":[13,25],"is_endless":false,"potions_floor_spawned":[1,3,10,12,19,23,24,28],"killed_by":"Gensokyo:Eternal_Rivals","ascension_level":0}}