{"host":"t5s60ss6drvva5tc","time":1610215420,"event":{"mods":["AchievementEnabler","BaseMod","Colored Map","Colored Powertips","Minty Spire (QoL Compilation)"],"gold_per_floor":[113,113,129,129,129,141,152,152,152,182,182,213,229,243,243,341,341,360,360,179,193,204,238,250,250,275,288,338,338,338],"floor_reached":29,"playtime":1592,"items_purged":["Defend_B"],"score":257,"play_id":"1aa87490-bd25-4002-ac82-3e58f073354c","local_time":"20210109210340","is_ascension_mode":false,"campfire_choices":[{"floor":8,"key":"REST"},{"floor":11,"key":"REST"},{"floor":15,"key":"REST"}],"circlet_count":0,"master_deck":["Strike_B","Strike_B","Strike_B","Defend_B","Defend_B","Defend_B","Zap","Dualcast+1","Gash","Gash","Fusion","Genetic Algorithm","Gash","Cold Snap","Chill","Auto Shields","Redo","Electrodynamics","Glacier","Compile Driver","Ball Lightning+1","Beam Cell+1","Doom and Gloom+1","Seek"],"relics":["Cracked Core","Ornamental Fan","Boot","Happy Flower","Dream Catcher","Inserter","Eternal Feather","Orichalcum"],"acts_visited":["Exordium","TheCity"],"potions_floor_usage":[16,16,16,24,27],"damage_taken":[{"damage":8,"enemies":"Small Slimes","floor":1,"turns":2},{"damage":6,"enemies":"2 Louse","floor":3,"turns":2},{"damage":0,"enemies":"Cultist","floor":6,"turns":2},{"damage":18,"enemies":"Large Slime","floor":7,"turns":6},{"damage":32,"enemies":"Gremlin Nob","floor":10,"turns":4},{"damage":12,"enemies":"Lagavulin","floor":12,"turns":5},{"damage":8,"enemies":"Red Slaver","floor":13,"turns":2},{"damage":0,"enemies":"Looter","floor":14,"turns":3},{"damage":44,"enemies":"Slime Boss","floor":16,"turns":14},{"damage":1,"enemies":"3 Byrds","floor":18,"turns":2},{"damage":21,"enemies":"Shell Parasite","floor":21,"turns":8},{"damage":16,"enemies":"Snake Plant","floor":22,"turns":6},{"damage":30,"enemies":"Slavers","floor":23,"turns":3},{"damage":2,"enemies":"Cultist and Chosen","floor":24,"turns":4},{"damage":0,"enemies":"3 Cultists","floor":27,"turns":3},{"damage":5,"enemies":"Book of Stabbing","floor":29,"turns":2}],"seed_played":"4231135480307203010","potions_obtained":[{"floor":3,"key":"PotionOfCapacity"},{"floor":6,"key":"SteroidPotion"},{"floor":14,"key":"PowerPotion"},{"floor":16,"key":"Explosive Potion"},{"floor":27,"key":"EssenceOfSteel"}],"is_trial":false,"path_per_floor":["M","?","M","?","?","M","M","R","T","E","R","E","M","M","R","B",null,"M","?","$","M","M","E","M","?","T","M","?","E"],"character_chosen":"DEFECT","items_purchased":["Glacier","PotionOfCapacity"],"campfire_rested":3,"item_purchase_floors":[20,20],"current_hp_per_floor":[74,67,61,43,43,43,25,49,49,17,41,29,21,21,45,1,82,81,73,73,52,36,6,4,4,4,4,4,0,0],"gold":338,"neow_bonus":"TEN_PERCENT_HP_BONUS","is_daily":false,"chose_seed":false,"campfire_upgraded":0,"win_rate":0.0,"timestamp":1610215420,"path_taken":["M","?","M","?","?","?","M","R","T","E","R","E","M","M","R","BOSS","M","?","$","M","M","E","?","?","T","M","?","E"],"items_purchased_type":["Card","Potion"],"build_version":"2020-12-22","purchased_purges":1,"victory":false,"max_hp_per_floor":[82,82,82,82,82,82,82,82,82,82,82,82,82,82,82,82,82,82,82,82,82,82,82,82,82,82,82,82,82,82],"card_choices":[{"not_picked":["Cold Snap","Scrape"],"picked":"Gash","floor":1},{"not_picked":["Leap","Steam Power"],"picked":"Gash","floor":3},{"not_picked":["Beam Cell","Leap"],"picked":"Fusion","floor":6},{"not_picked":["Leap","Aggregate"],"picked":"Genetic Algorithm","floor":7},{"not_picked":["Ball Lightning","Hologram"],"picked":"Gash","floor":10},{"not_picked":["Hologram","Beam Cell"],"picked":"Cold Snap","floor":12},{"not_picked":["Fission","Stack"],"picked":"Chill","floor":13},{"not_picked":["Barrage","Go for the Eyes"],"picked":"Auto Shields","floor":14},{"not_picked":["Go for the Eyes","Streamline"],"picked":"Redo","floor":15},{"not_picked":["Biased Cognition","Buffer"],"picked":"Electrodynamics","floor":16},{"not_picked":["Hello World","Coolheaded","Melter"],"picked":"SKIP","floor":18},{"not_picked":["Hologram","Coolheaded"],"picked":"Compile Driver","floor":21},{"not_picked":["Sweeping Beam","Go for the Eyes"],"picked":"Ball Lightning+1","floor":22},{"not_picked":["Leap","Steam Power+1"],"picked":"Beam Cell+1","floor":23},{"not_picked":["Consume","Reprogram+1"],"picked":"Doom and Gloom+1","floor":24},{"not_picked":["Sweeping Beam","Coolheaded"],"picked":"Seek","floor":27}],"player_experience":13733,"relics_obtained":[{"floor":9,"key":"Boot"},{"floor":10,"key":"Happy Flower"},{"floor":12,"key":"Dream Catcher"},{"floor":23,"key":"Eternal Feather"},{"floor":26,"key":"Orichalcum"}],"event_choices":[{"cards_removed":["Strike_B"],"damage_healed":0,"gold_gain":0,"player_choice":"Card Removal","damage_taken":7,"max_hp_gain":0,"max_hp_loss":0,"event_name":"Golden Wing","floor":2,"gold_loss":0},{"damage_healed":0,"gold_gain":0,"player_choice":"Success","damage_taken":18,"relics_obtained":["Ornamental Fan"],"max_hp_gain":0,"max_hp_loss":0,"event_name":"Scrap Ooze","floor":4,"gold_loss":0},{"damage_healed":0,"gold_gain":0,"player_choice":"Upgraded","damage_taken":0,"max_hp_gain":0,"max_hp_loss":0,"event_name":"Upgrade Shrine","floor":5,"gold_loss":0,"cards_upgraded":["Dualcast"]},{"damage_healed":0,"gold_gain":0,"player_choice":"Damaged","damage_taken":8,"max_hp_gain":0,"max_hp_loss":0,"event_name":"Wheel of Change","floor":19,"gold_loss":0},{"damage_healed":0,"gold_gain":0,"player_choice":"Ignored","damage_taken":0,"max_hp_gain":0,"max_hp_loss":0,"event_name":"Vampires","floor":25,"gold_loss":0},{"damage_healed":0,"gold_gain":100,"player_choice":"Bet on Murderer","damage_taken":0,"max_hp_gain":0,"max_hp_loss":0,"event_name":"The Joust","floor":28,"gold_loss":50}],"is_beta":false,"boss_relics":[{"not_picked":["Sozu","Velvet Choker"],"picked":"Inserter"}],"items_purged_floors":[20],"is_endless":false,"potions_floor_spawned":[3,6,14,16,27],"killed_by":"Book of Stabbing","ascension_level":0}}