{"host":"xje8igj95tvh9ehd","time":1610169827,"event":{"mods":["BaseMod","Colored Map","Colored Powertips","Downfall","Infinite Spire","Marisa£®ÏF”Í°°ƒß¿Ì…≥£©","Minty Spire (QoL Compilation)","Replay The Spire","StSLib","SuperFastMode","The Bug Knight","The Construct","The Runesmith","The Servant 0.9.4","[IsaacMod]“‘»ˆº‚À˛"],"gold_per_floor":[364,364,383,403,403,403,403,403,403,446,28,61,61,61,61,215,215,240,240,297,77,2,2,30,30],"floor_reached":24,"playtime":1587,"items_purged":["Strike_R","Strike_R"],"score":184,"play_id":"f01420d1-3719-48ca-9295-8668bd552d2f","local_time":"20210109132347","is_ascension_mode":false,"campfire_choices":[{"data":"Limit Break","floor":6,"key":"SMITH"},{"data":"Heavy Blade","floor":8,"key":"SMITH"},{"data":"Metamorphosis","floor":13,"key":"SMITH"},{"data":"Rupture","floor":13,"key":"SMITH"},{"data":"Sword Boomerang","floor":15,"key":"SMITH"},{"data":"Shrug It Off","floor":15,"key":"SMITH"},{"data":"Demon Form","floor":23,"key":"SMITH"},{"data":"Rupture","floor":23,"key":"SMITH"}],"circlet_count":0,"master_deck":["Strike_R","Defend_R","Defend_R","Defend_R","Defend_R","Bash","ReplayTheSpireMod:Faulty Equipment","Heavy Blade+1","Limit Break+1","Cleave","Rupture+1","Sword Boomerang+1","Metamorphosis+1","Rupture+1","Shrug It Off+1","Cleave","Demon Form+1","Hemokinesis+1","Replay:Undeath\u0027s Touch","Dropkick","Sword Boomerang"],"relics":["Burning Blood","HushsDoor","MaYiHuaBei","HowToJump","SalivaCoin","Replay:Arrowhead","ReplayTheSpireMod:DimensionalGlitch"],"acts_visited":["Exordium","TheCity"],"potions_floor_usage":[16,20,24],"damage_taken":[{"damage":0,"enemies":"2 Louse","floor":1,"turns":2},{"damage":0,"enemies":"Cultist","floor":3,"turns":3},{"damage":12,"enemies":"Small Slimes","floor":4,"turns":3},{"damage":6,"enemies":"Blue Slaver","floor":10,"turns":5},{"damage":21,"enemies":"Exordium Thugs","floor":12,"turns":4},{"damage":32,"enemies":"Hexaghost","floor":16,"turns":7},{"damage":18,"enemies":"Chosen","floor":18,"turns":5},{"damage":37,"enemies":"Shell Parasite","floor":20,"turns":7},{"damage":35,"enemies":"Shelled Parasite and Fungi","floor":24,"turns":3}],"seed_played":"-3920628901255497826","potions_obtained":[{"floor":3,"key":"Dexterity Potion"},{"floor":10,"key":"Dexterity Potion"},{"floor":18,"key":"Energy Potion"},{"floor":20,"key":"BlessingOfTheForge"}],"is_trial":false,"path_per_floor":["M","?","M","M","?","R","?","R","T","M","$","M","R","?","R","B",null,"M","AVR","M","$","?","R","M"],"character_chosen":"IRONCLAD","items_purchased":["Sword Boomerang","Metamorphosis","Rupture","Shrug It Off","Dropkick","Sword Boomerang"],"campfire_rested":0,"item_purchase_floors":[11,11,11,11,21,21],"current_hp_per_floor":[80,65,71,65,65,65,58,58,58,58,58,43,43,43,43,17,80,65,65,31,31,31,31,0,0],"gold":30,"neow_bonus":"TWO_FIFTY_GOLD","is_daily":false,"chose_seed":false,"campfire_upgraded":8,"win_rate":0.0,"timestamp":1610169827,"path_taken":["M","?","M","?","?","R","?","R","T","M","$","M","R","?","R","BOSS","M","AVR","M","$","?","R","M"],"items_purchased_type":["Card","Card","Card","Card","Card","Card"],"build_version":"2020-12-22","purchased_purges":2,"victory":false,"max_hp_per_floor":[80,80,80,80,80,80,80,80,80,80,80,80,80,80,80,80,80,80,80,80,80,80,80,80,80],"card_choices":[{"not_picked":["Bomb","Perfected Strike"],"picked":"Heavy Blade","floor":1},{"not_picked":["Rage","Sword Boomerang"],"picked":"Limit Break","floor":3},{"not_picked":["Sever Soul","Shrug It Off"],"picked":"Cleave","floor":4},{"not_picked":["ReplayReversal","Clash"],"picked":"Rupture","floor":10},{"not_picked":["Twin Strike","Anger"],"picked":"Cleave","floor":12},{"not_picked":["Eclipse","Limit Break"],"picked":"Demon Form","floor":16},{"not_picked":["Iron Wave+1","Thunderclap"],"picked":"Hemokinesis+1","floor":18},{"not_picked":["Metallicize","Run Through"],"picked":"Replay:Undeath\u0027s Touch","floor":20}],"player_experience":21336,"relics_obtained":[{"floor":9,"key":"Replay:Arrowhead"}],"event_choices":[{"cards_removed":["Strike_R"],"damage_healed":0,"gold_gain":0,"player_choice":"Forget","damage_taken":0,"max_hp_gain":0,"max_hp_loss":0,"event_name":"Living Wall","floor":5,"gold_loss":0},{"damage_healed":0,"gold_gain":0,"player_choice":"Success","damage_taken":7,"relics_obtained":["SalivaCoin"],"max_hp_gain":0,"max_hp_loss":0,"event_name":"Scrap Ooze","floor":7,"gold_loss":0},{"cards_removed":["Strike_R"],"damage_healed":0,"gold_gain":0,"player_choice":"Gave Gold","damage_taken":0,"max_hp_gain":0,"max_hp_loss":0,"event_name":"Beggar","floor":22,"gold_loss":75}],"is_beta":false,"boss_relics":[{"not_picked":["Empty Cage","Ectoplasm"],"picked":"ReplayTheSpireMod:DimensionalGlitch"},{"not_picked":[]}],"items_purged_floors":[11,21],"is_endless":false,"potions_floor_spawned":[3,10,18,20],"killed_by":"Shelled Parasite and Fungi","ascension_level":0}}