{"host":"lklj3eidp7g5an38","time":1610235795,"event":{"mods":["BaseMod","Minty Spire (QoL Compilation)","Relic Stats","StSLib"],"gold_per_floor":[113,126,143,113,126,158,158,173,173,206,222,232,232,307,307,307,307],"floor_reached":16,"playtime":838,"items_purged":[],"score":205,"play_id":"8de113cc-8c2e-40b6-ad42-4b7712dafdba","local_time":"20210109234315","is_ascension_mode":true,"campfire_choices":[{"floor":7,"key":"REST"},{"data":"Seek","floor":13,"key":"SMITH"},{"floor":15,"key":"REST"}],"circlet_count":0,"master_deck":["AscendersBane","Strike_B","Strike_B","Strike_B","Strike_B","Defend_B","Defend_B","Defend_B","Defend_B","Zap","Dualcast","Cold Snap","Reinforced Body","Ball Lightning","Rebound","Seek+1","Glacier","Turbo","Hyperbeam"],"relics":["Cracked Core","NeowsBlessing","Pear","Letter Opener","Matryoshka"],"acts_visited":["Exordium"],"potions_floor_usage":[6,10,12,16],"damage_taken":[{"damage":0,"enemies":"Small Slimes","floor":1,"turns":1},{"damage":0,"enemies":"Cultist","floor":2,"turns":1},{"damage":0,"enemies":"2 Louse","floor":3,"turns":1},{"damage":10,"enemies":"Looter","floor":5,"turns":4},{"damage":31,"enemies":"Gremlin Nob","floor":6,"turns":4},{"damage":9,"enemies":"Lots of Slimes","floor":8,"turns":4},{"damage":8,"enemies":"3 Sentries","floor":10,"turns":7},{"damage":12,"enemies":"Gremlin Gang","floor":11,"turns":5},{"damage":4,"enemies":"Blue Slaver","floor":12,"turns":3},{"damage":60,"enemies":"The Guardian","floor":16,"turns":15}],"seed_played":"5057895861588411076","potions_obtained":[{"floor":4,"key":"DistilledChaos"},{"floor":4,"key":"BlessingOfTheForge"},{"floor":10,"key":"Weak Potion"},{"floor":11,"key":"SteroidPotion"},{"floor":12,"key":"SkillPotion"}],"is_trial":false,"path_per_floor":["M","M","M","?","M","E","R","M","T","E","M","M","R","?","R","B"],"character_chosen":"DEFECT","items_purchased":[],"campfire_rested":2,"item_purchase_floors":[],"current_hp_per_floor":[64,64,64,64,54,33,57,48,48,40,28,24,24,13,37,0,0],"gold":307,"neow_bonus":"THREE_ENEMY_KILL","is_daily":false,"chose_seed":false,"campfire_upgraded":1,"win_rate":0.0,"timestamp":1610235795,"path_taken":["M","M","M","?","M","E","R","?","T","E","?","M","R","?","R","BOSS"],"items_purchased_type":[],"build_version":"2020-12-22","purchased_purges":0,"victory":false,"max_hp_per_floor":[71,71,71,71,71,81,81,81,81,81,81,81,81,81,81,81,81],"relic_stats":{"counters":[10,45],"Letter Opener":[50],"obtain_stats":[{"Pear":6,"Matryoshka":10,"NeowsBlessing":0,"Letter Opener":9,"Cracked Core":0},{"Pear":5,"Matryoshka":7,"NeowsBlessing":0,"Letter Opener":6,"Cracked Core":0},{"Pear":11,"Matryoshka":22,"NeowsBlessing":0,"Letter Opener":15,"Cracked Core":0}]},"card_choices":[{"not_picked":["Streamline","Redo"],"picked":"Cold Snap","floor":1},{"not_picked":["Streamline","Cold Snap"],"picked":"Reinforced Body","floor":2},{"not_picked":["Conserve Battery","Genetic Algorithm"],"picked":"Ball Lightning","floor":3},{"not_picked":["Ball Lightning","Redo"],"picked":"Rebound","floor":5},{"not_picked":["Compile Driver","Genetic Algorithm"],"picked":"Seek","floor":6},{"not_picked":["Go for the Eyes","Hologram"],"picked":"Glacier","floor":8},{"not_picked":["Go for the Eyes","Ball Lightning"],"picked":"Turbo","floor":10},{"not_picked":["Leap","Rebound","Compile Driver"],"picked":"SKIP","floor":11},{"not_picked":["Compile Driver","Gash"],"picked":"Hyperbeam","floor":12}],"player_experience":904640,"relics_obtained":[{"floor":6,"key":"Pear"},{"floor":9,"key":"Letter Opener"},{"floor":10,"key":"Matryoshka"}],"event_choices":[{"damage_healed":0,"gold_gain":0,"player_choice":"Bought 2 Potions","damage_taken":0,"max_hp_gain":0,"max_hp_loss":0,"event_name":"The Woman in Blue","floor":4,"gold_loss":0},{"damage_healed":0,"gold_gain":75,"player_choice":"Gather Gold","damage_taken":11,"max_hp_gain":0,"max_hp_loss":0,"event_name":"World of Goop","floor":14,"gold_loss":0}],"is_beta":false,"boss_relics":[],"items_purged_floors":[],"is_endless":false,"potions_floor_spawned":[5,10,11,12],"killed_by":"The Guardian","ascension_level":16}}