{"host":"o97o7ui5vncz1kje","time":1610173900,"event":{"mods":["Arknights The Spire","BaseMod","Better Third Choice","Minty Spire (QoL Compilation)","StSLib"],"gold_per_floor":[116,136,136,136,136,169,169,169,195,195,195,221,250,209,209,209,209],"floor_reached":16,"playtime":565,"items_purged":[],"score":164,"play_id":"ec838a53-5217-4563-a601-23615a1e06a8","local_time":"20210109143140","daily_mods":["Heirloom","Flight"],"is_ascension_mode":false,"campfire_choices":[{"floor":7,"key":"REST"},{"data":"ats:Burning Ground","floor":8,"key":"SMITH"},{"data":"ats:Sunburst","floor":10,"key":"SMITH"},{"floor":11,"key":"REST"},{"floor":15,"key":"REST"}],"circlet_count":0,"master_deck":["ats:Strike C","ats:Strike G","ats:Strike S","ats:Strike V","ats:Armor Crushing Shot","ats:Defend","ats:Defend","ats:Defend","ats:Defend","ats:Emotion Absorption","ats:Sunburst+1","ats:Assault Order","ats:Burning Ground+1","ats:Poison Spread","ats:Composite Medical Shells"],"relics":["ats:Sanity","StoneCalendar","ats:Originium","Pear","ats:Ability Aura","Regal Pillow","Peace Pipe"],"acts_visited":["Exordium"],"potions_floor_usage":[],"damage_taken":[{"damage":20,"enemies":"Jaw Worm","floor":1,"turns":5},{"damage":5,"enemies":"Small Slimes","floor":2,"turns":3},{"damage":47,"enemies":"3 Sentries","floor":6,"turns":7},{"damage":40,"enemies":"Lagavulin","floor":12,"turns":6},{"damage":28,"enemies":"Gremlin Nob","floor":13,"turns":5},{"damage":55,"enemies":"Hexaghost","floor":16,"turns":9}],"seed_played":"4873407261707668295","potions_obtained":[],"is_trial":true,"path_per_floor":["M","M","?","?","$","E","R","R","T","R","R","E","E","?","R","B"],"character_chosen":"DOCTOR_CLASS","items_purchased":[],"campfire_rested":3,"item_purchase_floors":[],"current_hp_per_floor":[52,47,47,71,71,34,58,58,58,58,82,42,14,14,53,0,0],"gold":209,"neow_bonus":"","is_daily":false,"chose_seed":false,"campfire_upgraded":2,"win_rate":0.0,"timestamp":1610173900,"path_taken":["M","M","?","?","?","E","R","R","T","R","R","E","E","?","R","BOSS"],"items_purchased_type":[],"build_version":"2020-12-22","purchased_purges":0,"victory":false,"max_hp_per_floor":[72,72,72,72,72,82,82,82,82,82,82,82,82,82,82,82,82],"card_choices":[{"not_picked":["ats:Shell Defense","ats:Explosion Area Strengthen"],"picked":"ats:Sunburst","floor":1},{"not_picked":["ats:Curse Doll","ats:Powerful Strike"],"picked":"ats:Assault Order","floor":2},{"not_picked":["ats:Curse Doll","ats:Childhood Dance"],"picked":"ats:Burning Ground","floor":6},{"not_picked":["ats:Encircling Forest","ats:Consecutive Shot Auto"],"picked":"ats:Poison Spread","floor":12},{"not_picked":["ats:Calcification","ats:Ambush"],"picked":"ats:Composite Medical Shells","floor":13}],"player_experience":304444,"relics_obtained":[{"floor":6,"key":"ats:Originium"},{"floor":6,"key":"Pear"},{"floor":9,"key":"ats:Ability Aura"},{"floor":12,"key":"ats:Originium"},{"floor":12,"key":"Regal Pillow"},{"floor":13,"key":"ats:Originium"},{"floor":13,"key":"Peace Pipe"}],"event_choices":[{"damage_healed":0,"gold_gain":0,"player_choice":"Ignored","damage_taken":136,"max_hp_gain":0,"max_hp_loss":0,"event_name":"betterThird:BetterSerpent","floor":3,"gold_loss":0},{"damage_healed":24,"gold_gain":0,"player_choice":"Banana","damage_taken":0,"max_hp_gain":0,"max_hp_loss":0,"event_name":"Big Fish","floor":4,"gold_loss":0},{"damage_healed":0,"gold_gain":0,"player_choice":"Left","damage_taken":0,"max_hp_gain":0,"max_hp_loss":0,"event_name":"betterThird:BetterGoop","floor":14,"gold_loss":41}],"is_beta":false,"boss_relics":[],"items_purged_floors":[],"is_endless":true,"potions_floor_spawned":[],"killed_by":"Hexaghost","ascension_level":0}}