{"host":"o7j6aatxjwpw1421","time":1610211107,"event":{"mods":["2.2 Compatiblity","AchievementEnabler","BaseMod","Colored Map","DeckTracker","Highlight Path","Keyboard Shortcuts","Minty Spire (QoL Compilation)","Permanent Neow","Quick Restart","StSLib","SuperFastMode","everything is the same but u backflip on backflip"],"gold_per_floor":[15,15,15,33,33,33,51,51,128,194,194,214,189,205,205,304,304,318,143,193,211,261,261,276,276,276],"floor_reached":25,"playtime":1218,"items_purged":["Strike_G"],"score":386,"play_id":"f84ea016-3814-49a7-a8fa-bb07eca1cc7f","local_time":"20210110015147","is_ascension_mode":true,"campfire_choices":[{"floor":6.0,"key":"REST"},{"data":"Bouncing Flask","floor":8.0,"key":"SMITH"},{"data":"Setup","floor":11.0,"key":"SMITH"},{"floor":15.0,"key":"REST"},{"floor":23.0,"key":"REST"}],"circlet_count":0,"master_deck":["AscendersBane","Strike_G+1","Defend_G","Defend_G+1","Defend_G","Survivor","Neutralize","Bouncing Flask+1","Quick Slash","Setup+1","Well Laid Plans","Reflex","Grand Finale","Acrobatics","Finesse","Necronomicurse","Prepared","Catalyst","Burst","Calculated Gamble"],"relics":["Ring of the Snake","Golden Idol","SsserpentHead","Question Card","Necronomicon"],"acts_visited":["Exordium","TheCity"],"potions_floor_usage":[25],"damage_taken":[{"damage":2.0,"enemies":"Jaw Worm","floor":1.0,"turns":7.0},{"damage":2.0,"enemies":"2 Louse","floor":4.0,"turns":4.0},{"damage":0.0,"enemies":"Cultist","floor":7.0,"turns":4.0},{"damage":5.0,"enemies":"Blue Slaver","floor":10.0,"turns":4.0},{"damage":0.0,"enemies":"Looter","floor":12.0,"turns":3.0},{"damage":12.0,"enemies":"Exordium Wildlife","floor":14.0,"turns":4.0},{"damage":19.0,"enemies":"Hexaghost","floor":16.0,"turns":10.0},{"damage":16.0,"enemies":"Shell Parasite","floor":18.0,"turns":6.0},{"damage":13.0,"enemies":"Chosen","floor":21.0,"turns":4.0},{"damage":0.0,"enemies":"3 Cultists","floor":24.0,"turns":3.0},{"damage":15,"enemies":"Snake Plant","floor":25,"turns":3}],"seed_played":"-4991477007475508793","potions_obtained":[{"floor":7.0,"key":"GhostInAJar"},{"floor":14.0,"key":"Weak Potion"},{"floor":16.0,"key":"DistilledChaos"},{"floor":18.0,"key":"GamblersBrew"}],"is_trial":false,"path_per_floor":["M","?","?","M","?","R","M","R","T","M","R","M","?","M","R","B",null,"M","$","?","M","?","R","M","M"],"character_chosen":"THE_SILENT","items_purchased":["Finesse"],"campfire_rested":3,"item_purchase_floors":[19],"current_hp_per_floor":[57,34,14,12,12,31,31,31,31,26,26,26,26,14,33,14,53,37,37,16,3,3,22,22,7,7],"gold":276,"neow_bonus":"REMOVE_TWO","is_daily":false,"chose_seed":false,"campfire_upgraded":2,"win_rate":0.0,"timestamp":1610211107,"path_taken":["M","?","?","M","?","R","M","R","T","?","R","M","?","M","R","BOSS","M","$","?","M","?","R","M","M"],"items_purchased_type":["Card"],"build_version":"2020-12-22","purchased_purges":1,"victory":false,"max_hp_per_floor":[66,66,66,66,66,66,66,66,66,66,66,66,66,66,66,66,66,66,66,66,66,66,66,66,66,66],"card_choices":[{"not_picked":["Dagger Throw","Deflect"],"picked":"Bouncing Flask","floor":1.0},{"not_picked":["Outmaneuver","Cloak And Dagger","Riddle With Holes"],"picked":"SKIP","floor":4.0},{"not_picked":["Blade Dance","Endless Agony"],"picked":"Quick Slash","floor":7.0},{"not_picked":["Deadly Poison","Masterful Stab","Outmaneuver"],"picked":"Setup","floor":10.0},{"not_picked":["Distraction","Poisoned Stab","Dagger Spray"],"picked":"Well Laid Plans","floor":12.0},{"not_picked":["Slice","Dagger Spray","Dagger Throw"],"picked":"Reflex","floor":14.0},{"not_picked":["Envenom","Adrenaline","A Thousand Cuts"],"picked":"Grand Finale","floor":16.0},{"not_picked":["Poisoned Stab","Bouncing Flask","Quick Slash"],"picked":"Acrobatics","floor":18.0},{"not_picked":["Slice","Dagger Throw","Flechettes"],"picked":"Prepared","floor":21.0},{"not_picked":["Outmaneuver","Backflip","Masterful Stab"],"picked":"Calculated Gamble","floor":24.0}],"player_experience":469858,"relics_obtained":[{"floor":9.0,"key":"Question Card"},{"floor":20.0,"key":"Necronomicon"}],"event_choices":[{"damage_healed":0.0,"max_hp_gain":0.0,"max_hp_loss":0.0,"gold_gain":0.0,"event_name":"Golden Idol","player_choice":"Take Damage","floor":2.0,"gold_loss":0.0,"damage_taken":23.0,"relics_obtained":["Golden Idol"]},{"damage_healed":0.0,"max_hp_gain":0.0,"max_hp_loss":0.0,"gold_gain":0.0,"event_name":"Shining Light","player_choice":"Entered Light","floor":3.0,"gold_loss":0.0,"damage_taken":20.0,"cards_upgraded":["Defend_G","Strike_G"]},{"damage_healed":0.0,"max_hp_gain":0.0,"max_hp_loss":0.0,"gold_gain":0.0,"event_name":"FaceTrader","player_choice":"Trade","floor":5.0,"gold_loss":0.0,"damage_taken":0.0,"relics_obtained":["SsserpentHead"]},{"cards_removed":["Strike_G"],"damage_healed":0.0,"max_hp_gain":0.0,"max_hp_loss":0.0,"gold_gain":0.0,"event_name":"The Cleric","player_choice":"Card Removal","floor":13.0,"gold_loss":75.0,"damage_taken":0.0},{"damage_healed":0.0,"max_hp_gain":0.0,"max_hp_loss":0.0,"gold_gain":0.0,"event_name":"Cursed Tome","player_choice":"Obtained Book","floor":20.0,"gold_loss":0.0,"damage_taken":21.0},{"damage_healed":0.0,"max_hp_gain":0.0,"max_hp_loss":0.0,"gold_gain":0.0,"cards_transformed":["Strike_G","Defend_G"],"event_name":"Drug Dealer","player_choice":"Became Test Subject","floor":22.0,"gold_loss":0.0,"damage_taken":0.0,"cards_obtained":["Catalyst","Burst"]}],"is_beta":false,"boss_relics":[{"not_picked":["Tiny House","Snecko Eye","Cursed Key"]}],"items_purged_floors":[19],"is_endless":false,"potions_floor_spawned":[7,14,16,18],"killed_by":"Snake Plant","ascension_level":20}}