{"host":"p5axfb00mxhraew6","time":1610171006,"event":{"mods":["Abigail Mod","Act Like it!","BaseMod","CapriCore","Friendly Minions","GifTheSpireLib","Jedi Mod","KomeijiMod","Lobotomy","MarisaÅiñ∂âJÅ@ñÇóùçπÅj","Minty Spire (QoL Compilation)","Prisma Mod","ReimuÅiîé??öÎÅj","RemiliaÅiÂQïƒ‰ª?Åj","SOSÅiézîb?îVéqÅj","StSLib","Td1madao Mod","The Alterego","The Immortal","The Problem Sleuth","Yakumo Yukari mod"],"gold_per_floor":[111,111,127,138,158,158,185,185,185,213,233,245,245,256,256,355,355,374,393,403,297,312,312,340,340,340,340,369,369,402,422,422,525,525,544,38,38,316,333,365,385,400,400,400,426,436,448,475,475,475,475,475,475,14,44,44],"floor_reached":57,"playtime":3154,"items_purged":["Scorched"],"score":1895,"play_id":"1ca4ec82-2b6f-47ae-95a7-3d76bb4992a7","local_time":"20210109144326","is_ascension_mode":true,"campfire_choices":[{"floor":44.0,"key":"RECALL"}],"circlet_count":0,"master_deck":["SpecialBullet","SpecialBullet","SpecialBullet","SpecialBullet","SpecialBullet","SpecialBullet","SpecialBullet","InformationCode","SecurityCode","ExtractionCode","Diffraction+1","VoidDream","Penitence","OSAHOGD","WristCuter+1","Heaven","Wingbeat","ShyLook","Wingbeat","OldLady","Gaze","Bloodbath","Diffraction","Wingbeat","CherryBlossoms","BlueStar","TodaysExpression","Mimicry","CENSORED_ego","TodaysExpression+1","Lamp+10","CentralCode","UniverseFragment","Diffraction","Regret_ego","Harvest+1","QueenOfHatred","Ecstasy+1","InTheNameOfLoveAndHate","TrainingCode","Diffraction","Murderer","Adoration","VanishingEverything+1","Lantern","Laetitia_ego","DaCapo","ScreamingWedge+1","LongBird","Moonlight+1","ScreamingWedge+1","CherryBlossom+1","GreenStem+1","Ecstasy","Noise+1","BeautyBeast","Noise","Logging","SpecialBullet","Ecstasy+1","SpecialBullet","ControlCode","TT2Protocol","Lamp+11","Noise","SpecialBullet","SpecialBullet","Logging+1"],"relics":["CogitoBucket","RabbitCall","Sundial","Gremlin Horn","Ornamental Fan","Odd Mushroom","Sozu","ScarletDevilRocket","Whetstone","Fusion Hammer","Gambling Chip","ClockworkSouvenir","jedi:angrymask","jedi:bottledfury","Art of War","Frozen Egg 2","DollysMirror","Bottled Flame","Pen Nib"],"acts_visited":["Exordium","TheCity","TheBeyond","TheEnding"],"potions_floor_usage":[],"damage_taken":[{"damage":20.0,"enemies":"Small Slimes","floor":1.0,"turns":3.0},{"damage":2.0,"enemies":"Cultist","floor":3.0,"turns":4.0},{"damage":2.0,"enemies":"2 Louse","floor":4.0,"turns":2.0},{"damage":6.0,"enemies":"2 Fungi Beasts","floor":5.0,"turns":3.0},{"damage":16.0,"enemies":"3 Sentries","floor":7.0,"turns":9.0},{"damage":9.0,"enemies":"Gremlin Nob","floor":10.0,"turns":4.0},{"damage":4.0,"enemies":"The Mushroom Lair","floor":11.0,"turns":3.0},{"damage":5.0,"enemies":"Exordium Wildlife","floor":12.0,"turns":3.0},{"damage":1.0,"enemies":"Exordium Thugs","floor":14.0,"turns":4.0},{"damage":62.0,"enemies":"The Guardian","floor":16.0,"turns":11.0},{"damage":19.0,"enemies":"2 Thieves","floor":18.0,"turns":4.0},{"damage":12.0,"enemies":"3 Byrds","floor":19.0,"turns":5.0},{"damage":41.0,"enemies":"Sentry and Sphere","floor":20.0,"turns":5.0},{"damage":83.0,"enemies":"Snake Plant","floor":22.0,"turns":5.0},{"damage":28.0,"enemies":"Slavers","floor":24.0,"turns":4.0},{"damage":32.0,"enemies":"Gremlin Leader","floor":28.0,"turns":6.0},{"damage":11.0,"enemies":"Book of Stabbing","floor":30.0,"turns":8.0},{"damage":10.0,"enemies":"Centurion and Healer","floor":31.0,"turns":8.0},{"damage":36.0,"enemies":"Collector","floor":33.0,"turns":14.0},{"damage":1.0,"enemies":"Orb Walker","floor":35.0,"turns":4.0},{"damage":8.0,"enemies":"3 Shapes","floor":39.0,"turns":2.0},{"damage":3.0,"enemies":"Giant Head","floor":40.0,"turns":11.0},{"damage":3.0,"enemies":"Jaw Worm Horde","floor":41.0,"turns":3.0},{"damage":19.0,"enemies":"Writhing Mass","floor":42.0,"turns":6.0},{"damage":5.0,"enemies":"Reptomancer","floor":45.0,"turns":2.0},{"damage":0.0,"enemies":"4 Shapes","floor":46.0,"turns":1.0},{"damage":11.0,"enemies":"Maw","floor":47.0,"turns":5.0},{"damage":15.0,"enemies":"Nemesis","floor":48.0,"turns":5.0},{"damage":3,"enemies":"Donu and Deca","floor":50,"turns":6},{"damage":7,"enemies":"Shield and Spear","floor":55,"turns":2},{"damage":113,"enemies":"The Heart","floor":56,"turns":8}],"seed_played":"6258198748821339871","potions_obtained":[{"floor":1.0,"key":"ColorlessPotion"},{"floor":3.0,"key":"EssenceOfSteel"},{"floor":7.0,"key":"Dexterity Potion"},{"floor":11.0,"key":"AttackPotion"},{"floor":16.0,"key":"SkillPotion"}],"is_trial":false,"path_per_floor":["M","?","M","M","M","R","E","R","T","E","?","M","R","M","R","B",null,"M","M","M","$","M","R","E","R","T","R","E","?","E","M","R","B",null,"M","$","?","?","M","E","M","M","T","R","E","M","M","E","R","B",null,null,"R","$","E","B",null],"character_chosen":"Angela","items_purchased":["Regret_ego","Harvest","Gambling Chip","ClockworkSouvenir","DollysMirror","Bottled Flame","Noise"],"campfire_rested":0,"item_purchase_floors":[21,21,36,36,54,54,54],"current_hp_per_floor":[58,43,49,55,57,57,53,53,53,56,64,71,71,86,86,68,91,97,101,85,91,43,49,49,55,61,67,79,85,113,113,113,113,113,117,117,117,117,117,117,117,118,118,118,118,118,118,118,118,118,118,118,118,118,118,38],"gold":44,"neow_bonus":"TEN_PERCENT_HP_BONUS","is_daily":false,"chose_seed":false,"campfire_upgraded":0,"win_rate":0.0,"timestamp":1610171006,"path_taken":["M","?","M","M","M","R","E","R","T","E","?","M","R","M","R","BOSS","M","?","M","$","M","R","E","R","T","R","E","?","E","M","R","BOSS","M","$","?","?","M","E","M","M","T","R","E","M","M","E","R","BOSS","R","$","E","BOSS"],"items_purchased_type":["Card","Card","Relic","Relic","Relic","Relic","Card"],"build_version":"2020-12-22","purchased_purges":1,"victory":true,"max_hp_per_floor":[77,77,77,77,77,77,81,81,81,85,89,93,93,97,97,97,97,97,101,105,105,109,109,109,109,109,109,113,113,113,113,113,113,113,117,117,117,117,117,117,117,118,118,118,118,118,118,118,118,118,118,118,118,118,118,118],"card_choices":[{"not_picked":["FrostShard"],"picked":"Diffraction","floor":1.0},{"not_picked":["BeautyBeast","FairyFestival"],"picked":"VoidDream","floor":1.0},{"not_picked":["Christmas","SomewhereSpear"],"picked":"SKIP","floor":1.0},{"not_picked":["CUTE"],"picked":"Penitence","floor":3.0},{"not_picked":["Regret_ego","SolemnVow"],"picked":"SKIP","floor":3.0},{"not_picked":["Murderer","Scorched"],"picked":"OSAHOGD","floor":4.0},{"not_picked":["LifeForTheDareDevil"],"picked":"WristCuter","floor":4.0},{"not_picked":["RedEyes"],"picked":"Heaven","floor":5.0},{"not_picked":["GreenStem"],"picked":"Wingbeat","floor":7.0},{"not_picked":["Rudolta","Bloodbath"],"picked":"ShyLook","floor":7.0},{"not_picked":["Pleasure"],"picked":"Wingbeat","floor":7.0},{"not_picked":["Bloodbath","Mercenary"],"picked":"OldLady","floor":10.0},{"not_picked":["Pleasure","Galaxy"],"picked":"SKIP","floor":10.0},{"not_picked":["CUTE"],"picked":"Gaze","floor":11.0},{"not_picked":["WhitesApple","FieryBird"],"picked":"Bloodbath","floor":11.0},{"not_picked":["Spore"],"picked":"Diffraction","floor":11.0},{"not_picked":["Noise"],"picked":"Wingbeat","floor":12.0},{"not_picked":["QueenBee","HappyTeddy"],"picked":"CherryBlossoms","floor":12.0},{"not_picked":["CherryBlossom","FeatherOfHonor"],"picked":"SKIP","floor":12.0},{"not_picked":["MeatLantern","HappyTeddy"],"picked":"BlueStar","floor":14.0},{"not_picked":["Noise"],"picked":"TodaysExpression","floor":14.0},{"not_picked":["DaCapo"],"picked":"Mimicry","floor":16.0},{"not_picked":["DaCapo"],"picked":"CENSORED_ego","floor":16.0},{"not_picked":["MagicBullet"],"picked":"TodaysExpression+1","floor":18.0},{"not_picked":["Wellcheers","RedShoes"],"picked":"Scorched","floor":19.0},{"not_picked":["FourthMatchFlame","Loneliness+1"],"picked":"SKIP","floor":19.0},{"not_picked":["CherryBlossom","RapturousDream"],"picked":"SKIP","floor":19.0},{"not_picked":["Wingbeat"],"picked":"Lamp","floor":20.0},{"not_picked":["WhitesApple","Mercenary"],"picked":"UniverseFragment","floor":20.0},{"not_picked":["Regret_ego"],"picked":"Diffraction","floor":20.0},{"not_picked":["MHz","FairyFestival"],"picked":"QueenOfHatred","floor":22.0},{"not_picked":["Tough"],"picked":"Ecstasy+1","floor":22.0},{"not_picked":["Reverberation","Soda"],"picked":"SKIP","floor":22.0},{"not_picked":["CUTE"],"picked":"InTheNameOfLoveAndHate","floor":24.0},{"not_picked":["Ecstasy+1"],"picked":"Diffraction","floor":28.0},{"not_picked":["DespairKnight","RedShoes"],"picked":"Murderer","floor":28.0},{"not_picked":["RapturousDream+1"],"picked":"Adoration","floor":28.0},{"not_picked":["FrostShard","BearPaw"],"picked":"SKIP","floor":30.0},{"not_picked":["Loneliness"],"picked":"Lantern","floor":31.0},{"not_picked":["Gaze"],"picked":"Laetitia_ego","floor":31.0},{"not_picked":["Pinks"],"picked":"DaCapo","floor":33.0},{"not_picked":["Beak+1"],"picked":"ScreamingWedge+1","floor":35.0},{"not_picked":["GreedKing","QueenBee"],"picked":"LongBird","floor":35.0},{"not_picked":["FrostShard+1"],"picked":"Moonlight+1","floor":35.0},{"not_picked":["RedEyes+1"],"picked":"ScreamingWedge+1","floor":38.0},{"not_picked":["Heaven"],"picked":"CherryBlossom+1","floor":39.0},{"not_picked":["Adoration"],"picked":"GreenStem+1","floor":40.0},{"not_picked":["Spore"],"picked":"Ecstasy","floor":40.0},{"not_picked":["Horn"],"picked":"Noise+1","floor":41.0},{"not_picked":["Funeral","NakedNest"],"picked":"BeautyBeast","floor":42.0},{"not_picked":["RapturousDream","Wingbeat+1"],"picked":"SKIP","floor":42.0},{"not_picked":["Tough"],"picked":"Noise","floor":45.0},{"not_picked":["Beak+1","Pinks"],"picked":"SKIP","floor":46.0},{"not_picked":["Hypocrisy+1"],"picked":"Logging","floor":47.0},{"not_picked":["BlueScar"],"picked":"Ecstasy+1","floor":47.0},{"not_picked":["FrostShard","SoundOfStar"],"picked":"SKIP","floor":48.0},{"not_picked":["FourthMatchFlame","LifeForTheDareDevil+1"],"picked":"SKIP","floor":48.0},{"not_picked":["Wingbeat"],"picked":"Logging+1","floor":55}],"player_experience":1238814,"relics_obtained":[{"floor":7.0,"key":"Sundial"},{"floor":9.0,"key":"Gremlin Horn"},{"floor":10.0,"key":"Ornamental Fan"},{"floor":11.0,"key":"Odd Mushroom"},{"floor":24.0,"key":"StrikeDummy"},{"floor":28.0,"key":"ScarletDevilRocket"},{"floor":30.0,"key":"Whetstone"},{"floor":40.0,"key":"jedi:angrymask"},{"floor":43.0,"key":"jedi:bottledfury"},{"floor":45.0,"key":"Art of War"},{"floor":48.0,"key":"Frozen Egg 2"},{"floor":55,"key":"Pen Nib"}],"event_choices":[{"damage_healed":0.0,"max_hp_gain":0.0,"max_hp_loss":0.0,"gold_gain":0.0,"event_name":"Shining Light","player_choice":"Entered Light","floor":2.0,"gold_loss":0.0,"damage_taken":15.0,"cards_upgraded":["Diffraction"]},{"damage_healed":0.0,"max_hp_gain":0.0,"max_hp_loss":0.0,"gold_gain":0.0,"event_name":"Mushrooms","player_choice":"Fought Mushrooms","floor":11.0,"gold_loss":0.0,"damage_taken":0.0}],"is_beta":false,"boss_relics":[{"not_picked":["RedLine:ReiMu","jedi:paperlyon"],"picked":"Sozu"},{"not_picked":["Coffee Dripper","jedi:battlestandard"],"picked":"Fusion Hammer"}],"items_purged_floors":[36],"is_endless":false,"potions_floor_spawned":[1,3,7,11,16,20,28,30,31,33,40,45,46,47,48],"ascension_level":9}}