{"host":"i1ue3w889ogl1u8b","time":1610175047,"event":{"mods":["BaseMod","CapriCore","Downfall","Hermit","KinomotoSakuraMod(木之本樱)","Minty Spire (QoL Compilation)","Quick Restart","StSLib","The Construct","Yakumo Yukari mod","Yuyuko","【角色mod】十八桐人","篝火指南"],"gold_per_floor":[111,111,121,134,154,154,166,182,182,182,238,238,250,275,162,263,263,283,39,59,59,71,71,97,97,97,97,22,22,22,34,34,130,130,143,143,158,170,170,202,222,222,269,269,144,196,215,228,77,77,77,77,26,57,57],"floor_reached":56,"playtime":3262,"items_purged":["Strike_G","Strike_G","Defend_G"],"score":1438,"play_id":"65bc1440-1767-4039-a986-908af6f29e07","local_time":"20210109145047","is_ascension_mode":true,"campfire_choices":[{"data":"Neutralize","floor":6.0,"key":"SMITH"},{"data":"Bouncing Flask","floor":10.0,"key":"SMITH"},{"data":"Acrobatics","floor":12.0,"key":"SMITH"},{"data":"Catalyst","floor":23.0,"key":"SMITH"},{"floor":25.0,"key":"REST"},{"data":"Noxious Fumes","floor":27.0,"key":"SMITH"},{"data":"Footwork","floor":29.0,"key":"SMITH"},{"floor":32.0,"key":"REST"},{"data":"Wraith Form v2","floor":42.0,"key":"SMITH"},{"floor":44.0,"key":"RECALL"},{"data":"Backflip","floor":52.0,"key":"SMITH"}],"circlet_count":0,"master_deck":["Defend_G","Defend_G","Defend_G","Survivor","Neutralize+1","Poisoned Stab","Leg Sweep","Acrobatics+1","PiercingWail","Bouncing Flask+1","Backflip+1","Footwork+1","Wraith Form v2+1","Noxious Fumes+1","Catalyst+1","Concentrate+1","Deadly Poison+1","Night Terror+1"],"relics":["Ring of the Snake","NeowsBlessing","Matryoshka","InkBottle","Incense Burner","HoveringKite","Letter Opener","Toxic Egg 2","Ornamental Fan","Busted Crown","Snake Skull","Nunchaku","Lizard Tail","TheAbacus","Du-Vu Doll"],"acts_visited":["Exordium","TheCity","TheBeyond","TheEnding"],"potions_floor_usage":[55,55,55],"damage_taken":[{"damage":0.0,"enemies":"2 Louse","floor":1.0,"turns":1.0},{"damage":0.0,"enemies":"Cultist","floor":3.0,"turns":1.0},{"damage":0.0,"enemies":"Small Slimes","floor":4.0,"turns":1.0},{"damage":0.0,"enemies":"Looter","floor":5.0,"turns":5.0},{"damage":0.0,"enemies":"3 Louse","floor":7.0,"turns":4.0},{"damage":6.0,"enemies":"Exordium Wildlife","floor":8.0,"turns":4.0},{"damage":12.0,"enemies":"Gremlin Nob","floor":11.0,"turns":4.0},{"damage":0.0,"enemies":"2 Fungi Beasts","floor":13.0,"turns":3.0},{"damage":21.0,"enemies":"3 Sentries","floor":14.0,"turns":6.0},{"damage":6.0,"enemies":"The Guardian","floor":16.0,"turns":9.0},{"damage":5.0,"enemies":"Shell Parasite","floor":18.0,"turns":7.0},{"damage":7.0,"enemies":"Spheric Guardian","floor":20.0,"turns":5.0},{"damage":14.0,"enemies":"Centurion and Healer","floor":22.0,"turns":8.0},{"damage":28.0,"enemies":"Slavers","floor":24.0,"turns":7.0},{"damage":0.0,"enemies":"3 Cultists","floor":31.0,"turns":4.0},{"damage":20.0,"enemies":"Collector","floor":33.0,"turns":7.0},{"damage":0.0,"enemies":"Orb Walker","floor":35.0,"turns":2.0},{"damage":15.0,"enemies":"3 Shapes","floor":37.0,"turns":3.0},{"damage":3.0,"enemies":"Jaw Worm Horde","floor":38.0,"turns":5.0},{"damage":7.0,"enemies":"Giant Head","floor":40.0,"turns":7.0},{"damage":7.0,"enemies":"4 Shapes","floor":41.0,"turns":5.0},{"damage":15.0,"enemies":"2 Orb Walkers","floor":46.0,"turns":4.0},{"damage":3.0,"enemies":"3 Darklings","floor":47.0,"turns":5.0},{"damage":1.0,"enemies":"Sphere and 2 Shapes","floor":48.0,"turns":5.0},{"damage":1.0,"enemies":"Time Eater","floor":50.0,"turns":5.0},{"damage":0.0,"enemies":"Shield and Spear","floor":54.0,"turns":5.0},{"damage":27,"enemies":"The Heart","floor":55,"turns":5}],"seed_played":"-8814083553369229605","potions_obtained":[{"floor":4.0,"key":"BlessingOfTheForge"},{"floor":8.0,"key":"DistilledChaos"},{"floor":13.0,"key":"PowerPotion"},{"floor":18.0,"key":"GamblersBrew"},{"floor":20.0,"key":"construct:ShiftPotion"},{"floor":41.0,"key":"Regen Potion"},{"floor":47.0,"key":"Block Potion"},{"floor":54.0,"key":"GamblersBrew"}],"is_trial":false,"path_per_floor":["M","?","M","M","M","R","M","M","T","R","?","R","M","E","R","B",null,"M","$","M","?","M","R","E","R","T","R","?","R","?","M","R","B",null,"M","?","M","M","?","E","M","R","T","R","$","?","M","M","R","B",null,"R","$","E","B",null],"character_chosen":"THE_SILENT","items_purchased":["Footwork","Noxious Fumes","Catalyst","TheAbacus","Weak Potion"],"campfire_rested":2,"item_purchase_floors":[15,19,19,49,53],"current_hp_per_floor":[70,70,70,70,70,70,70,64,64,64,52,52,52,31,31,25,70,65,65,58,58,44,44,16,37,37,37,37,37,37,37,58,38,70,70,70,55,52,52,45,38,38,38,38,38,23,35,34,34,33,70,70,70,70,43],"gold":57,"neow_bonus":"THREE_ENEMY_KILL","is_daily":false,"chose_seed":false,"campfire_upgraded":8,"win_rate":0.0,"timestamp":1610175047,"path_taken":["M","?","M","M","M","R","?","M","T","R","?","R","M","E","R","BOSS","M","$","M","?","M","R","E","R","T","R","?","R","?","M","R","BOSS","M","?","M","M","?","E","M","R","T","R","$","?","M","M","R","BOSS","R","$","E","BOSS"],"items_purchased_type":["Card","Card","Card","Relic","Potion"],"build_version":"2020-12-22","purchased_purges":3,"victory":true,"max_hp_per_floor":[70,70,70,70,70,70,70,70,70,70,70,70,70,70,70,70,70,70,70,70,70,70,70,70,70,70,70,70,70,70,70,70,70,70,70,70,70,70,70,70,70,70,70,70,70,70,70,70,70,70,70,70,70,70,70],"card_choices":[{"not_picked":["Bane","Dash"],"picked":"Dagger Spray","floor":1.0},{"not_picked":["Distraction","Caltrops"],"picked":"Poisoned Stab","floor":3.0},{"not_picked":["Blade Dance","Sucker Punch"],"picked":"Leg Sweep","floor":4.0},{"not_picked":["Reflex","Burst"],"picked":"Acrobatics","floor":5.0},{"not_picked":["Underhanded Strike","Poisoned Stab"],"picked":"PiercingWail","floor":7.0},{"not_picked":["Cloak And Dagger","Acrobatics"],"picked":"Bouncing Flask","floor":8.0},{"not_picked":["Quick Slash","Poisoned Stab","Dagger Spray"],"picked":"SKIP","floor":13.0},{"not_picked":["Deadly Poison","Dagger Spray"],"picked":"Backflip","floor":14.0},{"not_picked":["Envenom","After Image"],"picked":"Wraith Form v2","floor":16.0},{"not_picked":["Accuracy+1","Flechettes","Concentrate"],"picked":"SKIP","floor":18.0},{"not_picked":["Footwork","All Out Attack+1","Dodge and Roll"],"picked":"SKIP","floor":20.0},{"not_picked":["Dagger Throw","Leg Sweep","Dodge and Roll+1"],"picked":"SKIP","floor":22.0},{"not_picked":["PiercingWail","Dash+1","Deadly Poison"],"picked":"SKIP","floor":24.0},{"not_picked":["Distraction+1","Underhanded Strike","Slice+1"],"picked":"SKIP","floor":31.0},{"not_picked":["Tools of the Trade","Die Die Die"],"picked":"Night Terror+1","floor":33.0},{"not_picked":["PiercingWail+1"],"picked":"SKIP","floor":35.0},{"not_picked":["Caltrops"],"picked":"SKIP","floor":37.0},{"not_picked":["Quick Slash+1"],"picked":"SKIP","floor":38.0},{"not_picked":["Skewer+1"],"picked":"SKIP","floor":40.0},{"not_picked":["Deadly Poison+1"],"picked":"SKIP","floor":41.0},{"not_picked":["Infinite Blades"],"picked":"SKIP","floor":47.0},{"not_picked":["Endless Agony"],"picked":"SKIP","floor":48.0},{"not_picked":["Distraction+1"],"picked":"SKIP","floor":54.0}],"player_experience":319343,"relics_obtained":[{"floor":9.0,"key":"Matryoshka"},{"floor":11.0,"key":"InkBottle"},{"floor":14.0,"key":"Incense Burner"},{"floor":24.0,"key":"Letter Opener"},{"floor":26.0,"key":"Toxic Egg 2"},{"floor":26.0,"key":"Ornamental Fan"},{"floor":40.0,"key":"Snake Skull"},{"floor":43.0,"key":"Nunchaku"},{"floor":46.0,"key":"Lizard Tail"},{"floor":54.0,"key":"Du-Vu Doll"}],"event_choices":[{"cards_removed":["Strike_G"],"damage_healed":0.0,"max_hp_gain":0.0,"max_hp_loss":0.0,"gold_gain":0.0,"event_name":"Bonfire Elementals","player_choice":"Offered Basic","floor":2.0,"gold_loss":0.0,"damage_taken":0.0},{"damage_healed":0.0,"max_hp_gain":0.0,"max_hp_loss":0.0,"gold_gain":30.0,"event_name":"Dead Adventurer","player_choice":"Searched \u00272\u0027 times","floor":11.0,"gold_loss":0.0,"damage_taken":0.0},{"cards_removed":["Strike_G"],"damage_healed":0.0,"max_hp_gain":0.0,"max_hp_loss":0.0,"gold_gain":0.0,"event_name":"Beggar","player_choice":"Gave Gold","floor":28.0,"gold_loss":75.0,"damage_taken":0.0},{"damage_healed":0.0,"max_hp_gain":0.0,"max_hp_loss":0.0,"gold_gain":0.0,"cards_transformed":["Strike_G","Defend_G"],"event_name":"Drug Dealer","player_choice":"Became Test Subject","floor":30.0,"gold_loss":0.0,"damage_taken":0.0,"cards_obtained":["Concentrate","Deadly Poison"]},{"damage_healed":0.0,"max_hp_gain":0.0,"max_hp_loss":0.0,"gold_gain":0.0,"event_name":"Tomb of Lord Red Mask","player_choice":"Ignored","floor":36.0,"gold_loss":0.0,"damage_taken":0.0},{"cards_removed":["Dagger Spray"],"damage_healed":0.0,"max_hp_gain":0.0,"max_hp_loss":0.0,"gold_gain":0.0,"event_name":"Falling","player_choice":"Removed Attack","floor":39.0,"gold_loss":0.0,"damage_taken":0.0},{"damage_healed":0.0,"max_hp_gain":0.0,"max_hp_loss":0.0,"gold_gain":0.0,"event_name":"Mysterious Sphere","player_choice":"Fight","floor":46.0,"gold_loss":0.0,"damage_taken":0.0}],"is_beta":false,"boss_relics":[{"not_picked":["Sozu","Fusion Hammer"],"picked":"HoveringKite"},{"not_picked":["Coffee Dripper","SlaversCollar"],"picked":"Busted Crown"}],"items_purged_floors":[15,19,45],"is_endless":false,"potions_floor_spawned":[4,8,13,18,20,41,47,48,54],"ascension_level":3}}