{"host":"7qf1todfnxspvw7w","time":1610153826,"event":{"mods":["AchievementEnabler","BaseMod","Block Reminder","Colored Powertips","Disable Question Mark Monsters","Displayed Cursed Tome","Googly Eyes","Minty Spire (QoL Compilation)","Poor People Problems","Rare Cards Sparkle","Relic Stats","Reorder Act Four","SacredBarkPlus","StSLib","Uncapped"],"gold_per_floor":[110,110,110,122,122,122,141,66,90,117,117,17,30,47,47,47,47],"floor_reached":16,"playtime":271,"items_purged":["Decay","Strike_R"],"score":90,"play_id":"bf6c11ea-1e53-434c-9fa6-3d3fabd859cb","local_time":"20210109035706","is_ascension_mode":false,"campfire_choices":[{"data":"Bash","floor":6,"key":"SMITH"},{"data":"Shrug It Off","floor":11,"key":"SMITH"},{"floor":15,"key":"REST"}],"circlet_count":0,"master_deck":["Strike_R","Strike_R","Strike_R","Strike_R","Defend_R","Defend_R","Defend_R","Defend_R","Bash+1","Shrug It Off+1"],"relics":["Burning Blood","Pen Nib","NlothsMask","Odd Mushroom"],"acts_visited":["Exordium"],"potions_floor_usage":[16,16,16],"damage_taken":[{"damage":2,"enemies":"Small Slimes","floor":1,"turns":4},{"damage":0,"enemies":"2 Louse","floor":4,"turns":2},{"damage":6,"enemies":"Cultist","floor":7,"turns":3},{"damage":37,"enemies":"The Mushroom Lair","floor":10,"turns":5},{"damage":0,"enemies":"Exordium Wildlife","floor":13,"turns":4},{"damage":16,"enemies":"Red Slaver","floor":14,"turns":3},{"damage":81,"enemies":"Slime Boss","floor":16,"turns":10}],"seed_played":"-7867957471566985708","potions_obtained":[{"floor":1,"key":"Swift Potion"},{"floor":4,"key":"PowerPotion"},{"floor":7,"key":"Block Potion"}],"is_trial":false,"path_per_floor":["M","?","?","M","?","R","M","$","T","?","R","$","M","M","R","B"],"character_chosen":"IRONCLAD","items_purchased":[],"campfire_rested":1,"item_purchase_floors":[],"current_hp_per_floor":[80,85,85,85,85,85,85,85,85,54,54,54,60,50,75,0,0],"gold":47,"neow_bonus":"RANDOM_COMMON_RELIC","is_daily":false,"chose_seed":false,"campfire_upgraded":2,"win_rate":0.0,"timestamp":1610153826,"path_taken":["M","?","?","?","?","R","?","?","T","?","R","$","M","M","R","BOSS"],"items_purchased_type":[],"build_version":"2020-12-22","purchased_purges":2,"victory":false,"max_hp_per_floor":[80,85,85,85,85,85,85,85,85,85,85,85,85,85,85,85,85],"relic_stats":{"counters":[7,31],"Pen Nib":[5],"obtain_stats":[{"Pen Nib":0,"Odd Mushroom":10,"Burning Blood":0,"NlothsMask":3},{"Pen Nib":0,"Odd Mushroom":4,"Burning Blood":0,"NlothsMask":1},{"Pen Nib":0,"Odd Mushroom":14,"Burning Blood":0,"NlothsMask":4}],"Burning Blood":26},"card_choices":[{"not_picked":["Sentinel","Body Slam"],"picked":"Shrug It Off","floor":1},{"not_picked":["Perfected Strike","Sentinel","Rupture"],"picked":"SKIP","floor":4},{"not_picked":["Rage","Fire Breathing","Cleave"],"picked":"SKIP","floor":7},{"not_picked":["Armaments","Warcry","Anger"],"picked":"SKIP","floor":13},{"not_picked":["Reckless Charge","Wild Strike","Clothesline"],"picked":"SKIP","floor":14}],"player_experience":500649,"relics_obtained":[{"floor":10,"key":"Odd Mushroom"}],"event_choices":[{"damage_healed":0,"gold_gain":0,"player_choice":"Donut","damage_taken":0,"max_hp_gain":5,"max_hp_loss":0,"event_name":"Big Fish","floor":2,"gold_loss":0},{"damage_healed":0,"gold_gain":0,"player_choice":"Trade","damage_taken":0,"relics_obtained":["NlothsMask"],"max_hp_gain":0,"max_hp_loss":0,"event_name":"FaceTrader","floor":3,"gold_loss":0},{"damage_healed":0,"gold_gain":0,"player_choice":"Cursed","damage_taken":0,"max_hp_gain":0,"max_hp_loss":0,"event_name":"Wheel of Change","floor":5,"gold_loss":0,"cards_obtained":["Decay"]},{"damage_healed":0,"gold_gain":0,"player_choice":"Fought Mushrooms","damage_taken":0,"max_hp_gain":0,"max_hp_loss":0,"event_name":"Mushrooms","floor":10,"gold_loss":0}],"is_beta":false,"boss_relics":[],"items_purged_floors":[8,12],"is_endless":false,"potions_floor_spawned":[1,4,7,13],"killed_by":"Slime Boss","ascension_level":0}}