{"host":"t7mx8yfj1no5p62f","time":1610159058,"event":{"mods":["BaseMod","Colored Map","Colored Powertips","Minty Spire (QoL Compilation)","Relic Stats","StSLib"],"gold_per_floor":[117,134,134,134,152,152,181,181,255,273,273,293,293,323,323,323,323],"floor_reached":16,"playtime":321,"items_purged":[],"score":270,"play_id":"aa6f1df7-ba39-4235-b194-74711e45d2b0","local_time":"20210108212418","is_ascension_mode":true,"campfire_choices":[{"data":"All Out Attack","floor":6.0,"key":"SMITH"},{"data":"Neutralize","floor":8.0,"key":"SMITH"},{"data":"Survivor","floor":11.0,"key":"SMITH"},{"data":"Slice","floor":13.0,"key":"SMITH"},{"data":"Dash","floor":15,"key":"SMITH"}],"circlet_count":0,"master_deck":["AscendersBane","Strike_G","Strike_G","Strike_G","Strike_G","Strike_G","Defend_G","Defend_G","Defend_G","Defend_G","Defend_G","Survivor+1","Neutralize+1","Slice+1","Dagger Spray+1","All Out Attack+1","Deadly Poison+1","Dash+1"],"relics":["Ring of the Snake","Akabeko","Toxic Egg 2","Frozen Egg 2"],"acts_visited":["Exordium"],"potions_floor_usage":[],"damage_taken":[{"damage":1.0,"enemies":"Cultist","floor":1.0,"turns":5.0},{"damage":2.0,"enemies":"2 Louse","floor":2.0,"turns":3.0},{"damage":0.0,"enemies":"Small Slimes","floor":5.0,"turns":2.0},{"damage":23.0,"enemies":"Lagavulin","floor":7.0,"turns":8.0},{"damage":0.0,"enemies":"2 Fungi Beasts","floor":10.0,"turns":2.0},{"damage":3.0,"enemies":"Blue Slaver","floor":12.0,"turns":2.0},{"damage":0,"enemies":"3 Sentries","floor":14,"turns":2},{"damage":37,"enemies":"Hexaghost","floor":16,"turns":9}],"seed_played":"8656100170109557246","potions_obtained":[{"floor":1.0,"key":"LiquidMemories"},{"floor":5.0,"key":"Swift Potion"}],"is_trial":false,"path_per_floor":["M","M","?","?","M","R","E","R","T","M","R","M","R","E","R","B"],"character_chosen":"THE_SILENT","items_purchased":[],"campfire_rested":0,"item_purchase_floors":[],"current_hp_per_floor":[64,62,62,62,62,62,39,39,39,39,39,36,36,36,36,0,0],"gold":323,"neow_bonus":"TEN_PERCENT_HP_BONUS","is_daily":false,"chose_seed":false,"campfire_upgraded":5,"win_rate":0.0,"timestamp":1610159058,"path_taken":["M","M","?","?","M","R","E","R","T","?","R","?","R","E","R","BOSS"],"items_purchased_type":[],"build_version":"2020-12-22","purchased_purges":0,"victory":false,"max_hp_per_floor":[72,72,72,72,72,72,72,72,72,72,72,72,72,72,72,72,72],"relic_stats":{"counters":[8,33],"obtain_stats":[{"Toxic Egg 2":9,"Frozen Egg 2":14,"Akabeko":7,"Ring of the Snake":0},{"Toxic Egg 2":4,"Frozen Egg 2":7,"Akabeko":4,"Ring of the Snake":0},{"Toxic Egg 2":18,"Frozen Egg 2":24,"Akabeko":18,"Ring of the Snake":0}],"Ring of the Snake":[16]},"card_choices":[{"not_picked":["Blur","Deflect"],"picked":"Slice","floor":1.0},{"not_picked":["Backflip","Prepared"],"picked":"Dagger Spray","floor":2.0},{"not_picked":["Setup","Quick Slash"],"picked":"All Out Attack","floor":5.0},{"not_picked":["Prepared","Masterful Stab","Dagger Throw"],"picked":"SKIP","floor":7.0},{"not_picked":["Flying Knee","Setup+1","Dagger Throw"],"picked":"SKIP","floor":10.0},{"not_picked":["Well Laid Plans","Sucker Punch"],"picked":"Deadly Poison+1","floor":12.0},{"not_picked":["Masterful Stab","Calculated Gamble+1"],"picked":"Dash","floor":14}],"player_experience":1691075,"relics_obtained":[{"floor":7.0,"key":"Akabeko"},{"floor":9.0,"key":"Toxic Egg 2"},{"floor":14,"key":"Frozen Egg 2"}],"event_choices":[{"damage_healed":0.0,"max_hp_gain":0.0,"max_hp_loss":0.0,"gold_gain":0.0,"event_name":"Living Wall","player_choice":"Grow","floor":3.0,"gold_loss":0.0,"damage_taken":0.0,"cards_upgraded":["Dagger Spray"]},{"damage_healed":0.0,"max_hp_gain":0.0,"max_hp_loss":0.0,"gold_gain":0.0,"event_name":"FaceTrader","player_choice":"Leave","floor":4.0,"gold_loss":0.0,"damage_taken":0.0}],"is_beta":false,"boss_relics":[],"items_purged_floors":[],"is_endless":false,"potions_floor_spawned":[1,5],"killed_by":"Hexaghost","ascension_level":20}}