{"host":"Qube","time":1610217644,"event":{"mods":["AchievementEnabler","BaseMod","Colored Map","Colored Powertips","Minty Spire (QoL Compilation)","Quick Restart","Random Character Button","StSLib"],"gold_per_floor":[16,28,48,67,83,83,116,116,116,116,144,155,155,185,185,259,259,276,289,204,224,224,224,224],"floor_reached":23,"playtime":867,"items_purged":[],"score":421,"play_id":"d8fb69b5-8a9a-4561-bad6-73d3f181598e","local_time":"20210109104044","is_ascension_mode":true,"campfire_choices":[{"data":"Melter","floor":6.0,"key":"SMITH"},{"floor":8.0,"key":"REST"},{"data":"Zap","floor":10.0,"key":"SMITH"},{"floor":15.0,"key":"REST"}],"circlet_count":0,"master_deck":["AscendersBane","Defend_B","Defend_B","Defend_B","Zap+1","Dualcast","Capacitor","Skim","Ball Lightning","Lockon","Cold Snap","Melter+1","Leap","Hologram","Electrodynamics","Glacier","Bite","Bite","Bite","Bite","Bite"],"relics":["Cracked Core","Blue Candle","Cables","Boot","Velvet Choker","Torii"],"acts_visited":["Exordium","TheCity"],"potions_floor_usage":[21],"damage_taken":[{"damage":7.0,"enemies":"Cultist","floor":1.0,"turns":4.0},{"damage":4.0,"enemies":"Jaw Worm","floor":2.0,"turns":4.0},{"damage":2.0,"enemies":"2 Louse","floor":3.0,"turns":3.0},{"damage":8.0,"enemies":"Blue Slaver","floor":4.0,"turns":3.0},{"damage":1.0,"enemies":"2 Fungi Beasts","floor":5.0,"turns":2.0},{"damage":16.0,"enemies":"Lagavulin","floor":7.0,"turns":6.0},{"damage":32.0,"enemies":"3 Sentries","floor":11.0,"turns":8.0},{"damage":7.0,"enemies":"Looter","floor":12.0,"turns":3.0},{"damage":19.0,"enemies":"Slime Boss","floor":16.0,"turns":7.0},{"damage":0.0,"enemies":"Spheric Guardian","floor":18.0,"turns":1.0},{"damage":9.0,"enemies":"Shell Parasite","floor":19.0,"turns":5.0},{"damage":11,"enemies":"Snecko","floor":21,"turns":5},{"damage":53,"enemies":"Gremlin Leader","floor":23,"turns":2}],"seed_played":"7968658767822219434","potions_obtained":[{"floor":1.0,"key":"DistilledChaos"},{"floor":3.0,"key":"Energy Potion"},{"floor":5.0,"key":"Energy Potion"},{"floor":7.0,"key":"Ancient Potion"},{"floor":16.0,"key":"GamblersBrew"}],"is_trial":false,"path_per_floor":["M","M","M","M","M","R","E","R","T","R","E","M","?","?","R","B",null,"M","M","?","M","?","E"],"character_chosen":"DEFECT","items_purchased":[],"campfire_rested":2,"item_purchase_floors":[],"current_hp_per_floor":[57,53,51,43,42,42,26,47,47,47,15,8,3,3,24,5,55,55,46,46,35,35,0,0],"gold":224,"neow_bonus":"TRANSFORM_TWO_CARDS","is_daily":false,"chose_seed":false,"campfire_upgraded":2,"win_rate":0.0,"timestamp":1610217644,"path_taken":["M","M","M","?","M","R","E","R","T","R","E","M","?","?","R","BOSS","M","M","?","M","?","E"],"items_purchased_type":[],"build_version":"2020-12-18","purchased_purges":0,"victory":false,"max_hp_per_floor":[71,71,71,71,71,71,71,71,71,71,71,71,71,71,71,71,71,71,71,71,71,49,49,49],"card_choices":[{"not_picked":["Skim","Turbo","Double Energy"],"picked":"SKIP","floor":1.0},{"not_picked":["Sweeping Beam","Recycle"],"picked":"Ball Lightning","floor":2.0},{"not_picked":["Conserve Battery","Barrage"],"picked":"Lockon","floor":3.0},{"not_picked":["Rebound","Coolheaded"],"picked":"Cold Snap","floor":4.0},{"not_picked":["Beam Cell","Rebound"],"picked":"Melter","floor":5.0},{"not_picked":["Turbo","Amplify"],"picked":"Leap","floor":7.0},{"not_picked":["Redo","Force Field","Chaos"],"picked":"SKIP","floor":11.0},{"not_picked":["Streamline","Compile Driver"],"picked":"Hologram","floor":12.0},{"not_picked":["All For One","Rainbow"],"picked":"Electrodynamics","floor":16.0},{"not_picked":["Fusion","Turbo"],"picked":"Glacier","floor":18.0},{"not_picked":["Hologram","Compile Driver","Skim"],"picked":"SKIP","floor":19.0},{"not_picked":["Conserve Battery","Hello World","Darkness"],"picked":"SKIP","floor":21}],"player_experience":858825,"relics_obtained":[{"floor":7.0,"key":"Blue Candle"},{"floor":9.0,"key":"Cables"},{"floor":11.0,"key":"Boot"}],"event_choices":[{"damage_healed":0.0,"max_hp_gain":0.0,"max_hp_loss":0.0,"gold_gain":0.0,"event_name":"Scrap Ooze","player_choice":"Fled","floor":13.0,"gold_loss":0.0,"damage_taken":5.0},{"damage_healed":0.0,"max_hp_gain":0.0,"max_hp_loss":0.0,"gold_gain":30.0,"event_name":"Dead Adventurer","player_choice":"Searched \u00271\u0027 times","floor":14.0,"gold_loss":0.0,"damage_taken":0.0},{"damage_healed":0.0,"max_hp_gain":0.0,"max_hp_loss":0.0,"gold_gain":0.0,"event_name":"Addict","player_choice":"Obtained Relic","floor":20.0,"gold_loss":85.0,"damage_taken":0.0,"relics_obtained":["Torii"]},{"damage_healed":0,"gold_gain":0,"player_choice":"Became a vampire","damage_taken":0,"max_hp_gain":0,"max_hp_loss":22,"event_name":"Vampires","floor":22,"gold_loss":0,"cards_obtained":["Bite","Bite","Bite","Bite","Bite"]}],"is_beta":true,"boss_relics":[{"not_picked":["Empty Cage","Sozu"],"picked":"Velvet Choker"}],"items_purged_floors":[],"is_endless":false,"potions_floor_spawned":[1,3,5,7,16],"killed_by":"Gremlin Leader","ascension_level":19}}