{"host":"gafwejejal4v72m6","time":1610215384,"event":{"mods":["Aspiration","BaseMod","BetterRewards","Clockwork Mod","Conspire","Downfall","Googly Eyes","Hermit","Hubris","Minty Spire (QoL Compilation)","Rare Cards Sparkle","Shop Mod","StSLib","The Necromancer"],"gold_per_floor":[113,130,130,145,145,171,55,74,74,101,101,132,147,164,164,269,269,287,308,329,249,309,319,319],"floor_reached":23,"playtime":2221,"items_purged":[],"score":262,"play_id":"9f836d6f-afa2-4e71-a2a3-af9f7d57ae82","local_time":"20210110010304","is_ascension_mode":true,"campfire_choices":[{"floor":11,"key":"REST"},{"floor":15,"key":"REST"}],"circlet_count":0,"master_deck":["hermit:Strike_Hermit","hermit:Strike_Hermit","hermit:Strike_Hermit","hermit:Strike_Hermit","hermit:Defend_Hermit","hermit:Defend_Hermit","hermit:Defend_Hermit","hermit:Defend_Hermit","hermit:Snapshot","hermit:Covet","hermit:Dive","hermit:Showdown+1","hermit:Combo","hermit:FlashPowder","hermit:Deadeye","hermit:Glare","hermit:Dive","hermit:Vantage","hermit:Scavenge","hermit:Enervate","hermit:Reprieve","hermit:TakeAim","hermit:Scavenge"],"relics":["hermit:Momento","aspiration:DSix","Anchor","Blood Vial","hubris:Potato","hubris:GrandSneckoEye","Red Mask"],"acts_visited":["TheCity"],"potions_floor_usage":[20,22],"damage_taken":[{"damage":0.0,"enemies":"Cultist","floor":1.0,"turns":5.0},{"damage":10.0,"enemies":"conspire:RoseBush","floor":2.0,"turns":3.0},{"damage":7,"enemies":"Jaw Worm","floor":4,"turns":3},{"damage":24,"enemies":"3 Sentries","floor":6,"turns":9},{"damage":10,"enemies":"Lots of Slimes","floor":8,"turns":5},{"damage":0,"enemies":"Lagavulin","floor":10,"turns":10},{"damage":13,"enemies":"3 Sentries","floor":12,"turns":10},{"damage":0,"enemies":"Blue Slaver","floor":13,"turns":4},{"damage":0,"enemies":"2 Fungi Beasts","floor":14,"turns":3},{"damage":14,"enemies":"The Guardian","floor":16,"turns":14},{"damage":4,"enemies":"Shell Parasite","floor":18,"turns":4},{"damage":11,"enemies":"Spheric Guardian","floor":19,"turns":5},{"damage":10,"enemies":"Chosen and Byrds","floor":20,"turns":7},{"damage":44,"enemies":"Masked Bandits","floor":22,"turns":7},{"damage":11,"enemies":"conspire:SneckoGhost","floor":23,"turns":4}],"seed_played":"-1808412222527873756","potions_obtained":[{"floor":4,"key":"SpeedPotion"},{"floor":8,"key":"SkillPotion"},{"floor":10,"key":"SpeedPotion"},{"floor":12,"key":"hermit:BlackBile"},{"floor":20,"key":"Ancient Potion"},{"floor":22,"key":"Guardian:BlockOnCardUsePotion"}],"is_trial":false,"path_per_floor":["M","M","?","M","?","E","$","M","T","E","R","E","M","M","R","B",null,"M","M","M","$","?","E"],"character_chosen":"HERMIT","items_purchased":["hermit:Deadeye","hermit:Glare","hermit:Scavenge"],"campfire_rested":2,"item_purchase_floors":[7,7,21],"current_hp_per_floor":[75,65,65,58,58,34,34,24,24,24,46,35,37,39,61,49,75,71,62,54,54,12,3,3],"gold":319,"neow_bonus":"DSIX","is_daily":false,"chose_seed":false,"campfire_upgraded":0,"win_rate":0.0,"timestamp":1610215384,"path_taken":["M","?","?","M","?","E","$","?","T","E","R","E","M","M","R","BOSS","M","M","M","$","?","E"],"items_purchased_type":["Card","Card","Card"],"build_version":"2020-12-22","purchased_purges":0,"victory":false,"max_hp_per_floor":[75,75,75,75,75,75,75,75,75,75,75,75,75,75,75,75,75,75,75,75,75,75,75,75],"card_choices":[{"not_picked":["hermit:LowProfile","hermit:PistolWhip"],"picked":"hermit:Dive","floor":1.0},{"not_picked":["hermit:BigShot","hermit:LowProfile"],"picked":"hermit:Showdown","floor":2.0},{"not_picked":["hermit:Headshot","hermit:SprayPray"],"picked":"hermit:Combo","floor":4},{"not_picked":["hermit:OverwhelmingPower","hermit:TakeAim"],"picked":"hermit:FlashPowder","floor":6},{"not_picked":["hermit:Manifest","hermit:HighCaliber"],"picked":"hermit:Dive","floor":8},{"not_picked":["hermit:BigShot","hermit:Brawl"],"picked":"hermit:Vantage","floor":10},{"not_picked":["hermit:Quickdraw","hermit:Midnight"],"picked":"hermit:Scavenge","floor":12},{"not_picked":["hermit:GoldenBullet","hermit:TrackingShot"],"picked":"hermit:Enervate","floor":13},{"not_picked":["hermit:Roulette","hermit:FullyLoaded","hermit:Vantage"],"picked":"SKIP","floor":14},{"not_picked":["hermit:FinalCanter","hermit:HeroicBravado"],"picked":"hermit:Reprieve","floor":16},{"not_picked":["hermit:Headshot+1","hermit:Showdown","hermit:Midnight+1"],"picked":"SKIP","floor":18},{"not_picked":["hermit:Manifest","hermit:CalledShot","hermit:HoleUp"],"picked":"SKIP","floor":19},{"not_picked":["hermit:ItchyTrigger","hermit:HoleUp"],"picked":"hermit:TakeAim","floor":20}],"player_experience":52449,"relics_obtained":[{"floor":6,"key":"Anchor"},{"floor":10,"key":"Blood Vial"},{"floor":12,"key":"hubris:Potato"},{"floor":22,"key":"Red Mask"}],"event_choices":[{"damage_healed":0,"gold_gain":0,"player_choice":"Disagree","damage_taken":0,"max_hp_gain":0,"max_hp_loss":0,"event_name":"conspire:LoneGhost","floor":3,"gold_loss":0},{"damage_healed":0,"gold_gain":0,"player_choice":"Upgraded","damage_taken":0,"max_hp_gain":0,"max_hp_loss":0,"event_name":"Upgrade Shrine","floor":5,"gold_loss":0,"cards_upgraded":["hermit:Showdown"]},{"damage_healed":0,"gold_gain":0,"player_choice":"Fought Bandits","damage_taken":0,"max_hp_gain":0,"max_hp_loss":0,"event_name":"Masked Bandits","floor":22,"gold_loss":0}],"is_beta":false,"boss_relics":[{"not_picked":["Snecko Eye","Calling Bell"],"picked":"hubris:GrandSneckoEye"}],"items_purged_floors":[],"is_endless":false,"potions_floor_spawned":[4,8,10,12,13,19,20,22],"killed_by":"conspire:SneckoGhost","ascension_level":2}}