{"host":"exyz3r55z4kt6m9o","time":1610187422,"event":{"mods":["100% Spire Juice","2.2 Compatiblity","AchievementEnabler","Aspiration","BaseMod","Better Altar","Better Match","Better Note","Better Sensory Stone","Better Skull","Better Third Choice","BetterRewards","Colored Powertips","Energized Spire","Friendly Minions","GifTheSpireLib","Infinite Spire","Ironclad Rager","Jorbs\u0027s Wanderer Trilogy","Luminous","Marisa????????","Minty Spire (QoL Compilation)","Permanent Neow","Poor People Problems","Rare Cards Sparkle","Reimu??????","Relic Filter","Replay The Spire","Spicy Shops","StSLib","The Bladedancer","The Blue Laboratory","The Gatherer","The Hayseed","The Mystic","The Runesmith","Wandering Minibosses","yUi"],"gold_per_floor":[110,110,110,110,110,110,143,143,143,176,188,216,242,282,294,409,421,448,320,339,350,350,383,402,433,433,433,462,481,481,481,481,612,612,663,713,776,803,872,954,1027,1027,1027,1112,1112,1216,1305,1305,1305,1495,1495,1597,669,727,792,792,792,887,946,946,946,512,581,581,634,634,785,785,848,388,435,435,475,475,547,547,547,624,689,735,613,677,677,828,828,899,638,638,696,758,844,844,939,966,1073,1073,1179,1179],"floor_reached":97,"playtime":4715,"items_purged":["Runesmith:Strike_RS","Runesmith:Strike_RS","Runesmith:Strike_RS","Runesmith:Strike_RS","Runesmith:Defend_RS","Runesmith:Defend_RS","Runesmith:Defend_RS","Runesmith:Attraction","Runesmith:ChiselStab","Runesmith:PerfectChisel","Runesmith:EarthShield","Runesmith:CraftFirestone+1","Runesmith:Attraction+1","Runesmith:MetallurgicalResearch+1"],"score":3238,"play_id":"0ea2ad41-9f20-4c36-a838-05bd6ad65d19","local_time":"20210109051702","is_ascension_mode":true,"campfire_choices":[{"data":"Runesmith:Grindstone","floor":6,"key":"SMITH"},{"floor":8,"key":"REST"},{"data":"Runesmith:Permafrost","floor":15,"key":"SMITH"},{"floor":30,"key":"REST"},{"floor":32,"key":"REST"},{"data":"Runesmith:MetallurgicalResearch","floor":42,"key":"SMITH"},{"data":"Runesmith:LithiumIon","floor":49,"key":"SMITH"},{"data":"Runesmith:PoweredAnvil","floor":57,"key":"SMITH"},{"data":"Runesmith:PoweredAnvil","floor":64,"key":"SMITH"},{"data":"Runesmith:Fortify","floor":66,"key":"SMITH"},{"data":"Runesmith:GoWithTheFlow","floor":74,"key":"SMITH"},{"data":"Runesmith:CraftMagma","floor":76,"key":"SMITH"},{"data":"Runesmith:PoweredAnvil","floor":83,"key":"SMITH"},{"data":"Runesmith:LithiumIon","floor":92,"key":"SMITH"},{"data":"Runesmith:CreatorForm","floor":96,"key":"SMITH"}],"circlet_count":0,"master_deck":["Runesmith:Fortify+1","Runesmith:GoWithTheFlow+1","Runesmith:LithiumIon+1","Runesmith:PoweredAnvil+1","Runesmith:Permafrost+1","Runesmith:Grindstone+1","Runesmith:GoWithTheFlow+1","Runesmith:PerfectChisel+1","Runesmith:CraftIncendium+1","Runesmith:PoweredAnvil+1","Runesmith:RuneHurl+1","Runesmith:RuneHurl+1","Runesmith:EarthShield+1","Runesmith:CreatorForm+1","Runesmith:CraftMagma+1","Runesmith:CraftMagma+1","Runesmith:PoweredAnvil+1","Runesmith:LithiumIon+1"],"relics":["Runesmith:BrokenRuby","aspiration:HatOfInfinitePower","Potion Belt","Replay:Baseball","BargainBundle","ClockworkSouvenir","MealTicket","Replay:Rubber Ducky","Replay:Wax Seal","infinitespire:FocusingShard","Anchor","Bottled Tornado","The Courier","MawBank","Replay:WaspNest","infinitespire:Cupcake","wanderingMiniBosses:CarrionFlame","Whetstone","Pondfish Scales","Snack Pack","infinitespire:Eraser","energizedSpire:OgreHead","infinitespire:EvilPickle","energizedSpire:MagnifyingGlass","CaptainsWheel","Bag of Marbles","Replay:Bottled Flurry","infinitespire:Bottled Soul","SlaversCollar","Replay:Bandana","Unceasing Top","Lee\u0027s Waffle","ReplayFunnel","Regal Pillow","Calipers","Blue Candle","Prayer Wheel","Runesmith:MiniCore","Medical Kit","infinitespire:Joker Card","aspiration:PoetsPen","Oddly Smooth Stone","Mirror","Replay:Bottled Eggs","Membership Card","Singing Bowl","Pear","PureWhite:ReiMu","War Paint","Bronze Scales","PreservedInsect","Vajra","Ice Cream"],"acts_visited":["Exordium","TheCity","TheBeyond","Exordium","TheCity","TheBeyond"],"potions_floor_usage":[16,25,25,28,28,28,33,40,47,50,50,58,67,73,75,75,97,97],"damage_taken":[{"damage":6,"enemies":"Small Slimes","floor":1,"turns":3},{"damage":0,"enemies":"3 Sentries","floor":7,"turns":10},{"damage":0,"enemies":"Replay:BlueRogue","floor":10,"turns":6},{"damage":0,"enemies":"2 Louse","floor":12,"turns":3},{"damage":0,"enemies":"Jaw Worm","floor":13,"turns":3},{"damage":4,"enemies":"Gremlin Nob","floor":14,"turns":5},{"damage":14,"enemies":"The Guardian","floor":16,"turns":7},{"damage":5,"enemies":"3 Byrds","floor":18,"turns":4},{"damage":0,"enemies":"Shell Parasite","floor":20,"turns":5},{"damage":15,"enemies":"3 Cultists","floor":21,"turns":8},{"damage":6,"enemies":"Replay:Snechameleon","floor":23,"turns":4},{"damage":23,"enemies":"Snake Plant","floor":24,"turns":4},{"damage":0,"enemies":"Book of Stabbing","floor":25,"turns":5},{"damage":15,"enemies":"Nightmare","floor":28,"turns":6},{"damage":0,"enemies":"Cultist and Chosen","floor":29,"turns":4},{"damage":1,"enemies":"Pondfish","floor":33,"turns":5},{"damage":0,"enemies":"3 Shapes","floor":35,"turns":3},{"damage":12,"enemies":"Mind Bloom Boss Battle","floor":36,"turns":5},{"damage":0,"enemies":"Orb Walker","floor":37,"turns":3},{"damage":1,"enemies":"Jaw Worm Horde","floor":39,"turns":4},{"damage":25,"enemies":"Reptomancer","floor":40,"turns":4},{"damage":5,"enemies":"Sphere and 2 Shapes","floor":41,"turns":4},{"damage":8,"enemies":"3 Darklings","floor":44,"turns":3},{"damage":0,"enemies":"R_Hoarder","floor":46,"turns":5},{"damage":1,"enemies":"Transient","floor":47,"turns":5},{"damage":9,"enemies":"infinitespire:MassOfShapes","floor":50,"turns":9},{"damage":0,"enemies":"2 Louse","floor":52,"turns":2},{"damage":0,"enemies":"Jaw Worm","floor":54,"turns":2},{"damage":0,"enemies":"Small Slimes","floor":55,"turns":2},{"damage":0,"enemies":"Gremlin Nob","floor":58,"turns":3},{"damage":0,"enemies":"3 Sentries","floor":63,"turns":2},{"damage":0,"enemies":"Gremlin Gang","floor":65,"turns":3},{"damage":0,"enemies":"The Guardian","floor":67,"turns":3},{"damage":0,"enemies":"2 Thieves","floor":69,"turns":2},{"damage":0,"enemies":"Spheric Guardian","floor":71,"turns":2},{"damage":0,"enemies":"Snecko","floor":73,"turns":2},{"damage":0,"enemies":"Book of Stabbing","floor":75,"turns":3},{"damage":0,"enemies":"Replay:Snechameleon","floor":78,"turns":2},{"damage":0,"enemies":"Cultist and Chosen","floor":79,"turns":2},{"damage":0,"enemies":"Sentry and Sphere","floor":80,"turns":2},{"damage":0,"enemies":"3 Cultists","floor":82,"turns":2},{"damage":0,"enemies":"Automaton","floor":84,"turns":3},{"damage":1,"enemies":"3 Shapes","floor":86,"turns":2},{"damage":0,"enemies":"Mind Bloom Boss Battle","floor":89,"turns":3},{"damage":0,"enemies":"Orb Walker","floor":90,"turns":2},{"damage":0,"enemies":"Nemesis","floor":91,"turns":2},{"damage":0,"enemies":"R_Hoarder","floor":93,"turns":6},{"damage":0,"enemies":"Giant Head","floor":95,"turns":3},{"damage":0,"enemies":"infinitespire:Three Voidlings","floor":97,"turns":2},{"damage":0,"enemies":"Nightmare_Alpha","floor":97,"turns":5}],"seed_played":"-1979762035880681616","potions_obtained":[{"floor":7,"key":"blueLaboratory:BottledHope"},{"floor":10,"key":"Explosive Potion"},{"floor":12,"key":"Strength Potion"},{"floor":20,"key":"blueLaboratory:NullPotion"},{"floor":21,"key":"blueLaboratory:TrueEctoplasm"},{"floor":25,"key":"blueLaboratory:BottledHope"},{"floor":28,"key":"Venom Potion"},{"floor":29,"key":"blueLaboratory:HorrorPotion"},{"floor":33,"key":"blueLaboratory:AbyssPotion"},{"floor":37,"key":"SkillPotion"},{"floor":39,"key":"GrandPatriotsElixir:ReiMu"},{"floor":46,"key":"blueLaboratory:FrostheartPotion"},{"floor":47,"key":"Strength Potion"},{"floor":50,"key":"DistilledChaos"},{"floor":54,"key":"Toxic Potion"},{"floor":58,"key":"Energy Potion"},{"floor":71,"key":"Strength Potion"},{"floor":73,"key":"Toxic Potion"},{"floor":78,"key":"Strength Potion"},{"floor":79,"key":"ZuzhouPotion:ReiMu"},{"floor":97,"key":"Dexterity Potion"}],"is_trial":false,"path_per_floor":["M","?","?","?","$","R","E","R","T","E","$","M","M","E","R","B",null,"M","$","M","M","?","E","M","E","T","?","NM","M","R","AVR","R","B",null,"M","?","M","T","M","E","M","R","T","M","AVR","E","M","?","R","B",null,"M","$","M","M","?","R","E","?","T","AVR","$","E","R","M","R","B",null,"M","$","M","AVR","M","R","E","R","T","E","M","M","$","M","R","B",null,"M","$","?","?","M","E","R","E","T","E","R","?"],"character_chosen":"RUNESMITH_CLASS","items_purchased":["aspiration:HatOfInfinitePower","Runesmith:GoWithTheFlow","Potion Belt","Runesmith:LithiumIon","Runesmith:PoweredAnvil","Runesmith:PerfectChisel","Replay:Baseball","BargainBundle","ClockworkSouvenir","MealTicket","Replay:Rubber Ducky","Replay:Wax Seal","infinitespire:FocusingShard","Runesmith:Permafrost","Runesmith:ChiselStab","Replay:Bandana","Unceasing Top","Lee\u0027s Waffle","ReplayFunnel","Runesmith:MiniCore","Medical Kit","Membership Card","Singing Bowl","Pear","Runesmith:LithiumIon"],"campfire_rested":3,"item_purchase_floors":[0,0,0,0,0,0,0,0,0,0,0,0,0,0,0,53,53,53,53,62,62,81,87,87,87],"current_hp_per_floor":[14,11,11,11,26,26,26,47,47,47,62,62,62,58,58,44,70,65,70,70,55,55,49,26,26,26,26,13,15,36,36,57,58,70,70,58,58,58,59,36,35,35,35,29,29,33,36,43,43,38,70,70,77,77,77,65,65,67,67,67,67,77,77,77,77,77,77,77,77,77,77,77,77,77,77,77,77,77,77,77,77,77,77,77,77,77,87,87,89,93,95,95,97,97,99,99,103,103],"gold":1179,"neow_bonus":"","is_daily":false,"chose_seed":false,"campfire_upgraded":12,"win_rate":0.0,"timestamp":1610187422,"path_taken":["M","?","?","?","$","R","E","R","T","E","$","M","M","E","R","BOSS","M","$","M","M","?","E","M","E","T","?","NM","M","R","AVR","R","BOSS","M","?","M","?","M","E","M","R","T","M","AVR","E","M","?","R","BOSS","M","$","M","M","?","R","E","?","T","AVR","?","E","R","M","R","BOSS","M","$","M","AVR","M","R","E","R","T","E","M","M","$","M","R","BOSS","M","$","?","?","?","E","R","E","T","E","R","?"],"items_purchased_type":["Relic","Card","Relic","Card","Card","Card","Relic","Relic","Relic","Relic","Relic","Relic","Relic","Card","Card","Relic","Relic","Relic","Relic","Relic","Relic","Relic","Relic","Relic","Card"],"build_version":"2020-12-22","purchased_purges":14,"victory":false,"max_hp_per_floor":[70,70,70,70,70,70,70,70,70,70,70,70,70,70,70,70,70,70,70,70,70,70,70,70,70,70,70,70,70,70,70,70,70,70,70,70,70,70,70,70,70,70,70,70,70,70,70,70,70,70,70,70,77,77,77,77,77,77,77,77,77,77,77,77,77,77,77,77,77,77,77,77,77,77,77,77,77,77,77,77,77,77,77,77,77,77,87,87,89,93,95,95,97,97,99,99,103,103],"card_choices":[{"not_picked":["Runesmith:HeatedChisel","Runesmith:StaticCage"],"picked":"Runesmith:Grindstone","floor":1},{"not_picked":["Runesmith:Repurpose","Runesmith:UnstableHammer"],"picked":"Runesmith:GoWithTheFlow","floor":7},{"not_picked":["Runesmith:DoubleUp","Runesmith:FrozenChisel","Runesmith:CraftIndustria"],"picked":"SKIP","floor":10},{"not_picked":["Runesmith:Repurpose","Runesmith:Superposition","Runesmith:Grindstone"],"picked":"SKIP","floor":12},{"not_picked":["Runesmith:ChaoticBlast","Runesmith:Superposition"],"picked":"Runesmith:PerfectChisel","floor":13},{"not_picked":["Runesmith:Firestorm","Runesmith:BackupBattery","Runesmith:CraftMagma"],"picked":"SKIP","floor":14},{"not_picked":["Runesmith:ChiselStab","Runesmith:WhiteBalance+1","Runesmith:Grindstone"],"picked":"SKIP","floor":18},{"not_picked":["Runesmith:EnergizedChisel","Runesmith:Malloc","Runesmith:HeatExchange+1"],"picked":"SKIP","floor":20},{"not_picked":["Runesmith:HeatExchange","Runesmith:HammerTime","Runesmith:Grindstone+1"],"picked":"SKIP","floor":21},{"not_picked":["Runesmith:Accelerate","Runesmith:CraftIndustria"],"picked":"Runesmith:Attraction","floor":23},{"not_picked":["Runesmith:Discharge","Runesmith:ShiftingStrike","Runesmith:UnstableHammer"],"picked":"SKIP","floor":24},{"not_picked":["Runesmith:GoWithTheFlow","Runesmith:Accelerate"],"picked":"Runesmith:CraftIncendium","floor":25},{"not_picked":["Runesmith:MakeshiftArmor","Runesmith:EarthShield"],"picked":"Runesmith:PoweredAnvil","floor":28},{"not_picked":["Runesmith:Overpower+1","Runesmith:MakeshiftArmor"],"picked":"Runesmith:Attraction+1","floor":29},{"not_picked":["Runesmith:GenerateForcefield","Runesmith:Supernova"],"picked":"Runesmith:MetallurgicalResearch","floor":33},{"not_picked":["Runesmith:EnergizedChisel+1","Runesmith:ShiftingStrike","Runesmith:PerfectChisel+1"],"picked":"SKIP","floor":35},{"not_picked":["Runesmith:ShiftingStrike+1","Runesmith:Accelerate","Runesmith:HeatExchange+1"],"picked":"SKIP","floor":37},{"not_picked":["Runesmith:CraftMagma+1","Runesmith:CraftMedicinae"],"picked":"Runesmith:RuneHurl+1","floor":39},{"not_picked":["Runesmith:Overpower","Runesmith:Discharge"],"picked":"Runesmith:RuneHurl+1","floor":40},{"not_picked":["Runesmith:Superposition+1","Runesmith:UnstableHammer+1","Runesmith:ChiselStab+1"],"picked":"SKIP","floor":41},{"not_picked":["Runesmith:Repurpose","Runesmith:ChaoticBlast+1"],"picked":"Runesmith:EarthShield","floor":44},{"not_picked":["Runesmith:Reinforce","Runesmith:Permafrost+1"],"picked":"Runesmith:EarthShield","floor":46},{"not_picked":["Runesmith:BackupBattery","Runesmith:HammerThrow","Runesmith:EarthShield+1"],"picked":"SKIP","floor":47},{"not_picked":["Runesmith:LightningRod","Runesmith:CraftMedicinae"],"picked":"Runesmith:CreatorForm","floor":50},{"not_picked":["Runesmith:EnergizedChisel","Runesmith:StaticCage","Runesmith:Grindstone"],"picked":"SKIP","floor":52},{"not_picked":["Runesmith:HeatedChisel","Runesmith:GenerateForcefield"],"picked":"Runesmith:CraftMagma","floor":54},{"not_picked":["Runesmith:Overpower","Runesmith:HeatedChisel","Runesmith:Accelerate"],"picked":"SKIP","floor":55},{"not_picked":["aspiration:UnbridledHammer","Runesmith:MetallurgicalResearch","Runesmith:Empowerment"],"picked":"SKIP","floor":58},{"not_picked":["Runesmith:HammerAndChisel","Runesmith:Terraform"],"picked":"Runesmith:CraftMagma","floor":63},{"not_picked":["Runesmith:EarthShield","Runesmith:Terraform","Runesmith:Malloc"],"picked":"SKIP","floor":65},{"not_picked":["Runesmith:ShiftingStrike","Runesmith:Augment","Runesmith:Overpower"],"picked":"SKIP","floor":65},{"not_picked":["Runesmith:EnergizedChisel","Runesmith:RuneHurl","Runesmith:HammerTime+1"],"picked":"SKIP","floor":69},{"not_picked":["Runesmith:HammerThrow","Runesmith:Overpower","Runesmith:CraftReservo"],"picked":"SKIP","floor":69},{"not_picked":["Runesmith:CraftPrismatica","Runesmith:HeatExchange","Runesmith:HeatedChisel"],"picked":"SKIP","floor":71},{"not_picked":["Runesmith:Permafrost","Runesmith:ShiftingStrike","Runesmith:EnergizedChisel"],"picked":"SKIP","floor":71},{"not_picked":["Runesmith:BackupBattery","Runesmith:HeatedChisel","Runesmith:Repurpose"],"picked":"SKIP","floor":73},{"not_picked":["Runesmith:HeatExchange","Runesmith:Repurpose","Runesmith:ChiselStab"],"picked":"SKIP","floor":73},{"not_picked":["Runesmith:EarthShield","Runesmith:UnstableHammer","Runesmith:MakeshiftArmor"],"picked":"SKIP","floor":75},{"not_picked":["Runesmith:CreatorForm","Runesmith:WhiteBalance","Runesmith:HammerAndChisel+1"],"picked":"SKIP","floor":78},{"not_picked":["Runesmith:BackupBattery+1","Runesmith:Repurpose","Runesmith:ElementalConversion"],"picked":"SKIP","floor":79},{"not_picked":["Runesmith:NegativeSpace","Runesmith:GoWithTheFlow","Runesmith:CraftVitae+1"],"picked":"SKIP","floor":79},{"not_picked":["Runesmith:HeatedChisel","Runesmith:CraftIncendium+1","Runesmith:HammerThrow+1"],"picked":"SKIP","floor":80},{"not_picked":["Runesmith:StaticCage","Runesmith:CraftMedicinae","Runesmith:Firewall+1"],"picked":"SKIP","floor":80},{"not_picked":["Runesmith:HeatExchange+1","Runesmith:HeatedChisel"],"picked":"Runesmith:PoweredAnvil","floor":82},{"not_picked":["Runesmith:Reinforce","Runesmith:Empowerment","Runesmith:FieryHammer"],"picked":"SKIP","floor":82},{"not_picked":["Runesmith:ChiselStab","Runesmith:RuneHurl+1","Runesmith:Empowerment"],"picked":"SKIP","floor":86},{"not_picked":["Runesmith:UnstableHammer+1","Runesmith:HeatedChisel+1","Runesmith:StaticCage"],"picked":"SKIP","floor":86},{"not_picked":["Runesmith:RuneHurl+1","Runesmith:Repurpose","Runesmith:CraftProtectio+1"],"picked":"Singing Bowl","floor":89},{"not_picked":["Runesmith:HammerThrow","Runesmith:Superposition","Runesmith:ChiselStab+1"],"picked":"Singing Bowl","floor":90},{"not_picked":["Runesmith:HammerThrow+1","Runesmith:Retool","aspiration:UnbridledHammer"],"picked":"Singing Bowl","floor":90},{"not_picked":["Runesmith:RuneHurl","Runesmith:CraftMagma+1","Runesmith:EnergizedChisel"],"picked":"Singing Bowl","floor":91},{"not_picked":["Runesmith:LightningRod","Runesmith:CraftReservo+1","Runesmith:HeatExchange+1"],"picked":"Singing Bowl","floor":93},{"not_picked":["Runesmith:WhiteBalance","Runesmith:ChiselStab","Runesmith:ElementalConversion+1"],"picked":"Singing Bowl","floor":95},{"not_picked":["infinitespire:NeuralNetwork","ReplayTheSpireMod:Echoes of Time","infinitespire:Starlight"],"picked":"Singing Bowl","floor":97},{"not_picked":["Runesmith:EarthShield+1","Runesmith:MakeshiftArmor","Runesmith:FrozenChisel"],"picked":"Singing Bowl","floor":97}],"player_experience":687794,"relics_obtained":[{"floor":7,"key":"Bottled Tornado"},{"floor":9,"key":"The Courier"},{"floor":10,"key":"MawBank"},{"floor":14,"key":"Replay:WaspNest"},{"floor":21,"key":"wanderingMiniBosses:CarrionFlame"},{"floor":23,"key":"Whetstone"},{"floor":25,"key":"Pondfish Scales"},{"floor":26,"key":"Snack Pack"},{"floor":28,"key":"infinitespire:Eraser"},{"floor":36,"key":"CaptainsWheel"},{"floor":40,"key":"Bag of Marbles"},{"floor":43,"key":"Replay:Bottled Flurry"},{"floor":46,"key":"infinitespire:Bottled Soul"},{"floor":58,"key":"Calipers"},{"floor":59,"key":"Blue Candle"},{"floor":60,"key":"Prayer Wheel"},{"floor":63,"key":"infinitespire:Joker Card"},{"floor":75,"key":"Oddly Smooth Stone"},{"floor":77,"key":"Mirror"},{"floor":78,"key":"Replay:Bottled Eggs"},{"floor":89,"key":"PureWhite:ReiMu"},{"floor":91,"key":"War Paint"},{"floor":93,"key":"Bronze Scales"},{"floor":94,"key":"PreservedInsect"},{"floor":95,"key":"Vajra"},{"floor":97,"key":"Ice Cream"}],"event_choices":[{"damage_healed":0,"gold_gain":0,"player_choice":"Relic ","damage_taken":3,"max_hp_gain":0,"max_hp_loss":0,"event_name":"betterThird:BetterScrap","floor":2,"gold_loss":0,"cards_obtained":["Machine Learning"]},{"damage_healed":11,"gold_gain":0,"player_choice":"Leave","damage_taken":0,"max_hp_gain":0,"max_hp_loss":70,"event_name":"betterThird:BetterShining","floor":4,"gold_loss":0},{"damage_healed":0,"gold_gain":0,"player_choice":"Forge","damage_taken":0,"max_hp_gain":0,"max_hp_loss":0,"event_name":"Accursed Blacksmith","floor":22,"gold_loss":0,"cards_upgraded":["Runesmith:CraftFirestone"]},{"cards_removed":["Runesmith:Defend_RS"],"damage_healed":0,"gold_gain":0,"player_choice":"Purged","damage_taken":0,"max_hp_gain":0,"max_hp_loss":0,"event_name":"Purifier","floor":27,"gold_loss":0},{"damage_healed":0,"gold_gain":0,"player_choice":"Fight","damage_taken":0,"max_hp_gain":0,"max_hp_loss":0,"event_name":"MindBloom","floor":36,"gold_loss":0},{"damage_healed":0,"gold_gain":0,"player_choice":"Relic ","damage_taken":12,"max_hp_gain":0,"max_hp_loss":0,"event_name":"betterThird:BetterScrap","floor":56,"gold_loss":0,"cards_obtained":["Choke"]},{"damage_healed":0,"gold_gain":0,"player_choice":"Fight","damage_taken":0,"max_hp_gain":0,"max_hp_loss":0,"event_name":"MindBloom","floor":89,"gold_loss":0}],"is_beta":false,"boss_relics":[{"not_picked":["energizedSpire:CursedPentagram","Runesmith:PocketReactor"],"picked":"infinitespire:Cupcake"},{"not_picked":["ChewingGum","Sozu"],"picked":"energizedSpire:MagnifyingGlass"},{"not_picked":["Coffee Dripper","aspiration:RandomNobGenerator"],"picked":"SlaversCollar"},{"not_picked":["Replay:Wanted Poster","SacredBark"],"picked":"aspiration:PoetsPen"},{"not_picked":["Ring of Chaos","Runesmith:UraniumAnvil","Snecko Eye"]}],"items_purged_floors":[0,0,0,0,19,31,45,53,53,61,62,70,70,72],"is_endless":true,"potions_floor_spawned":[7,10,12,20,21,25,28,29,33,37,39,46,47,50,54,58,65,71,73,78,79,86,91,97,97],"killed_by":"Nightmare_Alpha","ascension_level":2}}