{"host":"taazmjmli6ma7loo","time":1610189316,"event":{"mods":["AchievementEnabler","BaseMod","Hermit","Minty Spire (QoL Compilation)","StSLib","The Bug Knight","The Hierophant"],"gold_per_floor":[116,6,88,100,112,112,112,132,132,163,177,28,28,28,28,133,133,151,1,1,13,23,23,55,75,75,75,102,117,45,76,76,173,173,187,37,37,52,69,102,102,102],"floor_reached":41,"playtime":3458,"items_purged":["HollowMod:QuickDashStart","HollowMod:NailStrikeStart","HollowMod:NailStrikeStart","HollowMod:NailStrikeStart"],"score":506,"play_id":"25260d6e-1351-40ba-adfb-6eea364426e1","local_time":"20210109194836","is_ascension_mode":false,"campfire_choices":[{"data":"HollowMod:FocusHealStart","floor":6.0,"key":"SMITH"},{"data":"HollowMod:MonarchWings","floor":13.0,"key":"SMITH"},{"data":"HollowMod:SharpenedNail","floor":15.0,"key":"SMITH"},{"floor":23.0,"key":"REST"},{"floor":27.0,"key":"REST"},{"floor":32.0,"key":"REST"}],"circlet_count":0,"master_deck":["HollowMod:QuickDashStart","HollowMod:QuickDashStart","HollowMod:FocusHealStart+1","HollowMod:PogoStrike","HollowMod:DoubleDash","HollowMod:MonarchWings+1","HollowMod:HuntersJournal","HollowMod:SharpenedNail+1","HollowMod:SoulStrike","HollowMod:FastStrike+1","HollowMod:CycloneSlash+1","HollowMod:HowlingWraiths+1","HollowMod:Weaversong","HollowMod:NewLittleFool+1","HollowMod:SoulStrike+1","Writhe","HollowMod:GreatSlash+1","HollowMod:SoulSplash","HollowMod:DesolateDive+1","HollowMod:LifebloodCocoon+1","HollowMod:PureVessel","HollowMod:PureNailStrike+1","HollowMod:CoiledNail+1","HollowMod:SharpenedNail+1","HollowMod:AwokenDreamNail+1","HollowMod:NewLittleFool+1","HollowMod:Weaversong"],"relics":["HollowMod:VesselMask","Akabeko","HornCleat","Molten Egg 2","Lizard Tail","SlaversCollar","MealTicket","Thread and Needle","Bottled Flame","Pear","Lantern","Black Star","Regal Pillow","Ginger"],"acts_visited":["Exordium","TheCity","TheBeyond"],"potions_floor_usage":[],"damage_taken":[{"damage":0.0,"enemies":"Cultist","floor":1.0,"turns":3.0},{"damage":0.0,"enemies":"Small Slimes","floor":4.0,"turns":4.0},{"damage":0.0,"enemies":"2 Louse","floor":5.0,"turns":3.0},{"damage":12.0,"enemies":"Large Slime","floor":8.0,"turns":7.0},{"damage":26.0,"enemies":"Gremlin Nob","floor":10.0,"turns":5.0},{"damage":6.0,"enemies":"Exordium Thugs","floor":11.0,"turns":5.0},{"damage":60.0,"enemies":"Hexaghost","floor":16.0,"turns":11.0},{"damage":0.0,"enemies":"Spheric Guardian","floor":18.0,"turns":3.0},{"damage":26.0,"enemies":"2 Thieves","floor":21.0,"turns":4.0},{"damage":26.0,"enemies":"Cultist and Chosen","floor":22.0,"turns":6.0},{"damage":32.0,"enemies":"Slavers","floor":24.0,"turns":2.0},{"damage":11.0,"enemies":"Centurion and Healer","floor":25.0,"turns":5.0},{"damage":17.0,"enemies":"HollowMod:Nosk","floor":28.0,"turns":7.0},{"damage":14.0,"enemies":"3 Cultists","floor":29.0,"turns":4.0},{"damage":23.0,"enemies":"Slavers","floor":31.0,"turns":3.0},{"damage":81.0,"enemies":"Automaton","floor":33.0,"turns":8.0},{"damage":7.0,"enemies":"Orb Walker","floor":35.0,"turns":3.0},{"damage":14.0,"enemies":"3 Darklings","floor":38.0,"turns":3.0},{"damage":17.0,"enemies":"Jaw Worm Horde","floor":39.0,"turns":4.0},{"damage":71.0,"enemies":"Reptomancer","floor":40.0,"turns":5.0},{"damage":0,"enemies":"Transient","floor":41,"turns":1}],"seed_played":"-7681207152139890017","potions_obtained":[{"floor":1.0,"key":"Fruit Juice"},{"floor":10.0,"key":"SteroidPotion"},{"floor":16.0,"key":"Block Potion"},{"floor":21.0,"key":"Ancient Potion"},{"floor":22.0,"key":"Explosive Potion"},{"floor":24.0,"key":"AttackPotion"},{"floor":29.0,"key":"DistilledChaos"},{"floor":38.0,"key":"Weak Potion"},{"floor":39.0,"key":"SkillPotion"},{"floor":40.0,"key":"Weak Potion"}],"is_trial":false,"path_per_floor":["M","$","T","M","M","R","?","M","T","E","M","$","R","?","R","B",null,"M","$","?","M","M","R","E","M","T","R","E","M","$","E","R","B",null,"M","$","?","M","M","E","M"],"character_chosen":"THE_BUGKNIGHT","items_purchased":["HollowMod:MonarchWings","HollowMod:HowlingWraiths+1","HollowMod:SoulStrike+1","HollowMod:CoiledNail+1"],"campfire_rested":3,"item_purchase_floors":[2,12,19,30],"current_hp_per_floor":[75,75,75,75,75,75,75,69,69,49,60,60,60,60,60,12,80,80,80,80,54,38,62,36,35,35,59,64,56,71,48,75,4,90,83,90,90,76,59,45,45,45],"gold":102,"neow_bonus":"RANDOM_COMMON_RELIC","is_daily":false,"chose_seed":false,"campfire_upgraded":3,"win_rate":0.0,"timestamp":1610189316,"path_taken":["M","?","?","M","?","R","?","M","T","E","M","$","R","?","R","BOSS","M","$","?","M","M","R","E","M","T","R","E","M","$","E","R","BOSS","M","$","?","M","?","E","M"],"items_purchased_type":["Card","Card","Card","Card"],"build_version":"2020-12-22","purchased_purges":4,"victory":false,"max_hp_per_floor":[75,75,75,75,75,75,75,75,75,75,80,80,80,80,80,80,80,80,80,80,80,80,80,80,80,80,80,90,90,90,90,90,90,90,90,90,90,90,90,90,90,90],"card_choices":[{"not_picked":["HollowMod:MawleksShell","HollowMod:InfectedAttack"],"picked":"HollowMod:DoubleDash","floor":1.0},{"not_picked":["HollowMod:LifebloodCocoon","HollowMod:WraithStrike"],"picked":"HollowMod:HuntersJournal","floor":4.0},{"not_picked":["HollowMod:MantisMark","HollowMod:VoidDash"],"picked":"HollowMod:SharpenedNail","floor":5.0},{"not_picked":["HollowMod:BrokenVessel","HollowMod:CornifersMapStart"],"picked":"HollowMod:SoulStrike","floor":8.0},{"not_picked":["HollowMod:BrokenVessel","HollowMod:LifebloodCocoon"],"picked":"HollowMod:FastStrike+1","floor":10.0},{"not_picked":["HollowMod:InfectedAttack+1","HollowMod:DashSlash+1"],"picked":"HollowMod:CycloneSlash+1","floor":11.0},{"not_picked":["HollowMod:ElderbugsWisdom","HollowMod:ZotesMagnificence+1"],"picked":"HollowMod:Weaversong","floor":16.0},{"not_picked":["HollowMod:SharpenedShadows","HollowMod:ChannelNail"],"picked":"HollowMod:NewLittleFool+1","floor":18.0},{"not_picked":["HollowMod:InfectedCysts+1","HollowMod:SoulStrike+1"],"picked":"HollowMod:GreatSlash+1","floor":21.0},{"not_picked":["HollowMod:GoodIntentions","HollowMod:Grubsong"],"picked":"HollowMod:SoulSplash","floor":22.0},{"not_picked":["HollowMod:SoulShaman","HollowMod:Hiveblood"],"picked":"HollowMod:DesolateDive+1","floor":24.0},{"not_picked":["HollowMod:TaintedHusks","HollowMod:NewLittleFool+1"],"picked":"HollowMod:LifebloodCocoon+1","floor":25.0},{"not_picked":["HollowMod:SoulShaman","HollowMod:theNailsmith"],"picked":"HollowMod:PureVessel","floor":28.0},{"not_picked":["HollowMod:GreatSlash+1","HollowMod:ShadowDash+1"],"picked":"HollowMod:PureNailStrike+1","floor":29.0},{"not_picked":["HollowMod:InfectedAttack+1","HollowMod:SharpenedShadows"],"picked":"HollowMod:SharpenedNail+1","floor":31.0},{"not_picked":["HollowMod:MidwifesHunger+1","HollowMod:SlysStrikes"],"picked":"HollowMod:AwokenDreamNail+1","floor":33.0},{"not_picked":["HollowMod:InfectedCysts+1","HollowMod:MawleksShell","HollowMod:PerfectDash"],"picked":"SKIP","floor":35.0},{"not_picked":["HollowMod:SoulVessel","HollowMod:PureNailStrike+1"],"picked":"HollowMod:NewLittleFool+1","floor":38.0},{"not_picked":["HollowMod:NewGlowingWomb","HollowMod:TaintedHusks","HollowMod:GrimmsGift"],"picked":"SKIP","floor":39.0},{"not_picked":["HollowMod:TaintedHusks","HollowMod:NewGlowingWomb+1"],"picked":"HollowMod:Weaversong","floor":40.0}],"player_experience":438860,"relics_obtained":[{"floor":3.0,"key":"HornCleat"},{"floor":9.0,"key":"Molten Egg 2"},{"floor":10.0,"key":"Lizard Tail"},{"floor":24.0,"key":"Thread and Needle"},{"floor":26.0,"key":"Bottled Flame"},{"floor":28.0,"key":"Pear"},{"floor":31.0,"key":"Lantern"},{"floor":40.0,"key":"Regal Pillow"},{"floor":40.0,"key":"Ginger"}],"event_choices":[{"damage_healed":0.0,"max_hp_gain":0.0,"max_hp_loss":0.0,"gold_gain":0.0,"event_name":"The Mausoleum","player_choice":"Opened","floor":20.0,"gold_loss":0.0,"damage_taken":0.0,"relics_obtained":["MealTicket"],"cards_obtained":["Writhe"]},{"cards_removed":["HollowMod:NailStrikeStart"],"damage_healed":0.0,"max_hp_gain":0.0,"max_hp_loss":0.0,"gold_gain":0.0,"event_name":"Bonfire Elementals","player_choice":"Offered Basic","floor":37.0,"gold_loss":0.0,"damage_taken":0.0}],"is_beta":false,"boss_relics":[{"not_picked":["Ectoplasm","Snecko Eye"],"picked":"SlaversCollar"},{"not_picked":["Cursed Key","Pandora\u0027s Box"],"picked":"Black Star"}],"items_purged_floors":[2,12,19,36],"is_endless":false,"potions_floor_spawned":[1,10,16,21,22,24,29,38,39,40],"killed_by":"Transient","ascension_level":0}}