{"host":"x205naxbihvu3p76","time":1610181128,"event":{"mods":["AchievementEnabler","BaseMod","Minty Spire (QoL Compilation)","StSLib","SuperFastMode"],"gold_per_floor":[109,26,101,112,112,147,147,147,216,25,25,43,43,60,60,138,138,150,170,182,192,117,117,117,117],"floor_reached":24,"playtime":485,"items_purged":["Strike_B"],"score":431,"play_id":"850b3861-2d4f-4964-b69c-8c03a6d5b02c","local_time":"20210109173208","is_ascension_mode":true,"campfire_choices":[{"data":"Go for the Eyes","floor":8.0,"key":"SMITH"},{"data":"Defragment","floor":15,"key":"SMITH"},{"floor":23,"key":"REST"}],"circlet_count":0,"master_deck":["AscendersBane","Zap","Dualcast","Doom and Gloom","Self Repair","Go for the Eyes+1","Capacitor","Cold Snap","Coolheaded","Defragment+1","Seek","Sweeping Beam","Rainbow","Conserve Battery","Amplify","Sweeping Beam","Turbo","Compile Driver","Loop+1","Self Repair"],"relics":["Cracked Core","NeowsBlessing","Omamori","Gremlin Horn","Pandora\u0027s Box"],"acts_visited":["Exordium","TheCity"],"potions_floor_usage":[16,24],"damage_taken":[{"damage":0.0,"enemies":"Cultist","floor":1.0,"turns":1.0},{"damage":0.0,"enemies":"2 Louse","floor":4.0,"turns":1.0},{"damage":0.0,"enemies":"3 Sentries","floor":6.0,"turns":1.0},{"damage":4,"enemies":"Small Slimes","floor":12,"turns":4},{"damage":6,"enemies":"Looter","floor":14,"turns":4},{"damage":34,"enemies":"Hexaghost","floor":16,"turns":12},{"damage":14,"enemies":"Spheric Guardian","floor":18,"turns":4},{"damage":8,"enemies":"Shell Parasite","floor":19,"turns":6},{"damage":29,"enemies":"Shelled Parasite and Fungi","floor":20,"turns":6},{"damage":17,"enemies":"Chosen and Byrds","floor":21,"turns":5},{"damage":40,"enemies":"Slavers","floor":24,"turns":5}],"seed_played":"6947844619729325024","potions_obtained":[{"floor":1.0,"key":"Swift Potion"},{"floor":6.0,"key":"ColorlessPotion"},{"floor":16,"key":"SteroidPotion"},{"floor":19,"key":"Ancient Potion"}],"is_trial":false,"path_per_floor":["M","$","?","M","?","E","?","R","T","$","?","M","$","M","R","B",null,"M","M","M","M","?","R","E"],"character_chosen":"DEFECT","items_purchased":["Self Repair","Capacitor","Cold Snap"],"campfire_rested":1,"item_purchase_floors":[2,10,10],"current_hp_per_floor":[64,64,53,53,53,53,53,53,53,53,46,49,49,50,50,23,59,59,58,36,19,19,40,0,0],"gold":117,"neow_bonus":"THREE_ENEMY_KILL","is_daily":false,"chose_seed":false,"campfire_upgraded":2,"win_rate":0.0,"timestamp":1610181128,"path_taken":["M","$","?","M","?","E","?","R","T","$","?","M","?","M","R","BOSS","M","M","?","M","?","R","E"],"items_purchased_type":["Card","Card","Card"],"build_version":"2020-12-22","purchased_purges":1,"victory":false,"max_hp_per_floor":[71,71,71,71,71,71,71,71,71,71,71,71,71,71,71,71,71,71,71,71,71,71,71,71,71],"card_choices":[{"not_picked":["Conserve Battery","Leap"],"picked":"Doom and Gloom","floor":1.0},{"not_picked":["Barrage","Force Field"],"picked":"Go for the Eyes","floor":4.0},{"not_picked":["Barrage","Beam Cell","Scrape"],"picked":"SKIP","floor":6.0},{"not_picked":["Auto Shields","Hologram"],"picked":"Coolheaded","floor":12},{"not_picked":["Loop","Leap"],"picked":"Defragment","floor":14},{"not_picked":["Fission","Amplify"],"picked":"Seek","floor":16},{"not_picked":["Compile Driver","Auto Shields"],"picked":"Turbo","floor":18},{"not_picked":["Conserve Battery","Aggregate"],"picked":"Compile Driver","floor":19},{"not_picked":["Leap","Conserve Battery"],"picked":"Loop+1","floor":20},{"not_picked":["Cold Snap","Loop"],"picked":"Self Repair","floor":21}],"player_experience":960500,"relics_obtained":[{"floor":6.0,"key":"Omamori"},{"floor":9.0,"key":"Gremlin Horn"}],"event_choices":[{"damage_healed":0.0,"max_hp_gain":0.0,"max_hp_loss":0.0,"gold_gain":75.0,"event_name":"World of Goop","player_choice":"Gather Gold","floor":3.0,"gold_loss":0.0,"damage_taken":11.0},{"damage_healed":0.0,"max_hp_gain":0.0,"max_hp_loss":0.0,"gold_gain":0.0,"event_name":"Liars Game","player_choice":"Ignored","floor":5.0,"gold_loss":0.0,"damage_taken":0.0},{"damage_healed":0.0,"max_hp_gain":0.0,"max_hp_loss":0.0,"gold_gain":0.0,"event_name":"Shining Light","player_choice":"Ignored","floor":7.0,"gold_loss":0.0,"damage_taken":0.0},{"cards_removed":["Strike_B"],"damage_healed":0,"gold_gain":0,"player_choice":"Card Removal","damage_taken":7,"max_hp_gain":0,"max_hp_loss":0,"event_name":"Golden Wing","floor":11,"gold_loss":0},{"cards_removed":["Aggregate"],"damage_healed":0,"gold_gain":0,"player_choice":"Gave Gold","damage_taken":0,"max_hp_gain":0,"max_hp_loss":0,"event_name":"Beggar","floor":22,"gold_loss":75}],"is_beta":false,"boss_relics":[{"not_picked":["Runic Pyramid","Cursed Key"],"picked":"Pandora\u0027s Box"}],"items_purged_floors":[10],"is_endless":false,"potions_floor_spawned":[1,6,16,19],"killed_by":"Slavers","ascension_level":19}}