{"host":"i09pxcjttd31eh4q","time":1610200883,"event":{"mods":["AchievementEnabler","BaseMod","Colored Map","Keyboard Shortcuts","Minty Spire (QoL Compilation)","StSLib","SuperFastMode"],"gold_per_floor":[118,135,146,165,180,180,105,105,105,85,85,96,146,156,156,156,156],"floor_reached":16,"playtime":320,"items_purged":[],"score":188,"play_id":"3099ad3f-7012-475c-9b1c-1c7fc8ca8285","local_time":"20210109230123","is_ascension_mode":true,"campfire_choices":[{"data":"Deadly Poison","floor":6,"key":"SMITH"},{"data":"Crippling Poison","floor":8,"key":"SMITH"},{"data":"Tactician","floor":11,"key":"SMITH"},{"data":"Concentrate","floor":15,"key":"SMITH"}],"circlet_count":0,"master_deck":["AscendersBane","Strike_G","Strike_G","Strike_G","Defend_G","Defend_G","Defend_G","Defend_G","Defend_G","Survivor","Neutralize","Poisoned Stab","Reflex","Deadly Poison+1","Tactician+1","Crippling Poison+1","Dagger Spray","Concentrate+1"],"relics":["Ring of the Snake","Centennial Puzzle"],"acts_visited":["Exordium"],"potions_floor_usage":[12],"damage_taken":[{"damage":0,"enemies":"Cultist","floor":1,"turns":4},{"damage":4,"enemies":"Jaw Worm","floor":2,"turns":4},{"damage":4,"enemies":"Small Slimes","floor":3,"turns":5},{"damage":9,"enemies":"Blue Slaver","floor":4,"turns":4},{"damage":10,"enemies":"3 Louse","floor":5,"turns":5},{"damage":11,"enemies":"Large Slime","floor":12,"turns":7},{"damage":3,"enemies":"Looter","floor":14,"turns":3},{"damage":22,"enemies":"Hexaghost","floor":16,"turns":7}],"seed_played":"2709231843656638218","potions_obtained":[{"floor":2,"key":"Ancient Potion"},{"floor":4,"key":"AttackPotion"},{"floor":10,"key":"Strength Potion"}],"is_trial":false,"path_per_floor":["M","M","M","M","M","R","?","R","T","?","R","M","?","M","R","B"],"character_chosen":"THE_SILENT","items_purchased":[],"campfire_rested":0,"item_purchase_floors":[],"current_hp_per_floor":[59,55,51,42,32,32,32,32,32,32,32,21,21,18,18,0,0],"gold":156,"neow_bonus":"REMOVE_CARD","is_daily":false,"chose_seed":false,"campfire_upgraded":4,"win_rate":0.0,"timestamp":1610200883,"path_taken":["M","M","M","M","M","R","?","R","T","?","R","?","?","?","R","BOSS"],"items_purchased_type":[],"build_version":"2020-12-22","purchased_purges":0,"victory":false,"max_hp_per_floor":[66,66,66,66,66,66,66,66,66,66,66,66,66,66,66,66,66],"card_choices":[{"not_picked":["Flying Knee","Slice"],"picked":"Poisoned Stab","floor":1},{"not_picked":["Prepared","Sucker Punch"],"picked":"Reflex","floor":2},{"not_picked":["Slice","Reflex"],"picked":"Deadly Poison","floor":3},{"not_picked":["Leg Sweep","Flying Knee"],"picked":"Tactician","floor":4},{"not_picked":["Flying Knee","All Out Attack"],"picked":"Crippling Poison","floor":5},{"not_picked":["Footwork","Accuracy"],"picked":"Dagger Spray","floor":12},{"not_picked":["Heel Hook","Dagger Throw"],"picked":"Concentrate","floor":14}],"player_experience":847587,"relics_obtained":[{"floor":9,"key":"Centennial Puzzle"}],"event_choices":[{"cards_removed":["Strike_G"],"damage_healed":0,"gold_gain":0,"player_choice":"Card Removal","damage_taken":0,"max_hp_gain":0,"max_hp_loss":0,"event_name":"The Cleric","floor":7,"gold_loss":75},{"damage_healed":0,"gold_gain":0,"player_choice":"Bought 1 Potion","damage_taken":0,"max_hp_gain":0,"max_hp_loss":0,"event_name":"The Woman in Blue","floor":10,"gold_loss":0},{"damage_healed":0,"gold_gain":50,"player_choice":"Pray","damage_taken":0,"max_hp_gain":0,"max_hp_loss":0,"event_name":"Golden Shrine","floor":13,"gold_loss":0}],"is_beta":false,"boss_relics":[],"items_purged_floors":[],"is_endless":false,"potions_floor_spawned":[2,4],"killed_by":"Hexaghost","ascension_level":20}}