{"host":"qxeepl7ydvsgmfdb","time":1610195541,"event":{"mods":["AchievementEnabler","BaseMod","Colored Powertips","Minty Spire (QoL Compilation)","Quick Restart","slay the spire mod where everything is the same but ironclad has a cowboy hat"],"gold_per_floor":[109,126,6,26,26,26,52,52,52,77,89,112,144,193,193,291,291,304,16,16,30,30,65,65,65,88,88,107,140,159,109,109,210,210,223,523,523,539,761,761,788,806,831,831,538,548,128,142,142,142],"floor_reached":51,"playtime":1293,"items_purged":["Writhe","Strike_G"],"score":855,"play_id":"0071214c-ab50-47b6-b425-211939644843","local_time":"20210109073221","is_ascension_mode":true,"campfire_choices":[{"data":"Noxious Fumes","floor":6.0,"key":"SMITH"},{"data":"Deadly Poison","floor":8.0,"key":"SMITH"},{"floor":15.0,"key":"REST"},{"floor":25.0,"key":"REST"},{"floor":27.0,"key":"REST"},{"floor":32.0,"key":"REST"},{"data":"After Image","floor":40.0,"key":"SMITH"},{"floor":49,"key":"REST"}],"circlet_count":0,"master_deck":["Strike_G+1","Strike_G","Defend_G+1","Defend_G","Defend_G","Defend_G","Defend_G","Survivor","Neutralize+1","Blade Dance+1","Noxious Fumes+1","Deadly Poison+1","Poisoned Stab","Dagger Spray","Corpse Explosion","Infinite Blades","Blade Dance","Adrenaline+1","Accuracy+1","Deadly Poison","Deadly Poison","Backstab","After Image+1","Deadly Poison","Slice+1"],"relics":["Ring of the Snake","NeowsBlessing","Tingsha","Pocketwatch","Ginger","Bronze Scales","Odd Mushroom","HornCleat","Art of War","Empty Cage","Meat on the Bone","Shuriken","CultistMask","Smiling Mask","Red Mask","SacredBark","Old Coin","Bag of Preparation","War Paint","Kunai","Orichalcum","Whetstone"],"acts_visited":["Exordium","TheCity","TheBeyond"],"potions_floor_usage":[50],"damage_taken":[{"damage":0.0,"enemies":"Cultist","floor":1.0,"turns":1.0},{"damage":0.0,"enemies":"2 Louse","floor":2.0,"turns":1.0},{"damage":0.0,"enemies":"Jaw Worm","floor":4.0,"turns":1.0},{"damage":26.0,"enemies":"Lagavulin","floor":7.0,"turns":6.0},{"damage":12.0,"enemies":"Gremlin Nob","floor":10.0,"turns":4.0},{"damage":6.0,"enemies":"Exordium Thugs","floor":11.0,"turns":2.0},{"damage":8.0,"enemies":"The Mushroom Lair","floor":12.0,"turns":2.0},{"damage":15.0,"enemies":"3 Sentries","floor":13.0,"turns":2.0},{"damage":16.0,"enemies":"The Guardian","floor":16.0,"turns":7.0},{"damage":18.0,"enemies":"Shell Parasite","floor":18.0,"turns":3.0},{"damage":12.0,"enemies":"2 Thieves","floor":21.0,"turns":2.0},{"damage":30.0,"enemies":"Book of Stabbing","floor":23.0,"turns":4.0},{"damage":4.0,"enemies":"Chosen and Byrds","floor":28.0,"turns":4.0},{"damage":8.0,"enemies":"Masked Bandits","floor":29.0,"turns":2.0},{"damage":13.0,"enemies":"Snecko","floor":30.0,"turns":4.0},{"damage":30.0,"enemies":"Collector","floor":33.0,"turns":6.0},{"damage":11.0,"enemies":"3 Darklings","floor":35.0,"turns":2.0},{"damage":0.0,"enemies":"3 Shapes","floor":38.0,"turns":3.0},{"damage":11.0,"enemies":"Reptomancer","floor":41.0,"turns":4.0},{"damage":19.0,"enemies":"Sphere and 2 Shapes","floor":42.0,"turns":4.0},{"damage":28.0,"enemies":"Spire Growth","floor":46.0,"turns":4.0},{"damage":8,"enemies":"Jaw Worm Horde","floor":48,"turns":3},{"damage":44,"enemies":"Donu and Deca","floor":50,"turns":5}],"seed_played":"-1812013040297518397","potions_obtained":[{"floor":7.0,"key":"Block Potion"},{"floor":12.0,"key":"Regen Potion"},{"floor":13.0,"key":"ColorlessPotion"},{"floor":16.0,"key":"Energy Potion"},{"floor":23.0,"key":"LiquidBronze"},{"floor":30.0,"key":"SneckoOil"},{"floor":33.0,"key":"Strength Potion"},{"floor":41.0,"key":"Regen Potion"},{"floor":42.0,"key":"SpeedPotion"}],"is_trial":false,"path_per_floor":["M","M","$","M","?","R","E","R","T","E","M","?","E","T","R","B",null,"M","$","?","M","$","E","?","R","T","R","M","?","M","?","R","B",null,"M","T","?","M","?","R","E","M","T","?","$","M","$","M","R","B",null],"character_chosen":"THE_SILENT","items_purchased":["Noxious Fumes","Deadly Poison","Meat on the Bone","Deadly Poison","Kunai","Orichalcum","Whetstone","LiquidBronze"],"campfire_rested":5,"item_purchase_floors":[3,3,19,19,45,47,47,47],"current_hp_per_floor":[70,70,70,70,67,67,41,41,41,29,23,15,9,9,30,14,70,52,52,52,40,40,22,22,43,43,64,60,52,39,39,60,42,70,59,59,70,70,70,70,59,40,40,40,40,46,46,38,59,27],"gold":142,"neow_bonus":"THREE_ENEMY_KILL","is_daily":false,"chose_seed":false,"campfire_upgraded":3,"win_rate":0.0,"timestamp":1610195541,"path_taken":["M","M","$","?","?","R","E","R","T","E","M","?","E","?","R","BOSS","M","$","?","?","$","E","?","R","T","R","?","?","M","?","R","BOSS","M","?","?","M","?","R","E","M","T","?","$","M","$","M","R","BOSS"],"items_purchased_type":["Card","Card","Relic","Card","Relic","Relic","Relic","Potion"],"build_version":"2020-12-22","purchased_purges":2,"victory":true,"max_hp_per_floor":[70,70,70,70,70,70,70,70,70,70,70,70,70,70,70,70,70,70,70,70,70,70,70,70,70,70,70,70,70,70,70,70,70,70,70,70,70,70,70,70,70,70,70,70,70,70,70,70,70,70],"card_choices":[{"not_picked":["Prepared","Bane","PiercingWail"],"picked":"SKIP","floor":1.0},{"not_picked":["Quick Slash","Outmaneuver"],"picked":"Blade Dance","floor":2.0},{"not_picked":["All Out Attack","Infinite Blades"],"picked":"Poisoned Stab","floor":4.0},{"not_picked":["Outmaneuver","Prepared"],"picked":"Dagger Spray","floor":7.0},{"not_picked":["Slice","Footwork"],"picked":"Corpse Explosion","floor":10.0},{"not_picked":["Dodge and Roll","Choke","Quick Slash"],"picked":"SKIP","floor":11.0},{"not_picked":["Flying Knee","Reflex"],"picked":"Infinite Blades","floor":12.0},{"not_picked":["Accuracy","Underhanded Strike"],"picked":"Blade Dance","floor":13.0},{"not_picked":["A Thousand Cuts","Wraith Form v2"],"picked":"Adrenaline","floor":16.0},{"not_picked":["Flying Knee+1","Caltrops"],"picked":"Accuracy+1","floor":18.0},{"not_picked":["Blur+1","Underhanded Strike","Bouncing Flask"],"picked":"SKIP","floor":21.0},{"not_picked":["Outmaneuver","Underhanded Strike","Backflip"],"picked":"SKIP","floor":23.0},{"not_picked":["Blur","Dodge and Roll","Tactician"],"picked":"SKIP","floor":28.0},{"not_picked":["Bullet Time","Dodge and Roll"],"picked":"Deadly Poison","floor":29.0},{"not_picked":["Dodge and Roll","Bane"],"picked":"Backstab","floor":30.0},{"not_picked":["Glass Knife","Malaise"],"picked":"After Image","floor":33.0},{"not_picked":["Footwork+1","Flying Knee"],"picked":"Deadly Poison","floor":35.0},{"not_picked":["PiercingWail","Underhanded Strike"],"picked":"Slice+1","floor":38.0},{"not_picked":["All Out Attack","Dagger Throw+1","Venomology"],"picked":"SKIP","floor":41.0},{"not_picked":["Endless Agony","Outmaneuver","Dodge and Roll+1"],"picked":"SKIP","floor":42.0},{"not_picked":["Outmaneuver+1","Blade Dance","Prepared+1"],"picked":"SKIP","floor":46.0},{"not_picked":["Flechettes","Choke","Dagger Spray"],"picked":"SKIP","floor":48}],"player_experience":157153,"relics_obtained":[{"floor":7.0,"key":"Pocketwatch"},{"floor":9.0,"key":"Ginger"},{"floor":10.0,"key":"Bronze Scales"},{"floor":12.0,"key":"Odd Mushroom"},{"floor":13.0,"key":"HornCleat"},{"floor":14.0,"key":"Art of War"},{"floor":23.0,"key":"Shuriken"},{"floor":26.0,"key":"Smiling Mask"},{"floor":29.0,"key":"Red Mask"},{"floor":36.0,"key":"Old Coin"},{"floor":41.0,"key":"Bag of Preparation"},{"floor":43.0,"key":"War Paint"}],"event_choices":[{"damage_healed":0.0,"max_hp_gain":0.0,"max_hp_loss":0.0,"gold_gain":0.0,"event_name":"Scrap Ooze","player_choice":"Success","floor":5.0,"gold_loss":0.0,"damage_taken":3.0,"relics_obtained":["Tingsha"]},{"damage_healed":0.0,"max_hp_gain":0.0,"max_hp_loss":0.0,"gold_gain":0.0,"event_name":"Mushrooms","player_choice":"Fought Mushrooms","floor":12.0,"gold_loss":0.0,"damage_taken":0.0},{"damage_healed":0.0,"max_hp_gain":0.0,"max_hp_loss":0.0,"gold_gain":0.0,"event_name":"Accursed Blacksmith","player_choice":"Forge","floor":20.0,"gold_loss":0.0,"damage_taken":0.0,"cards_upgraded":["Adrenaline"]},{"damage_healed":0.0,"max_hp_gain":0.0,"max_hp_loss":0.0,"gold_gain":0.0,"event_name":"FaceTrader","player_choice":"Trade","floor":24.0,"gold_loss":0.0,"damage_taken":0.0,"relics_obtained":["CultistMask"]},{"damage_healed":0.0,"max_hp_gain":0.0,"max_hp_loss":0.0,"gold_gain":0.0,"event_name":"Masked Bandits","player_choice":"Fought Bandits","floor":29.0,"gold_loss":0.0,"damage_taken":0.0},{"damage_healed":0.0,"max_hp_gain":0.0,"max_hp_loss":0.0,"gold_gain":0.0,"event_name":"The Joust","player_choice":"Bet on Murderer","floor":31.0,"gold_loss":50.0,"damage_taken":0.0},{"damage_healed":18.0,"max_hp_gain":0.0,"max_hp_loss":0.0,"gold_gain":0.0,"event_name":"Winding Halls","player_choice":"Writhe","floor":37.0,"gold_loss":0.0,"damage_taken":0.0,"cards_obtained":["Writhe"]},{"damage_healed":0.0,"max_hp_gain":0.0,"max_hp_loss":0.0,"gold_gain":222.0,"event_name":"Tomb of Lord Red Mask","player_choice":"Wore Mask","floor":39.0,"gold_loss":0.0,"damage_taken":0.0},{"damage_healed":0.0,"max_hp_gain":0.0,"max_hp_loss":0.0,"gold_gain":0.0,"event_name":"SensoryStone","player_choice":"Memory 1","floor":44.0,"gold_loss":0.0,"damage_taken":0.0}],"is_beta":false,"boss_relics":[{"not_picked":["Sozu","Snecko Eye"],"picked":"Empty Cage"},{"not_picked":["Runic Dome","Coffee Dripper"],"picked":"SacredBark"}],"items_purged_floors":[45,47],"is_endless":false,"potions_floor_spawned":[7,12,13,16,23,30,33,41,42],"ascension_level":2}}