{"host":"aaqofma31c3gm2hj","time":1610199357,"event":{"mods":["BaseMod","Minty Spire (QoL Compilation)","Replay The Spire","Spicy Shops","StSLib"],"gold_per_floor":[111,2,2,2,2,2,18,44,57,70,119,133,133,145,145,157,157,232,232,243,258,36,36,36,36,50,50,73,173,173,173,173,206,206,280,280,292,304,314,330,346,374,374,386,456,466,482,532,532,532,532],"floor_reached":50,"playtime":2178,"items_purged":["Strike_G","Strike_G"],"score":1292,"play_id":"1628523c-1b4b-40c2-a697-fe3b203c9f06","local_time":"20210109213557","is_ascension_mode":true,"campfire_choices":[{"data":"Calculated Gamble","floor":15.0,"key":"SMITH"},{"data":"ReplayTheSpireMod:Scrap Shanks","floor":17.0,"key":"SMITH"},{"data":"Prepared","floor":25.0,"key":"SMITH"},{"data":"Reflex","floor":27.0,"key":"SMITH"},{"data":"Tactician","floor":31.0,"key":"SMITH"},{"floor":34.0,"key":"RECALL"},{"data":"Acrobatics","floor":49.0,"key":"SMITH"}],"circlet_count":0,"master_deck":["AscendersBane","Strike_G","Defend_G","Defend_G","Defend_G+1","Survivor","Neutralize+1","Acrobatics+1","Calculated Gamble+1","ReplayTheSpireMod:Scrap Shanks+1","Expertise+1","Tactician+1","Prepared+1","ReplayTheSpireMod:From All Sides","Concentrate","Deflect+1","Reflex+1","Acrobatics","After Image","ReplayTheSpireMod:Tripwire"],"relics":["Ring of the Snake","NeowsBlessing","BargainBundle","Replay:Baseball","SlaversCollar","Pocketwatch","Iron Hammer","War Paint","Pet Ghost","Black Star","Torii","Anchor","Eternal Feather"],"acts_visited":["Exordium","TheCity","TheBeyond"],"potions_floor_usage":[],"damage_taken":[{"damage":0.0,"enemies":"Cultist","floor":1.0,"turns":1.0},{"damage":0.0,"enemies":"Small Slimes","floor":7.0,"turns":1.0},{"damage":0.0,"enemies":"Lagavulin","floor":8.0,"turns":1.0},{"damage":2.0,"enemies":"2 Louse","floor":9.0,"turns":3.0},{"damage":7.0,"enemies":"Gremlin Gang","floor":10.0,"turns":4.0},{"damage":6.0,"enemies":"3 Louse","floor":12.0,"turns":4.0},{"damage":0.0,"enemies":"2 Fungi Beasts","floor":14.0,"turns":2.0},{"damage":0.0,"enemies":"Blue Slaver","floor":16.0,"turns":4.0},{"damage":16.0,"enemies":"The Guardian","floor":18.0,"turns":15.0},{"damage":9.0,"enemies":"2 Thieves","floor":20.0,"turns":4.0},{"damage":8.0,"enemies":"3 Byrds","floor":21.0,"turns":4.0},{"damage":0.0,"enemies":"Centurion and Healer","floor":26.0,"turns":2.0},{"damage":5.0,"enemies":"Colosseum Slavers","floor":29.0,"turns":3.0},{"damage":0.0,"enemies":"Colosseum Nobs","floor":29.0,"turns":2.0},{"damage":0.0,"enemies":"Slavers","floor":33.0,"turns":1.0},{"damage":0.0,"enemies":"Champ","floor":35.0,"turns":2.0},{"damage":0.0,"enemies":"Orb Walker","floor":37.0,"turns":1.0},{"damage":0.0,"enemies":"3 Darklings","floor":38.0,"turns":2.0},{"damage":0.0,"enemies":"Spire Growth","floor":39.0,"turns":1.0},{"damage":0.0,"enemies":"Maw","floor":40.0,"turns":1.0},{"damage":0.0,"enemies":"3 Darklings","floor":41.0,"turns":1.0},{"damage":0.0,"enemies":"Nemesis","floor":42.0,"turns":1.0},{"damage":0.0,"enemies":"4 Shapes","floor":44.0,"turns":1.0},{"damage":0.0,"enemies":"Sphere and 2 Shapes","floor":46.0,"turns":3.0},{"damage":0.0,"enemies":"Transient","floor":47.0,"turns":6.0},{"damage":0,"enemies":"4 Shapes","floor":50,"turns":1}],"seed_played":"4417462470703510704","potions_obtained":[{"floor":7.0,"key":"SteroidPotion"},{"floor":8.0,"key":"Adrenaline Potion"},{"floor":18.0,"key":"Languid Potion"},{"floor":21.0,"key":"DistilledChaos"},{"floor":26.0,"key":"ColorlessPotion"},{"floor":33.0,"key":"Fire Potion"},{"floor":35.0,"key":"Swift Potion"},{"floor":37.0,"key":"GamblersBrew"},{"floor":42.0,"key":"SkillPotion"}],"is_trial":false,"path_per_floor":["M","$","?","?","PTL","PTL","M","E","M","M","T","M","?","M","R","M","R","B",null,"M","M","$","?","?","R","M","R","T","?","?","R","T","E","R","B",null,"M","M","M","M","M","E","?","M","T","M","M","?","R","M"],"character_chosen":"THE_SILENT","items_purchased":["BargainBundle","Calculated Gamble","ReplayTheSpireMod:Scrap Shanks","Adrenaline Potion","Regen Potion","Expertise","Deflect+1"],"campfire_rested":0,"item_purchase_floors":[2,2,2,2,2,2,22],"current_hp_per_floor":[59,59,59,59,59,59,59,59,57,50,50,44,44,44,44,44,44,28,57,48,40,40,40,40,40,40,40,40,35,35,35,35,35,35,35,58,58,58,58,58,58,58,58,58,58,58,58,58,66,66,66],"gold":532,"neow_bonus":"THREE_ENEMY_KILL","is_daily":false,"chose_seed":false,"campfire_upgraded":6,"win_rate":0.0,"timestamp":1610199357,"path_taken":["M","?","?","?","PTL","PTL","?","E","?","M","T","M","?","M","R","M","R","BOSS","M","M","$","?","?","R","M","R","T","?","?","R","?","E","R","BOSS","M","M","?","M","M","E","?","M","T","M","M","?","R","M"],"items_purchased_type":["Relic","Card","Card","Potion","Potion","Card","Card"],"build_version":"2020-12-22","purchased_purges":2,"victory":false,"max_hp_per_floor":[66,66,66,66,66,66,66,66,66,66,66,66,66,66,66,66,66,66,66,66,66,66,66,66,66,66,66,66,66,66,66,66,66,66,66,66,66,66,66,66,66,66,66,66,66,66,66,66,66,66,66],"card_choices":[{"not_picked":["Blade Dance","Backflip"],"picked":"Acrobatics","floor":1.0},{"not_picked":["Underhanded Strike","Slice","Draining Mist"],"picked":"SKIP","floor":7.0},{"not_picked":["Bouncing Flask","Blur","Flying Knee"],"picked":"SKIP","floor":8.0},{"not_picked":["Dagger Throw","Bane","Cloak And Dagger"],"picked":"SKIP","floor":9.0},{"not_picked":["Outmaneuver","Accuracy"],"picked":"Tactician","floor":10.0},{"not_picked":["Atom Bomb","Poisoned Stab"],"picked":"Prepared","floor":12.0},{"not_picked":["Dash","Deflect","Predator"],"picked":"SKIP","floor":14.0},{"not_picked":["Expertise","Bane","Backflip"],"picked":"SKIP","floor":16.0},{"not_picked":["Doppelganger","Night Terror"],"picked":"ReplayTheSpireMod:From All Sides","floor":18.0},{"not_picked":["Bane","Blade Dance"],"picked":"Concentrate","floor":20.0},{"not_picked":["Outmaneuver","Dagger Throw","Backflip"],"picked":"SKIP","floor":21.0},{"not_picked":["Dagger Spray+1","PiercingWail"],"picked":"Acrobatics","floor":26.0},{"not_picked":["Bane","Reflex","Replay:Poison Smokescreen+1"],"picked":"SKIP","floor":33.0},{"not_picked":["Dash+1","Backflip","Masterful Stab+1"],"picked":"SKIP","floor":37.0},{"not_picked":["Dodge and Roll","PiercingWail","Deadly Poison"],"picked":"SKIP","floor":38.0},{"not_picked":["Sucker Punch","Quick Slash","Acrobatics"],"picked":"SKIP","floor":39.0},{"not_picked":["Slice","PiercingWail","Deadly Poison+1"],"picked":"SKIP","floor":40.0},{"not_picked":["Deadly Poison","Backflip","Grand Finale"],"picked":"SKIP","floor":41.0},{"not_picked":["Eviscerate","Backflip","Poisoned Stab"],"picked":"SKIP","floor":42.0},{"not_picked":["Eviscerate","Backflip","Poisoned Stab"],"picked":"SKIP","floor":42.0},{"not_picked":["Prepared","Noxious Fumes","Concentrate"],"picked":"SKIP","floor":44.0},{"not_picked":["Dagger Spray+1","Acrobatics+1","Dagger Throw"],"picked":"SKIP","floor":46.0},{"not_picked":["Noxious Fumes","Deflect","Quick Slash"],"picked":"SKIP","floor":47.0}],"player_experience":570431,"relics_obtained":[{"floor":8.0,"key":"Replay:Baseball"},{"floor":29.0,"key":"Pocketwatch"},{"floor":29.0,"key":"Iron Hammer"},{"floor":32.0,"key":"War Paint"},{"floor":33.0,"key":"Pet Ghost"},{"floor":42.0,"key":"Torii"},{"floor":42.0,"key":"Anchor"},{"floor":45.0,"key":"Eternal Feather"}],"event_choices":[{"damage_healed":0.0,"max_hp_gain":0.0,"max_hp_loss":0.0,"gold_gain":0.0,"event_name":"Liars Game","player_choice":"Ignored","floor":3.0,"gold_loss":0.0,"damage_taken":0.0},{"cards_removed":["Defend_G"],"damage_healed":0.0,"max_hp_gain":0.0,"max_hp_loss":0.0,"gold_gain":0.0,"event_name":"Purifier","player_choice":"Purged","floor":4.0,"gold_loss":0.0,"damage_taken":0.0},{"cards_removed":["Defend_G"],"damage_healed":0.0,"max_hp_gain":0.0,"max_hp_loss":0.0,"gold_gain":0.0,"event_name":"Back to Basics","player_choice":"Elegance","floor":23.0,"gold_loss":0.0,"damage_taken":0.0},{"damage_healed":0.0,"max_hp_gain":0.0,"max_hp_loss":0.0,"gold_gain":0.0,"event_name":"The Library","player_choice":"Read","floor":24.0,"gold_loss":0.0,"damage_taken":0.0,"cards_obtained":["Reflex"]},{"damage_healed":0.0,"max_hp_gain":0.0,"max_hp_loss":0.0,"gold_gain":0.0,"event_name":"Colosseum","player_choice":"Fight","floor":29.0,"gold_loss":0.0,"damage_taken":0.0},{"damage_healed":0.0,"max_hp_gain":0.0,"max_hp_loss":0.0,"gold_gain":0.0,"event_name":"Colosseum","player_choice":"Fought Nobs","floor":29.0,"gold_loss":0.0,"damage_taken":0.0},{"damage_healed":0.0,"max_hp_gain":0.0,"max_hp_loss":0.0,"gold_gain":0.0,"cards_transformed":["Strike_G","Strike_G"],"event_name":"Drug Dealer","player_choice":"Became Test Subject","floor":30.0,"gold_loss":0.0,"damage_taken":0.0,"cards_obtained":["After Image","ReplayTheSpireMod:Tripwire"]},{"damage_healed":0.0,"max_hp_gain":0.0,"max_hp_loss":0.0,"gold_gain":0.0,"event_name":"SensoryStone","player_choice":"Memory 1","floor":43.0,"gold_loss":0.0,"damage_taken":0.0},{"damage_healed":0.0,"max_hp_gain":0.0,"max_hp_loss":0.0,"gold_gain":50.0,"event_name":"Golden Shrine","player_choice":"Pray","floor":48.0,"gold_loss":0.0,"damage_taken":0.0}],"is_beta":false,"boss_relics":[{"not_picked":["Cursed Key","Snecko Heart"],"picked":"SlaversCollar"},{"not_picked":["Snecko Eye","Abe\u0027s Treasure"],"picked":"Black Star"}],"items_purged_floors":[2,22],"is_endless":false,"potions_floor_spawned":[7,8,12,14,18,21,26,33,35,37,42,44],"killed_by":"4 Shapes","ascension_level":20}}