{"host":"ci7ivtocgfxh0ueo","time":1610196482,"event":{"mods":["BaseMod","GifTheSpireLib","Minty Spire (QoL Compilation)","StSLib"],"gold_per_floor":[112,172,187,205,205,230,247,85,112,132,132,132,132,148,148,222,222,238,238,272,26,45,45,64,114,140,140,151,151,171,171,171],"floor_reached":31,"playtime":702,"items_purged":[],"score":438,"play_id":"4b90f27a-731c-43f3-a865-4968738c1f95","local_time":"20210109204802","is_ascension_mode":true,"campfire_choices":[{"floor":12,"key":"REST"},{"data":"Carnage","floor":15,"key":"SMITH"},{"data":"Armaments","floor":23,"key":"SMITH"}],"circlet_count":0,"master_deck":["AscendersBane","Strike_R","Strike_R+1","Strike_R+1","Strike_R","Defend_R","Defend_R","Defend_R","Defend_R","Bash","Heavy Blade","Infernal Blade+1","Carnage+1","Cleave","Shockwave","Metallicize","Offering","Flex","Armaments+1","Double Tap","Metallicize+1","Demon Form","Writhe","Uppercut"],"relics":["Black Blood","NeowsBlessing","Toy Ornithopter","Blood Vial","Akabeko","Red Mask","Orichalcum","Red Skull","Nunchaku"],"acts_visited":["Exordium","TheCity"],"potions_floor_usage":[7,14,16,20,31,31],"damage_taken":[{"damage":0,"enemies":"Jaw Worm","floor":1,"turns":1},{"damage":0,"enemies":"Small Slimes","floor":3,"turns":1},{"damage":0,"enemies":"2 Louse","floor":4,"turns":1},{"damage":40,"enemies":"3 Sentries","floor":6,"turns":9},{"damage":33,"enemies":"Exordium Thugs","floor":7,"turns":5},{"damage":6,"enemies":"Looter","floor":10,"turns":2},{"damage":0,"enemies":"2 Fungi Beasts","floor":14,"turns":3},{"damage":8,"enemies":"Slime Boss","floor":16,"turns":6},{"damage":30,"enemies":"Shell Parasite","floor":18,"turns":4},{"damage":6,"enemies":"Masked Bandits","floor":20,"turns":2},{"damage":24,"enemies":"Spheric Guardian","floor":22,"turns":4},{"damage":25,"enemies":"Snake Plant","floor":24,"turns":4},{"damage":13,"enemies":"Centurion and Healer","floor":28,"turns":6},{"damage":43,"enemies":"3 Cultists","floor":30,"turns":6},{"damage":31,"enemies":"Gremlin Leader","floor":31,"turns":5}],"seed_played":"5562110792591183617","potions_obtained":[{"floor":1,"key":"BloodPotion"},{"floor":4,"key":"Strength Potion"},{"floor":7,"key":"SpeedPotion"},{"floor":16,"key":"ColorlessPotion"},{"floor":20,"key":"Dexterity Potion"},{"floor":24,"key":"HeartOfIron"}],"is_trial":false,"path_per_floor":["M","?","M","M","?","E","M","$","T","M","?","R","?","M","R","B",null,"M","?","?","$","M","R","M","?","T","$","M","?","M","E"],"character_chosen":"IRONCLAD","items_purchased":["Blood Vial","Double Tap","Orichalcum"],"campfire_rested":1,"item_purchase_floors":[8,21,21],"current_hp_per_floor":[74,74,75,75,52,18,11,11,11,13,13,35,35,48,48,53,70,54,54,67,67,57,57,46,46,46,46,47,47,18,0,0],"gold":171,"neow_bonus":"THREE_ENEMY_KILL","is_daily":false,"chose_seed":false,"campfire_upgraded":2,"win_rate":0.0,"timestamp":1610196482,"path_taken":["M","?","M","M","?","E","M","$","T","?","?","R","?","?","R","BOSS","M","?","?","?","?","R","M","?","T","$","M","?","M","E"],"items_purchased_type":["Relic","Card","Relic"],"build_version":"2020-12-22","purchased_purges":0,"victory":false,"max_hp_per_floor":[75,75,75,75,75,75,75,75,75,75,75,75,75,75,75,75,75,75,75,75,75,75,75,75,75,75,75,75,75,75,75,75],"card_choices":[{"not_picked":["Sever Soul","Second Wind"],"picked":"Heavy Blade","floor":1},{"not_picked":["Heavy Blade","Entrench"],"picked":"Infernal Blade","floor":3},{"not_picked":["Dark Embrace","Second Wind"],"picked":"Carnage","floor":4},{"not_picked":["Burning Pact","Headbutt"],"picked":"Cleave","floor":6},{"not_picked":["Rupture","Bloodletting","Clothesline"],"picked":"SKIP","floor":7},{"not_picked":["Headbutt","Body Slam"],"picked":"Shockwave","floor":10},{"not_picked":["Battle Trance","Shrug It Off"],"picked":"Metallicize","floor":14},{"not_picked":["Fiend Fire","Demon Form"],"picked":"Offering","floor":16},{"not_picked":["Thunderclap","Ghostly Armor"],"picked":"Flex","floor":18},{"not_picked":["Flex","Iron Wave"],"picked":"Armaments","floor":20},{"not_picked":["Wild Strike","Heavy Blade+1"],"picked":"Metallicize+1","floor":22},{"not_picked":["Flex","Shrug It Off+1"],"picked":"Demon Form","floor":24},{"not_picked":["Thunderclap","Wild Strike","Anger+1"],"picked":"SKIP","floor":28},{"not_picked":["Sword Boomerang+1","Shrug It Off"],"picked":"Uppercut","floor":30}],"player_experience":1327556,"relics_obtained":[{"floor":6,"key":"Toy Ornithopter"},{"floor":9,"key":"Akabeko"},{"floor":20,"key":"Red Mask"},{"floor":26,"key":"Red Skull"}],"event_choices":[{"damage_healed":0,"gold_gain":60,"player_choice":"Gained Gold","damage_taken":0,"max_hp_gain":0,"max_hp_loss":0,"event_name":"Golden Wing","floor":2,"gold_loss":0},{"damage_healed":0,"gold_gain":0,"player_choice":"Entered Light","damage_taken":23,"max_hp_gain":0,"max_hp_loss":0,"event_name":"Shining Light","floor":5,"gold_loss":0,"cards_upgraded":["Strike_R","Strike_R"]},{"damage_healed":0,"gold_gain":0,"player_choice":"Grow","damage_taken":0,"max_hp_gain":0,"max_hp_loss":0,"event_name":"Living Wall","floor":11,"gold_loss":0,"cards_upgraded":["Infernal Blade"]},{"cards_removed":["Strike_R"],"damage_healed":0,"gold_gain":0,"player_choice":"Purged","damage_taken":0,"max_hp_gain":0,"max_hp_loss":0,"event_name":"Purifier","floor":13,"gold_loss":0},{"damage_healed":0,"gold_gain":0,"player_choice":"Ignored","damage_taken":0,"max_hp_gain":0,"max_hp_loss":0,"event_name":"Beggar","floor":19,"gold_loss":0},{"damage_healed":0,"gold_gain":0,"player_choice":"Fought Bandits","damage_taken":0,"max_hp_gain":0,"max_hp_loss":0,"event_name":"Masked Bandits","floor":20,"gold_loss":0},{"damage_healed":0,"gold_gain":50,"player_choice":"Stole From Cult","damage_taken":0,"max_hp_gain":0,"max_hp_loss":0,"event_name":"Nest","floor":25,"gold_loss":0},{"damage_healed":0,"gold_gain":0,"player_choice":"Opened","damage_taken":0,"relics_obtained":["Nunchaku"],"max_hp_gain":0,"max_hp_loss":0,"event_name":"The Mausoleum","floor":29,"gold_loss":0,"cards_obtained":["Writhe"]}],"is_beta":false,"boss_relics":[{"not_picked":["Snecko Eye","Ectoplasm"],"picked":"Black Blood"}],"items_purged_floors":[],"is_endless":false,"potions_floor_spawned":[1,4,7,16,20,24],"killed_by":"Gremlin Leader","ascension_level":17}}