{"host":"d8d3jqle49sogkjv","time":1610208941,"event":{"mods":["BaseMod","Colored Map","Colored Powertips","Minty Spire (QoL Compilation)","StSLib"],"gold_per_floor":[115,127,127,145,131,131,166,45,45,57,57,89,89,102,102,205,205,216,226,15,29,209,209,228,256,256,10,10,10,30,44,44,147,147,166,180,57,57,69,104,104,104,104],"floor_reached":42,"playtime":3252,"items_purged":["Defend_P","Defend_P"],"score":582,"play_id":"f122e6ff-7580-4ff6-96f0-2875012320f9","local_time":"20210109171541","is_ascension_mode":true,"campfire_choices":[{"data":"DeceiveReality","floor":6,"key":"SMITH"},{"data":"PathToVictory","floor":11,"key":"SMITH"},{"data":"PathToVictory","floor":15,"key":"SMITH"},{"data":"Ragnarok","floor":23,"key":"SMITH"},{"data":"Eruption","floor":29,"key":"PURGE"},{"data":"Strike_P","floor":32,"key":"PURGE"},{"data":"Nirvana","floor":41,"key":"SMITH"}],"circlet_count":0,"master_deck":["Vigilance","DeceiveReality+1","Nirvana","PathToVictory+1","Wireheading","Devotion","PathToVictory+1","ThirdEye","MasterReality","JustLucky","Ragnarok+1","Nirvana+1","ThirdEye","EmptyMind+1","Sanctity","LikeWater+1","DeceiveReality","ThirdEye+1","Establishment","Alpha+1","LikeWater+1","Nirvana+1","PathToVictory","Parasite","DevaForm","WaveOfTheHand+1"],"relics":["PureWater","Darkstone Periapt","Meat on the Bone","Eternal Feather","Sozu","Thread and Needle","Peace Pipe","Membership Card","Astrolabe","Ancient Tea Set","Potion Belt"],"acts_visited":["Exordium","TheCity","TheBeyond"],"potions_floor_usage":[12,18,19],"damage_taken":[{"damage":0,"enemies":"2 Louse","floor":1,"turns":4},{"damage":11,"enemies":"Cultist","floor":2,"turns":4},{"damage":1,"enemies":"Jaw Worm","floor":4,"turns":5},{"damage":7,"enemies":"Exordium Thugs","floor":5,"turns":4},{"damage":0,"enemies":"Lagavulin","floor":7,"turns":6},{"damage":0,"enemies":"2 Fungi Beasts","floor":10,"turns":3},{"damage":23,"enemies":"Gremlin Nob","floor":12,"turns":4},{"damage":4,"enemies":"Exordium Wildlife","floor":14,"turns":5},{"damage":11,"enemies":"Slime Boss","floor":16,"turns":6},{"damage":15,"enemies":"3 Byrds","floor":18,"turns":4},{"damage":8,"enemies":"Spheric Guardian","floor":19,"turns":6},{"damage":13,"enemies":"Centurion and Healer","floor":21,"turns":7},{"damage":8,"enemies":"Cultist and Chosen","floor":24,"turns":7},{"damage":34,"enemies":"Slavers","floor":25,"turns":10},{"damage":0,"enemies":"Snecko","floor":30,"turns":4},{"damage":6,"enemies":"Snake Plant","floor":31,"turns":5},{"damage":49,"enemies":"Collector","floor":33,"turns":9},{"damage":7,"enemies":"3 Shapes","floor":35,"turns":5},{"damage":15,"enemies":"3 Darklings","floor":36,"turns":3},{"damage":21,"enemies":"Writhing Mass","floor":39,"turns":6},{"damage":5,"enemies":"Giant Head","floor":40,"turns":8},{"damage":69,"enemies":"Reptomancer","floor":42,"turns":2}],"seed_played":"-4747366217725900120","potions_obtained":[{"floor":2,"key":"LiquidBronze"},{"floor":7,"key":"ColorlessPotion"},{"floor":14,"key":"Block Potion"}],"is_trial":false,"path_per_floor":["M","M","?","M","M","R","E","$","T","M","R","E","$","M","R","B",null,"M","M","$","M","?","R","M","E","T","$","?","R","M","M","R","B",null,"M","M","$","?","M","E","R","E"],"character_chosen":"WATCHER","items_purchased":["PathToVictory","Ragnarok","Nirvana","ThirdEye","Membership Card","Sanctity","LikeWater","DeceiveReality","Ancient Tea Set"],"campfire_rested":0,"item_purchase_floors":[8,20,20,20,27,27,27,27,37],"current_hp_per_floor":[72,61,61,60,53,53,53,53,53,53,53,42,42,38,44,45,72,57,49,49,48,29,38,42,20,20,20,44,56,56,50,62,25,72,65,50,50,50,47,42,57,0,0],"gold":104,"neow_bonus":"TRANSFORM_TWO_CARDS","is_daily":false,"chose_seed":false,"campfire_upgraded":5,"win_rate":0.0,"timestamp":1610208941,"path_taken":["M","M","?","?","M","R","E","$","T","M","R","E","?","M","R","BOSS","M","?","$","?","?","R","M","E","T","?","?","R","M","?","R","BOSS","M","M","$","?","?","E","R","E"],"items_purchased_type":["Card","Card","Card","Card","Relic","Card","Card","Card","Relic"],"build_version":"2020-12-22","purchased_purges":2,"victory":false,"max_hp_per_floor":[72,72,72,72,72,72,72,72,72,72,72,72,72,72,72,72,72,72,72,72,72,72,72,72,72,72,72,72,72,72,72,72,72,72,72,72,72,72,78,78,78,78,78],"card_choices":[{"not_picked":["MentalFortress","Consecrate"],"picked":"PathToVictory","floor":1},{"not_picked":["Consecrate","Protect"],"picked":"Wireheading","floor":2},{"not_picked":["FollowUp","SignatureMove","Consecrate"],"picked":"SKIP","floor":4},{"not_picked":["SashWhip","Study","Worship"],"picked":"SKIP","floor":5},{"not_picked":["FlurryOfBlows","FlyingSleeves"],"picked":"Devotion","floor":7},{"not_picked":["Conclude","ClearTheMind","SignatureMove"],"picked":"SKIP","floor":10},{"not_picked":["Indignation","Halt","SashWhip"],"picked":"SKIP","floor":12},{"not_picked":["Protect","InnerPeace"],"picked":"ThirdEye","floor":14},{"not_picked":["Scrawl","Brilliance"],"picked":"MasterReality","floor":16},{"not_picked":["Evaluate","Halt"],"picked":"JustLucky","floor":18},{"not_picked":["Meditate","FlurryOfBlows","ClearTheMind+1"],"picked":"SKIP","floor":19},{"not_picked":["SandsOfTime","Collect+1","ClearTheMind"],"picked":"SKIP","floor":21},{"not_picked":["Halt+1","Meditate","Fasting2"],"picked":"SKIP","floor":24},{"not_picked":["FlyingSleeves","BowlingBash+1"],"picked":"EmptyMind+1","floor":25},{"not_picked":["Consecrate+1","MasterReality"],"picked":"ThirdEye+1","floor":30},{"not_picked":["EmptyFist","SashWhip","ClearTheMind+1"],"picked":"SKIP","floor":31},{"not_picked":["Omniscience","LessonLearned"],"picked":"Establishment","floor":33},{"not_picked":["Wallop+1","TalkToTheHand"],"picked":"PathToVictory","floor":35},{"not_picked":["Wallop","BowlingBash","CutThroughFate"],"picked":"SKIP","floor":36},{"not_picked":["EmptyFist","Protect+1"],"picked":"DevaForm","floor":39},{"not_picked":["Study+1","Prostrate+1"],"picked":"WaveOfTheHand+1","floor":40}],"player_experience":409939,"relics_obtained":[{"floor":7,"key":"Darkstone Periapt"},{"floor":9,"key":"Meat on the Bone"},{"floor":12,"key":"Eternal Feather"},{"floor":25,"key":"Thread and Needle"},{"floor":26,"key":"Peace Pipe"},{"floor":40,"key":"Potion Belt"}],"event_choices":[{"cards_removed":["Normality"],"damage_healed":0,"gold_gain":0,"player_choice":"Purged","damage_taken":0,"max_hp_gain":0,"max_hp_loss":0,"event_name":"Purifier","floor":3,"gold_loss":0},{"damage_healed":0,"gold_gain":180,"player_choice":"GOLD GOLD ","damage_taken":19,"max_hp_gain":0,"max_hp_loss":0,"event_name":"Knowing Skull","floor":22,"potions_obtained":[],"gold_loss":0,"cards_obtained":[]},{"damage_healed":24,"gold_gain":0,"player_choice":"Heal","damage_taken":0,"max_hp_gain":0,"max_hp_loss":0,"event_name":"The Library","floor":28,"gold_loss":0},{"damage_healed":0,"gold_gain":0,"player_choice":"Upgraded","damage_taken":0,"max_hp_gain":0,"max_hp_loss":0,"event_name":"Upgrade Shrine","floor":38,"gold_loss":0,"cards_upgraded":["LikeWater"]}],"is_beta":false,"boss_relics":[{"not_picked":["SacredBark","Runic Dome"],"picked":"Sozu"},{"not_picked":["VioletLotus","Velvet Choker"],"picked":"Astrolabe"}],"items_purged_floors":[8,37],"is_endless":false,"potions_floor_spawned":[2,7,14,18,19,21,33,35,39],"killed_by":"Reptomancer","ascension_level":4}}