{"host":"oe6yjh9x9s1jtd6c","time":1610229378,"event":{"mods":["Act Like it!","BaseMod","Downfall","Hubris","Jorbs\u0027s Wanderer Trilogy","Minty Spire (QoL Compilation)","Permanent Neow","Relic Stats","Replay The Spire","Shop Mod","StSLib","The Jungle"],"gold_per_floor":[117,133,133,149,5,32,51,84,84,84,100,117,117,133,133,238,238,238,238,238],"floor_reached":18,"playtime":1633,"items_purged":[],"score":224,"play_id":"842a4f63-eaa5-4675-b15a-5d09b5192846","local_time":"20210109215618","is_ascension_mode":false,"campfire_choices":[{"floor":10,"key":"REST"},{"data":"champ:DefensiveStyle","floor":13,"key":"SMITH"},{"data":"champ:EnGarde","floor":15,"key":"SMITH"}],"circlet_count":0,"master_deck":["champ:Strike","champ:Strike","champ:Strike","champ:Defend","champ:Defend","champ:Defend","champ:Execute","champ:Taunt+1","champ:EnGarde+1","champ:CrookedStrike","champ:BerserkersShout","champ:DefensiveStyle+1","champ:Lariat","champ:DeathBlow","champ:IronFortress","champ:DefensiveShout","champ:EnGarde","champ:CalledShot","champ:FocusedDefense","champ:SteelEdge"],"relics":["champ:ChampionCrownUpgraded","Mummified Hand","Chameleon Ring","hubris:ToyBattleship"],"acts_visited":["Exordium","Exordium"],"potions_floor_usage":[8,8],"damage_taken":[{"damage":0,"enemies":"2 Louse","floor":1,"turns":2},{"damage":13,"enemies":"Cultist","floor":2,"turns":5},{"damage":8,"enemies":"Jaw Worm","floor":4,"turns":3},{"damage":20,"enemies":"Gremlin Nob","floor":6,"turns":5},{"damage":35,"enemies":"Exordium Thugs","floor":7,"turns":5},{"damage":14,"enemies":"Lagavulin","floor":8,"turns":4},{"damage":7,"enemies":"Blue Slaver","floor":11,"turns":4},{"damage":18,"enemies":"3 Louse","floor":12,"turns":4},{"damage":33,"enemies":"Gremlin Gang","floor":14,"turns":4},{"damage":14,"enemies":"Hexaghost","floor":16,"turns":7},{"damage":44,"enemies":"theJungle:5_Spyders","floor":18,"turns":7}],"seed_played":"-6626231337766205412","potions_obtained":[{"floor":6,"key":"Weak Potion"},{"floor":7,"key":"champ:TechniquePotion"},{"floor":8,"key":"LifebloodPotion"},{"floor":12,"key":"Energy Potion"},{"floor":16,"key":"Swift Potion"}],"is_trial":false,"path_per_floor":["M","M","?","M","$","E","M","E","T","R","M","M","R","M","R","B",null,"M"],"character_chosen":"THE_CHAMP","items_purchased":["champ:DefensiveStyle","champ:Lariat"],"campfire_rested":1,"item_purchase_floors":[5,5],"current_hp_per_floor":[63,58,58,50,50,36,15,15,15,42,40,32,32,17,17,9,90,49,49,49],"gold":238,"neow_bonus":"REMOVE_TWO","is_daily":false,"chose_seed":false,"campfire_upgraded":2,"win_rate":0.0,"timestamp":1610229378,"path_taken":["M","M","?","M","$","E","?","E","T","R","M","M","R","M","R","BOSS","M"],"items_purchased_type":["Card","Card"],"build_version":"2020-12-22","purchased_purges":0,"victory":false,"max_hp_per_floor":[90,90,90,90,90,90,90,90,90,90,90,90,90,90,90,90,90,90,90,90],"relic_stats":{"counters":[11,50],"Mummified Hand":[19],"obtain_stats":[{"Chameleon Ring":8,"Mummified Hand":6,"champ:ChampionCrown":0,"champ:ChampionCrownUpgraded":17,"hubris:ToyBattleship":9},{"Chameleon Ring":6,"Mummified Hand":4,"champ:ChampionCrown":0,"champ:ChampionCrownUpgraded":10,"hubris:ToyBattleship":6},{"Chameleon Ring":24,"Mummified Hand":15,"champ:ChampionCrown":0,"champ:ChampionCrownUpgraded":43,"hubris:ToyBattleship":24}]},"card_choices":[{"not_picked":["champ:BladeFlurry","champ:TornadoPunch"],"picked":"champ:EnGarde","floor":1},{"not_picked":["champ:FlashCut","champ:GladiatorsShout"],"picked":"champ:CrookedStrike","floor":2},{"not_picked":["champ:FlashCut","champ:Circumvent"],"picked":"champ:BerserkersShout","floor":4},{"not_picked":["champ:GladiatorsShout","champ:Circumvent"],"picked":"champ:DeathBlow","floor":6},{"not_picked":["champ:FlashCut","champ:ArenaPreparation"],"picked":"champ:IronFortress","floor":7},{"not_picked":["champ:TornadoPunch","champ:GutPunch"],"picked":"champ:DefensiveShout","floor":8},{"not_picked":["champ:Circumvent","champ:GutPunch"],"picked":"champ:EnGarde","floor":11},{"not_picked":["champ:VampiricStrike","champ:FanOfKnives"],"picked":"champ:CalledShot","floor":12},{"not_picked":["champ:AdrenalArmor","champ:FaceSlap"],"picked":"champ:FocusedDefense","floor":14},{"not_picked":["champ:LastStand","champ:Devastate"],"picked":"champ:SteelEdge","floor":16}],"player_experience":589654,"relics_obtained":[{"floor":6,"key":"Mummified Hand"},{"floor":8,"key":"Chameleon Ring"},{"floor":9,"key":"hubris:ToyBattleship"}],"event_choices":[{"damage_healed":0,"gold_gain":0,"player_choice":"Upgraded","damage_taken":0,"max_hp_gain":0,"max_hp_loss":0,"event_name":"Upgrade Shrine","floor":3,"gold_loss":0,"cards_upgraded":["champ:Taunt"]}],"is_beta":false,"boss_relics":[{"not_picked":["Replay:Ancient Bell","Replay:Bronze Core"],"picked":"champ:ChampionCrownUpgraded"}],"items_purged_floors":[],"is_endless":false,"potions_floor_spawned":[6,7,8,12,16],"killed_by":"theJungle:5_Spyders","ascension_level":0}}