{"host":"k85tjwrh7mjrrc9a","time":1610219573,"event":{"mods":["AchievementEnabler","BaseMod","Colored Powertips","Highlight Path","Minty Spire (QoL Compilation)","Rare Cards Sparkle","StSLib"],"gold_per_floor":[110,110,110,176,194,227,227,240,240,267,277,277,277,287,287,384,384,394,394,394,413,97,97,97],"floor_reached":23,"playtime":1440,"items_purged":["Strike_R"],"score":289,"play_id":"4a932861-baaa-4b33-98e5-0c88cd47c837","local_time":"20210109141253","is_ascension_mode":true,"campfire_choices":[{"floor":7.0,"key":"REST"},{"floor":13.0,"key":"REST"},{"data":"Evolve","floor":15.0,"key":"SMITH"}],"circlet_count":0,"master_deck":["Strike_R","Strike_R","Strike_R","Strike_R","Defend_R","Defend_R","Defend_R","Defend_R","Bash+1","Wild Strike","Shrug It Off","Evolve+1","Battle Trance","Shockwave","Reaper"],"relics":["Mark of Pain","Potion Belt","Blood Vial","Lantern","Bag of Preparation","Philosopher\u0027s Stone","MutagenicStrength","Ornamental Fan"],"acts_visited":["Exordium","TheCity"],"potions_floor_usage":[23,23],"damage_taken":[{"damage":0.0,"enemies":"Cultist","floor":1.0,"turns":2.0},{"damage":2.0,"enemies":"Jaw Worm","floor":5.0,"turns":3.0},{"damage":25.0,"enemies":"Lagavulin","floor":6.0,"turns":6.0},{"damage":8.0,"enemies":"2 Louse","floor":8.0,"turns":2.0},{"damage":23.0,"enemies":"Gremlin Nob","floor":10.0,"turns":4.0},{"damage":8.0,"enemies":"2 Fungi Beasts","floor":11.0,"turns":3.0},{"damage":3.0,"enemies":"Looter","floor":14.0,"turns":2.0},{"damage":38.0,"enemies":"Slime Boss","floor":16.0,"turns":10.0},{"damage":22.0,"enemies":"3 Byrds","floor":18.0,"turns":6.0},{"damage":33.0,"enemies":"Shell Parasite","floor":21.0,"turns":4.0},{"damage":59,"enemies":"Gremlin Leader","floor":23,"turns":6}],"seed_played":"140130357226537169","potions_obtained":[{"floor":1.0,"key":"Swift Potion"},{"floor":6.0,"key":"Dexterity Potion"},{"floor":11.0,"key":"BloodPotion"}],"is_trial":false,"path_per_floor":["M","?","T","?","M","E","R","M","T","E","M","?","R","M","R","B",null,"M","?","?","M","$","E"],"character_chosen":"IRONCLAD","items_purchased":["Ornamental Fan"],"campfire_rested":2,"item_purchase_floors":[22],"current_hp_per_floor":[72,72,72,72,70,45,69,63,63,42,36,36,60,59,59,23,66,49,49,49,18,18,0,0],"gold":97,"neow_bonus":"BOSS_RELIC","is_daily":false,"chose_seed":false,"campfire_upgraded":1,"win_rate":0.0,"timestamp":1610219573,"path_taken":["M","?","?","?","M","E","R","M","T","E","M","?","R","M","R","BOSS","M","?","?","M","$","E"],"items_purchased_type":["Relic"],"build_version":"2020-12-22","purchased_purges":1,"victory":false,"max_hp_per_floor":[80,80,80,80,80,80,80,80,80,80,80,80,80,80,80,80,80,80,80,80,80,80,80,80],"card_choices":[{"not_picked":["Infernal Blade","Entrench"],"picked":"Wild Strike","floor":1.0},{"not_picked":["Havoc","Reckless Charge","Bloodletting"],"picked":"SKIP","floor":5.0},{"not_picked":["Perfected Strike","Sever Soul","Anger"],"picked":"SKIP","floor":6.0},{"not_picked":["Wild Strike","Pommel Strike"],"picked":"Shrug It Off","floor":8.0},{"not_picked":["True Grit","Clothesline"],"picked":"Evolve","floor":10.0},{"not_picked":["Perfected Strike","Impervious"],"picked":"Battle Trance","floor":11.0},{"not_picked":["Headbutt","Dropkick"],"picked":"Shockwave","floor":14.0},{"not_picked":["Impervious","Exhume"],"picked":"Reaper","floor":16.0},{"not_picked":["Twin Strike+1","Sword Boomerang","Spot Weakness"],"picked":"SKIP","floor":18.0},{"not_picked":["Flex+1","Armaments","Fire Breathing+1"],"picked":"SKIP","floor":21.0}],"player_experience":172327,"relics_obtained":[{"floor":3.0,"key":"Potion Belt"},{"floor":6.0,"key":"Blood Vial"},{"floor":9.0,"key":"Lantern"},{"floor":10.0,"key":"Bag of Preparation"}],"event_choices":[{"damage_healed":0.0,"max_hp_gain":0.0,"max_hp_loss":0.0,"gold_gain":0.0,"event_name":"Living Wall","player_choice":"Grow","floor":2.0,"gold_loss":0.0,"damage_taken":0.0,"cards_upgraded":["Bash"]},{"damage_healed":0.0,"max_hp_gain":0.0,"max_hp_loss":0.0,"gold_gain":66.0,"event_name":"Golden Wing","player_choice":"Gained Gold","floor":4.0,"gold_loss":0.0,"damage_taken":0.0},{"damage_healed":0.0,"max_hp_gain":0.0,"max_hp_loss":0.0,"gold_gain":0.0,"event_name":"Liars Game","player_choice":"Ignored","floor":12.0,"gold_loss":0.0,"damage_taken":0.0},{"damage_healed":0.0,"max_hp_gain":0.0,"max_hp_loss":0.0,"gold_gain":0.0,"event_name":"Ghosts","player_choice":"Ignored","floor":19.0,"gold_loss":0.0,"damage_taken":0.0},{"damage_healed":0.0,"max_hp_gain":0.0,"max_hp_loss":0.0,"gold_gain":0.0,"event_name":"Drug Dealer","player_choice":"Inject Mutagens","floor":20.0,"gold_loss":0.0,"damage_taken":0.0,"relics_obtained":["MutagenicStrength"]}],"is_beta":false,"boss_relics":[{"not_picked":["Ectoplasm","Pandora\u0027s Box"],"picked":"Philosopher\u0027s Stone"}],"items_purged_floors":[22],"is_endless":false,"potions_floor_spawned":[1,6,11],"killed_by":"Gremlin Leader","ascension_level":9}}