{"host":"ivg6uxy7auliciht","time":1610158470,"event":{"mods":["BaseMod","Bestiary","BetterRewards","Duelist Mod","GifTheSpireLib","Googly Eyes","Hermit","Minty Spire (QoL Compilation)","Rare Cards Sparkle","Replay The Spire","Shade Mod","Shop Mod","Spicy Shops","StSLib","The Cursed","The Dragon Tamer","The Forsaken","The Gatherer","The Hierophant","The Necromancer","The Runesmith"],"gold_per_floor":[119,119,119,139,154,187,187,18,98,114,147,159,175,200,200,303,303,318,336,353,119,130,163,163,173,173,193,209,220,239,273,273,375,375,388,233,233,134,134,160,160,194,194,244,263,263,276,351,351,351],"floor_reached":51,"playtime":6908,"items_purged":[],"score":936,"play_id":"5102e03b-aff8-444f-85f5-3547f5d99383","local_time":"20210108211430","is_ascension_mode":false,"campfire_choices":[{"data":"theForsaken:Retribution","floor":15.0,"key":"SMITH"},{"data":"theForsaken:Prudence","floor":24,"key":"SMITH"},{"data":"theForsaken:TearsOfSunlight","floor":32,"key":"SMITH"},{"data":"ReplayUltimateDefense","floor":41,"key":"SMITH"},{"data":"theForsaken:Prudence","floor":46,"key":"SMITH"},{"floor":49,"key":"DIG"}],"circlet_count":0,"master_deck":["theForsaken:TheForsaken_Strike","theForsaken:TheForsaken_Strike","theForsaken:TheForsaken_Strike+1","theForsaken:TheForsaken_Strike","theForsaken:TheForsaken_Defend","theForsaken:TheForsaken_Defend+1","theForsaken:TheForsaken_Defend","theForsaken:Smite","theForsaken:Penitence","theForsaken:PanicDive+1","theForsaken:RainingSunlight","theForsaken:NobleSacrifice","theForsaken:FatRoll","theForsaken:QuickAttack","theForsaken:Retribution+1","theForsaken:PreciseStrike","theForsaken:Prudence+1","theForsaken:DarkBarrier","theForsaken:Horror","theForsaken:Backlash+1","theForsaken:HealingLight","theForsaken:FatRoll","theForsaken:DefensiveStance","theForsaken:BountifulSunlight+1","theForsaken:BlessedWeapon+1","theForsaken:QuickAttack","theForsaken:QuickAttack","theForsaken:ChargeAttack+1","theForsaken:CleansingLight+1","theForsaken:TearsOfSunlight+1","theForsaken:Prudence+1","CurseOfTheBell","theForsaken:PlagueCurse","ReplayUltimateDefense+1","theForsaken:PlagueCurse","theForsaken:ChargeAttack","theForsaken:ChargeAttack+1","theForsaken:MagicWeapon","theForsaken:SiphonStrike+1"],"relics":["theForsaken:JudgementScales","Juzu Bracelet","Lantern","ReplayTheSpireMod:Shallot","theForsaken:Lifeblossom","Odd Mushroom","Velvet Choker","Centennial Puzzle","Happy Flower","Lizard Tail","Replay:Grab Bag","ReplayTheSpireMod:Onyx Gauntlets","Coffee Dripper","Calling Bell","Pen Nib","ReplayTheSpireMod:Ninjato","Ice Cream","ReplayFunnel","ReplayTheSpireMod:CursedCoin","theForsaken:PlagueMask","Snack Pack","TungstenRod","theForsaken:Gavel","Du-Vu Doll","Divine Protection","Replay:Baseball"],"acts_visited":["Exordium","TheCity","TheBeyond"],"potions_floor_usage":[33],"damage_taken":[{"damage":1.0,"enemies":"2 Louse","floor":1.0,"turns":2.0},{"damage":0.0,"enemies":"Small Slimes","floor":4.0,"turns":3.0},{"damage":0.0,"enemies":"Jaw Worm","floor":5.0,"turns":3.0},{"damage":28.0,"enemies":"3 Sentries","floor":6.0,"turns":11.0},{"damage":11.0,"enemies":"3 Louse","floor":10.0,"turns":4.0},{"damage":15.0,"enemies":"Gremlin Nob","floor":11.0,"turns":5.0},{"damage":0.0,"enemies":"Looter","floor":12.0,"turns":4.0},{"damage":0.0,"enemies":"Blue Slaver","floor":13.0,"turns":3.0},{"damage":4.0,"enemies":"The Mushroom Lair","floor":14.0,"turns":4.0},{"damage":43.0,"enemies":"The Guardian","floor":16.0,"turns":14.0},{"damage":4.0,"enemies":"Spheric Guardian","floor":18.0,"turns":5.0},{"damage":0.0,"enemies":"Chosen","floor":19.0,"turns":6.0},{"damage":0.0,"enemies":"Snake Plant","floor":20.0,"turns":6.0},{"damage":0.0,"enemies":"Chosen and Byrds","floor":22.0,"turns":7.0},{"damage":0.0,"enemies":"theDuelist:KaibaA2","floor":23.0,"turns":6.0},{"damage":0,"enemies":"Centurion and Healer","floor":25,"turns":9},{"damage":17,"enemies":"Snake Plant","floor":27,"turns":6},{"damage":0,"enemies":"Snecko","floor":28,"turns":6},{"damage":18,"enemies":"3 Cultists","floor":29,"turns":6},{"damage":0,"enemies":"Chosen and Byrds","floor":30,"turns":8},{"damage":28,"enemies":"Slavers","floor":31,"turns":8},{"damage":7,"enemies":"Champ","floor":33,"turns":13},{"damage":11,"enemies":"3 Shapes","floor":35,"turns":6},{"damage":7,"enemies":"Giant Head","floor":40,"turns":10},{"damage":0,"enemies":"Nemesis","floor":42,"turns":15},{"damage":10,"enemies":"Mind Bloom Boss Battle","floor":44,"turns":8},{"damage":1,"enemies":"3 Darklings","floor":45,"turns":5},{"damage":0,"enemies":"Spire Growth","floor":47,"turns":5},{"damage":0,"enemies":"Awakened One","floor":50,"turns":16}],"seed_played":"-419787941787300844","potions_obtained":[{"floor":1.0,"key":"Explosive Potion"},{"floor":6.0,"key":"ColorlessPotion"},{"floor":10.0,"key":"Languid Potion"},{"floor":11.0,"key":"Death Potion"},{"floor":19.0,"key":"Venom Potion"},{"floor":22.0,"key":"Flashbang"},{"floor":25,"key":"theForsaken:FearPotion"},{"floor":29,"key":"Strength Potion"},{"floor":40,"key":"Explosive Potion"}],"is_trial":false,"path_per_floor":["M","?","?","M","M","E","?","$","T","M","E","M","M","?","R","B",null,"M","M","M","$","M","E","R","M","T","M","M","M","M","E","R","B",null,"M","$","?","$","?","E","R","E","T","?","M","R","M","T","R","B",null],"character_chosen":"THE_FORSAKEN","items_purchased":["Lantern","theForsaken:FatRoll","theForsaken:DefensiveStance","ReplayFunnel","ReplayTheSpireMod:CursedCoin","ReplayUltimateDefense"],"campfire_rested":0,"item_purchase_floors":[8,8,21,36,38,38],"current_hp_per_floor":[70,56,56,59,61,36,59,59,59,51,39,47,52,62,62,38,71,67,71,71,71,71,71,71,71,71,71,71,71,71,71,71,64,71,71,71,71,71,71,71,71,71,71,69,71,71,71,71,71,71],"gold":351,"neow_bonus":"TEN_PERCENT_HP_BONUS","is_daily":false,"chose_seed":false,"campfire_upgraded":5,"win_rate":0.0,"timestamp":1610158470,"path_taken":["M","?","?","M","M","E","?","$","T","M","E","M","M","?","R","BOSS","M","M","M","$","M","E","R","M","T","M","M","M","M","E","R","BOSS","M","$","?","$","?","E","R","E","T","?","M","R","M","?","R","BOSS"],"items_purchased_type":["Relic","Card","Card","Relic","Relic","Card"],"build_version":"2020-12-22","purchased_purges":0,"victory":true,"max_hp_per_floor":[71,71,71,71,71,71,71,71,71,71,71,71,71,71,71,71,71,71,71,71,71,71,71,71,71,71,71,71,71,71,71,71,71,71,71,71,71,71,71,71,71,71,71,71,71,71,71,71,71,71],"card_choices":[{"not_picked":["theForsaken:HealingLight","theForsaken:QuickAttack"],"picked":"theForsaken:PanicDive","floor":1.0},{"not_picked":["theForsaken:Backlash","theForsaken:Eulogy"],"picked":"theForsaken:RainingSunlight","floor":4.0},{"not_picked":["theForsaken:FatRoll","theForsaken:CreepingInfection","theForsaken:PowerUp"],"picked":"SKIP","floor":5.0},{"not_picked":["theForsaken:Prudence","theForsaken:BlightOfFamine"],"picked":"theForsaken:NobleSacrifice","floor":6.0},{"not_picked":["theForsaken:AncientWords","theForsaken:BattleHymn"],"picked":"theForsaken:QuickAttack","floor":10.0},{"not_picked":["theForsaken:ChargeAttack","theForsaken:Thunderbolt"],"picked":"theForsaken:Retribution","floor":11.0},{"not_picked":["theForsaken:Parry","theForsaken:CreepingInfection"],"picked":"theForsaken:PreciseStrike","floor":12.0},{"not_picked":["theForsaken:LightRoll","theForsaken:PowerUp"],"picked":"theForsaken:Prudence","floor":13.0},{"not_picked":["theForsaken:HorrifyingStrike","theForsaken:Eulogy"],"picked":"theForsaken:DarkBarrier","floor":14.0},{"not_picked":["theForsaken:SacrificeSoul","theForsaken:DarkRift"],"picked":"theForsaken:Horror","floor":16.0},{"not_picked":["theForsaken:FatRoll+1","theForsaken:Parry"],"picked":"theForsaken:Backlash+1","floor":18.0},{"not_picked":["theForsaken:ScorchingSunlight","theForsaken:NobleSacrifice"],"picked":"theForsaken:HealingLight","floor":19.0},{"not_picked":["theForsaken:HymnOfPatience","theForsaken:Thunderbolt"],"picked":"theForsaken:FatRoll","floor":20.0},{"not_picked":["theForsaken:LightRoll","theForsaken:FatRoll+1"],"picked":"theForsaken:BountifulSunlight+1","floor":22.0},{"not_picked":["theForsaken:StoreUp","theForsaken:BountifulSunlight+1"],"picked":"theForsaken:BlessedWeapon+1","floor":23.0},{"not_picked":["theForsaken:ShieldCharge","theForsaken:BattleHymn"],"picked":"theForsaken:QuickAttack","floor":25},{"not_picked":["theForsaken:HymnOfPatience","theForsaken:Riposte"],"picked":"theForsaken:QuickAttack","floor":27},{"not_picked":["theForsaken:Backlash+1","theForsaken:PowerUp+1"],"picked":"theForsaken:ChargeAttack+1","floor":28},{"not_picked":["theForsaken:DarkBargain","theForsaken:BottledPlague"],"picked":"theForsaken:CleansingLight+1","floor":29},{"not_picked":["theForsaken:BottledPlague","theForsaken:PowerUp"],"picked":"theForsaken:TearsOfSunlight","floor":30},{"not_picked":["theForsaken:RainingSunlight","theForsaken:Thunderbolt","theForsaken:FatRoll"],"picked":"SKIP","floor":31},{"not_picked":["theForsaken:Mantra","theForsaken:Temperance"],"picked":"theForsaken:Prudence","floor":33},{"not_picked":["theForsaken:PowerUp","theForsaken:QuickAttack","theForsaken:FatRoll+1"],"picked":"SKIP","floor":35},{"not_picked":["theForsaken:FatRoll","theForsaken:WordOfPower"],"picked":"theForsaken:ChargeAttack","floor":40},{"not_picked":["theForsaken:HymnOfPatience","theForsaken:PowerUp+1","theForsaken:AncientWords"],"picked":"SKIP","floor":42},{"not_picked":["theForsaken:QuickAttack+1","theForsaken:HymnOfRest+1"],"picked":"theForsaken:ChargeAttack+1","floor":44},{"not_picked":["theForsaken:SpinAttack+1","theForsaken:SolarFlare"],"picked":"theForsaken:MagicWeapon","floor":45},{"not_picked":["theForsaken:LightRoll","theForsaken:BattleHymn"],"picked":"theForsaken:SiphonStrike+1","floor":47}],"player_experience":42758,"relics_obtained":[{"floor":6.0,"key":"Juzu Bracelet"},{"floor":9.0,"key":"ReplayTheSpireMod:Shallot"},{"floor":11.0,"key":"theForsaken:Lifeblossom"},{"floor":14.0,"key":"Odd Mushroom"},{"floor":23.0,"key":"Centennial Puzzle"},{"floor":26,"key":"Happy Flower"},{"floor":31,"key":"Lizard Tail"},{"floor":34,"key":"Pen Nib"},{"floor":34,"key":"ReplayTheSpireMod:Ninjato"},{"floor":34,"key":"Ice Cream"},{"floor":40,"key":"Snack Pack"},{"floor":42,"key":"TungstenRod"},{"floor":43,"key":"theForsaken:Gavel"},{"floor":44,"key":"Du-Vu Doll"},{"floor":48,"key":"Divine Protection"},{"floor":49,"key":"Replay:Baseball"}],"event_choices":[{"damage_healed":0.0,"max_hp_gain":0.0,"max_hp_loss":0.0,"gold_gain":0.0,"event_name":"Shining Light","player_choice":"Entered Light","floor":2.0,"gold_loss":0.0,"damage_taken":14.0,"cards_upgraded":["theForsaken:TheForsaken_Strike","theForsaken:TheForsaken_Defend"]},{"damage_healed":0.0,"max_hp_gain":0.0,"max_hp_loss":0.0,"gold_gain":0.0,"event_name":"Living Wall","player_choice":"Grow","floor":3.0,"gold_loss":0.0,"damage_taken":0.0,"cards_upgraded":["theForsaken:PanicDive"]},{"damage_healed":23.0,"max_hp_gain":0.0,"max_hp_loss":0.0,"gold_gain":0.0,"event_name":"Big Fish","player_choice":"Banana","floor":7.0,"gold_loss":0.0,"damage_taken":0.0},{"damage_healed":0.0,"max_hp_gain":0.0,"max_hp_loss":0.0,"gold_gain":0.0,"event_name":"Mushrooms","player_choice":"Fought Mushrooms","floor":14.0,"gold_loss":0.0,"damage_taken":0.0},{"cards_removed":["theForsaken:TheForsaken_Defend"],"damage_healed":0,"gold_gain":0,"player_choice":"Removed Skill","damage_taken":0,"max_hp_gain":0,"max_hp_loss":0,"event_name":"Falling","floor":37,"gold_loss":0},{"damage_healed":0,"gold_gain":0,"player_choice":"Obtain Plague Curse","damage_taken":0,"max_hp_gain":0,"max_hp_loss":0,"event_name":"Plague Doctor","floor":39,"gold_loss":0,"cards_obtained":["theForsaken:PlagueCurse"]},{"damage_healed":0,"gold_gain":0,"player_choice":"Fight","damage_taken":0,"max_hp_gain":0,"max_hp_loss":0,"event_name":"MindBloom","floor":44,"gold_loss":0}],"is_beta":false,"boss_relics":[{"not_picked":["theForsaken:ArmorOfThorns","Empty Cage"],"picked":"Velvet Choker"},{"not_picked":["theForsaken:ScalesOfTruth","Runic Dome"],"picked":"Replay:Grab Bag"},{"not_picked":["Fusion Hammer","theForsaken:PaleLantern"],"picked":"ReplayTheSpireMod:Onyx Gauntlets"},{"not_picked":["ReplayTheSpireMod:DimensionalGlitch","Philosopher\u0027s Stone"],"picked":"Coffee Dripper"},{"not_picked":["Astrolabe","Ring of Chaos"],"picked":"Calling Bell"}],"items_purged_floors":[],"is_endless":false,"potions_floor_spawned":[1,6,10,11,19,22,25,28,29,40,42,44],"ascension_level":0}}