{"host":"yuoancq4cku3x8wq","time":1610211745,"event":{"mods":["AchievementEnabler","BaseMod","Minty Spire (QoL Compilation)","Quick Restart","StSLib","SuperFastMode"],"gold_per_floor":[115,134,209,209,223,223,253,253,307,326,389,420,432,469,481,570,582,609,621,320,330,342,369,369,369,369,229,229,49,49,69,69,146,146,159,184,184,196,196,196,231,231,231,231,250,277,277,292,292,292,292,292,292,0,27,27,27],"floor_reached":56,"playtime":1827,"items_purged":["Defend_P","Strike_P","Doubt"],"score":2028,"play_id":"9157409f-bcec-4e66-bcb5-9c3d6f4cd63e","local_time":"20210110010225","is_ascension_mode":true,"campfire_choices":[{"data":"Eruption","floor":6.0,"key":"SMITH"},{"floor":8.0,"key":"REST"},{"data":"Adaptation","floor":13.0,"key":"SMITH"},{"data":"WheelKick","floor":15.0,"key":"SMITH"},{"data":"Wallop","floor":28.0,"key":"SMITH"},{"data":"Apotheosis","floor":30.0,"key":"SMITH"},{"floor":32.0,"key":"RECALL"},{"data":"Vault","floor":40.0,"key":"SMITH"},{"data":"Scrawl","floor":42.0,"key":"SMITH"},{"data":"Adaptation","floor":44.0,"key":"SMITH"},{"data":"Pray","floor":47.0,"key":"SMITH"},{"floor":49.0,"key":"REST"},{"data":"MentalFortress","floor":53,"key":"SMITH"}],"circlet_count":0,"master_deck":["AscendersBane","Strike_P","Strike_P","Defend_P+1","Defend_P","Eruption+1","Vigilance","Master of Strategy+1","Adaptation+1","BowlingBash","WheelKick+1","FearNoEvil","Indignation","Scrawl+1","Fasting2","Wallop+1","FlurryOfBlows","Adaptation+1","Vault+1","Pray+1","MentalFortress+1","Apotheosis+1","DevaForm"],"relics":["PureWater","War Paint","PreservedInsect","Ornamental Fan","MawBank","StrikeDummy","Cursed Key","Medical Kit","Ginger","Omamori","Bottled Tornado","Empty Cage","CloakClasp","Calipers","Bottled Lightning","Oddly Smooth Stone","StoneCalendar"],"acts_visited":["Exordium","TheCity","TheBeyond","TheEnding"],"potions_floor_usage":[50,50,56],"damage_taken":[{"damage":12.0,"enemies":"Small Slimes","floor":1.0,"turns":3.0},{"damage":0.0,"enemies":"Jaw Worm","floor":2.0,"turns":7.0},{"damage":0.0,"enemies":"Cultist","floor":5.0,"turns":2.0},{"damage":14.0,"enemies":"Lagavulin","floor":7.0,"turns":7.0},{"damage":9.0,"enemies":"3 Louse","floor":10.0,"turns":2.0},{"damage":0.0,"enemies":"Gremlin Nob","floor":11.0,"turns":2.0},{"damage":2.0,"enemies":"3 Sentries","floor":12.0,"turns":3.0},{"damage":6.0,"enemies":"Gremlin Nob","floor":14.0,"turns":3.0},{"damage":4.0,"enemies":"Hexaghost","floor":16.0,"turns":7.0},{"damage":0.0,"enemies":"Chosen","floor":18.0,"turns":2.0},{"damage":8.0,"enemies":"Shell Parasite","floor":21.0,"turns":3.0},{"damage":0.0,"enemies":"Cultist and Chosen","floor":22.0,"turns":4.0},{"damage":0.0,"enemies":"Gremlin Leader","floor":23.0,"turns":3.0},{"damage":15.0,"enemies":"Snake Plant","floor":31.0,"turns":2.0},{"damage":20.0,"enemies":"Champ","floor":33.0,"turns":6.0},{"damage":1.0,"enemies":"3 Darklings","floor":35.0,"turns":4.0},{"damage":0.0,"enemies":"Mind Bloom Boss Battle","floor":36.0,"turns":4.0},{"damage":0.0,"enemies":"Orb Walker","floor":38.0,"turns":2.0},{"damage":0.0,"enemies":"Reptomancer","floor":41.0,"turns":2.0},{"damage":0.0,"enemies":"Spire Growth","floor":45.0,"turns":3.0},{"damage":4.0,"enemies":"Nemesis","floor":46.0,"turns":4.0},{"damage":0.0,"enemies":"4 Shapes","floor":48.0,"turns":3.0},{"damage":18,"enemies":"Awakened One","floor":50,"turns":6},{"damage":0,"enemies":"Time Eater","floor":51,"turns":9},{"damage":23,"enemies":"Shield and Spear","floor":55,"turns":6},{"damage":68,"enemies":"The Heart","floor":56,"turns":2}],"seed_played":"-3680083484032146957","potions_obtained":[{"floor":10.0,"key":"SpeedPotion"},{"floor":11.0,"key":"DuplicationPotion"},{"floor":12.0,"key":"GamblersBrew"},{"floor":16.0,"key":"Swift Potion"},{"floor":38.0,"key":"Regen Potion"},{"floor":45.0,"key":"DistilledChaos"}],"is_trial":false,"path_per_floor":["M","M","?","?","M","R","E","R","T","M","?","E","R","E","R","B",null,"M","?","$","M","M","E","?","T","T","$","R","$","R","M","R","B",null,"M","?","T","M","$","R","E","R","T","R","M","E","R","M","R","B","B",null,"R","$","E","B"],"character_chosen":"WATCHER","items_purchased":["Wallop","Medical Kit","MentalFortress","Apotheosis","Swift Potion","FairyPotion"],"campfire_rested":2,"item_purchase_floors":[20,20,27,29,54,54],"current_hp_per_floor":[31,31,20,20,20,20,6,26,26,17,17,15,15,9,9,5,52,52,52,52,44,44,44,44,44,44,44,44,44,44,29,29,9,53,52,52,52,52,52,52,52,52,52,52,52,48,48,48,68,50,50,64,64,64,41,0,0],"gold":27,"neow_bonus":"RANDOM_COLORLESS_2","is_daily":false,"chose_seed":false,"campfire_upgraded":10,"win_rate":0.0,"timestamp":1610211745,"path_taken":["M","M","?","?","?","R","E","R","T","M","?","E","R","E","R","BOSS","M","?","$","M","?","E","?","?","T","$","R","?","R","?","R","BOSS","M","?","?","M","$","R","E","R","T","R","M","E","R","M","R","BOSS","BOSS","R","$","E","BOSS"],"items_purchased_type":["Card","Relic","Card","Card","Potion","Potion"],"build_version":"2020-12-22","purchased_purges":3,"victory":false,"max_hp_per_floor":[68,68,68,68,68,68,68,68,68,68,68,68,68,68,68,68,68,68,68,68,68,68,68,68,68,68,68,68,68,68,68,68,68,68,68,68,68,68,68,68,68,68,68,68,68,68,68,68,68,68,68,68,68,68,68,68,68],"card_choices":[{"not_picked":["Secret Technique","Transmutation"],"picked":"Master of Strategy","floor":0.0},{"not_picked":["Evaluate","MentalFortress","Vengeance"],"picked":"SKIP","floor":1.0},{"not_picked":["FlurryOfBlows","Protect"],"picked":"Adaptation","floor":2.0},{"not_picked":["CrushJoints","Halt"],"picked":"BowlingBash","floor":5.0},{"not_picked":["EmptyBody","FearNoEvil"],"picked":"WheelKick","floor":7.0},{"not_picked":["LikeWater","LessonLearned"],"picked":"FearNoEvil","floor":10.0},{"not_picked":["Evaluate","ThirdEye","Halt"],"picked":"SKIP","floor":12.0},{"not_picked":["EmptyFist","JustLucky"],"picked":"Indignation","floor":14.0},{"not_picked":["Wish","Brilliance"],"picked":"Scrawl","floor":16.0},{"not_picked":["CrushJoints","BattleHymn"],"picked":"Fasting2","floor":18.0},{"not_picked":["CrushJoints","BowlingBash"],"picked":"FlurryOfBlows","floor":21.0},{"not_picked":["BowlingBash","Protect"],"picked":"Adaptation","floor":22.0},{"not_picked":["Worship","DeceiveReality"],"picked":"Vault","floor":23.0},{"not_picked":["EmptyBody","Wallop","Halt"],"picked":"SKIP","floor":31.0},{"not_picked":["Scrawl","Wish"],"picked":"DevaForm","floor":33.0},{"not_picked":["Halt+1","Consecrate","SandsOfTime+1"],"picked":"SKIP","floor":35.0},{"not_picked":["ClearTheMind","Halt","PathToVictory+1"],"picked":"SKIP","floor":38.0},{"not_picked":["Blasphemy","PathToVictory+1","Consecrate+1"],"picked":"SKIP","floor":41.0},{"not_picked":["Sanctity","FlurryOfBlows","FlyingSleeves"],"picked":"SKIP","floor":45.0},{"not_picked":["Brilliance","MentalFortress","Consecrate"],"picked":"SKIP","floor":46.0},{"not_picked":["FlyingSleeves","WreathOfFlame","FlurryOfBlows"],"picked":"SKIP","floor":48.0},{"not_picked":["PathToVictory","DeceiveReality","FlyingSleeves+1"],"picked":"SKIP","floor":55}],"player_experience":254629,"relics_obtained":[{"floor":7.0,"key":"War Paint"},{"floor":9.0,"key":"PreservedInsect"},{"floor":11.0,"key":"Ornamental Fan"},{"floor":12.0,"key":"MawBank"},{"floor":14.0,"key":"StrikeDummy"},{"floor":23.0,"key":"Ginger"},{"floor":25.0,"key":"Omamori"},{"floor":26.0,"key":"Bottled Tornado"},{"floor":36.0,"key":"CloakClasp"},{"floor":37.0,"key":"Calipers"},{"floor":41.0,"key":"Bottled Lightning"},{"floor":46.0,"key":"Oddly Smooth Stone"},{"floor":55,"key":"StoneCalendar"}],"event_choices":[{"damage_healed":0.0,"max_hp_gain":0.0,"max_hp_loss":0.0,"gold_gain":75.0,"event_name":"World of Goop","player_choice":"Gather Gold","floor":3.0,"gold_loss":0.0,"damage_taken":11.0},{"cards_removed":["Defend_P"],"damage_healed":0.0,"max_hp_gain":0.0,"max_hp_loss":0.0,"gold_gain":0.0,"event_name":"Purifier","player_choice":"Purged","floor":4.0,"gold_loss":0.0,"damage_taken":0.0},{"damage_healed":0.0,"max_hp_gain":0.0,"max_hp_loss":0.0,"gold_gain":0.0,"event_name":"Dead Adventurer","player_choice":"Searched \u00271\u0027 times","floor":11.0,"gold_loss":0.0,"damage_taken":0.0},{"damage_healed":0.0,"max_hp_gain":0.0,"max_hp_loss":0.0,"gold_gain":0.0,"event_name":"Lab","player_choice":"Got Potions","floor":19.0,"gold_loss":0.0,"damage_taken":0.0},{"damage_healed":0.0,"max_hp_gain":0.0,"max_hp_loss":0.0,"gold_gain":0.0,"event_name":"The Library","player_choice":"Read","floor":24.0,"gold_loss":0.0,"damage_taken":0.0,"cards_obtained":["Pray"]},{"damage_healed":0.0,"max_hp_gain":0.0,"max_hp_loss":0.0,"gold_gain":0.0,"event_name":"MindBloom","player_choice":"Fight","floor":36.0,"gold_loss":0.0,"damage_taken":0.0}],"is_beta":false,"boss_relics":[{"not_picked":["Snecko Eye","Tiny House"],"picked":"Cursed Key"},{"not_picked":["Fusion Hammer","Velvet Choker"],"picked":"Empty Cage"}],"items_purged_floors":[20,27,54],"is_endless":false,"potions_floor_spawned":[10,11,12,16,21,31,38,45,46],"killed_by":"The Heart","ascension_level":20}}