{"host":"1xdknvunkbjx06ui","time":1610193644,"event":{"mods":["BaseMod","Infinite Spire","Minty Spire (QoL Compilation)","Quick Restart","Replay The Spire","StSLib","The Dragon Tamer"],"gold_per_floor":[115,125,125,125,125,125,125,169,194,194,209,248,248,262,262,385,385,406,309,309,309,327,327,340,385,409,409,419,431,450,450,450,450],"floor_reached":31,"playtime":1593,"items_purged":["DTMod:Strike"],"score":270,"play_id":"d8c5cd56-5b27-4c8b-a422-266e938b34fd","local_time":"20210109130044","is_ascension_mode":false,"metric_token":467,"campfire_choices":[{"floor":6,"key":"REST"},{"floor":13,"key":"REST"},{"floor":15,"key":"REST"},{"floor":23,"key":"REST"},{"floor":27,"key":"DIG"}],"dtmod_dragon_data":[0,56,0,-1,0,0],"circlet_count":0,"master_deck":["DTMod:Strike","DTMod:Strike+1","DTMod:DoubleHit","DTMod:TargetDefense","DTMod:TargetDefense","DTMod:TargetDefense+1","DTMod:TargetDefense","DTMod:SwitchingTactic+1","DTMod:InvisibleFlame","DTMod:DragonDance","DTMod:Training","DTMod:BurningEnergy+1","DTMod:Inferno","DTMod:Training","DTMod:CleansingStrike","DTMod:CleansingStrike+1","DTMod:InvisibleFlame","DTMod:BurningEnergy","DTMod:BurningEnergy"],"relics":["DTMod:PactStone","Dream Catcher","Bloody Idol","ReplayTheSpireMod:Lightbulb","Blood Vial","Centennial Puzzle","Shovel","Black Star","Toy Ornithopter","War Paint","Darkstone Periapt"],"acts_visited":["Exordium","TheCity"],"potions_floor_usage":[12,12,12,16,28,30],"damage_taken":[{"damage":0,"enemies":"2 Louse","floor":1,"turns":3},{"damage":0,"enemies":"Small Slimes","floor":2,"turns":3},{"damage":25,"enemies":"3 Sentries","floor":8,"turns":10},{"damage":0,"enemies":"Jaw Worm","floor":11,"turns":4},{"damage":0,"enemies":"Gremlin Nob","floor":12,"turns":4},{"damage":4,"enemies":"Blue Slaver","floor":14,"turns":4},{"damage":24,"enemies":"Slime Boss","floor":16,"turns":12},{"damage":1,"enemies":"Shell Parasite","floor":18,"turns":7},{"damage":15,"enemies":"Spheric Guardian","floor":22,"turns":4},{"damage":21,"enemies":"Cultist and Chosen","floor":24,"turns":6},{"damage":2,"enemies":"Snecko","floor":28,"turns":5},{"damage":15,"enemies":"Sentry and Sphere","floor":29,"turns":6},{"damage":4,"enemies":"Centurion and Healer","floor":30,"turns":5},{"damage":49,"enemies":"Shelled Parasite and Fungi","floor":31,"turns":5}],"seed_played":"-5154858260844502847","potions_obtained":[{"floor":0,"key":"LifebloodPotion"},{"floor":0,"key":"ColorlessPotion"},{"floor":0,"key":"Regen Potion"},{"floor":12,"key":"Adrenaline Potion"},{"floor":16,"key":"LiquidMemories"},{"floor":18,"key":"LifebloodPotion"},{"floor":29,"key":"Strength Potion"}],"is_trial":false,"path_per_floor":["M","M","?","?","?","R","?","E","T","?","M","E","R","M","R","B",null,"M","$","?","?","M","R","M","T","T","R","M","M","M","M"],"character_chosen":"THE_DT","items_purchased":["DTMod:CleansingStrike"],"campfire_rested":4,"item_purchase_floors":[19],"current_hp_per_floor":[45,45,45,34,34,45,36,11,11,4,6,20,33,31,44,21,45,44,44,44,44,35,45,29,34,39,39,45,35,43,0,0,0],"gold":450,"neow_bonus":"THREE_SMALL_POTIONS","is_daily":false,"chose_seed":false,"campfire_upgraded":0,"win_rate":0.0,"timestamp":1610193644,"path_taken":["M","M","?","?","?","R","?","E","T","?","M","E","R","?","R","BOSS","M","$","?","?","M","R","M","?","T","R","?","M","M","M"],"items_purchased_type":["Card"],"build_version":"2020-12-22","purchased_purges":1,"victory":false,"max_hp_per_floor":[45,45,45,45,45,45,45,45,45,45,45,45,45,45,45,45,45,45,45,45,45,45,45,45,45,45,45,45,45,45,45,45,45],"card_choices":[{"not_picked":["DTMod:QuickFly","DTMod:MasterPlan","DTMod:Punisher"],"picked":"SKIP","floor":1},{"not_picked":["DTMod:Cover","DTMod:ExcessFootwork","DTMod:Weaken"],"picked":"SKIP","floor":2},{"not_picked":["DTMod:CalculatedDefense","DTMod:Hide"],"picked":"DTMod:InvisibleFlame","floor":8},{"not_picked":["DTMod:CleansingStrike","DTMod:Threaten","DTMod:ShieldDrain"],"picked":"SKIP","floor":11},{"not_picked":["DTMod:StunTrap","DTMod:QuickFly","DTMod:BuildUp"],"picked":"SKIP","floor":12},{"not_picked":["DTMod:BreakAttack","DTMod:Overwhelm"],"picked":"DTMod:DragonDance","floor":13},{"not_picked":["DTMod:Multitask","DTMod:Shift"],"picked":"DTMod:Training","floor":14},{"not_picked":["DTMod:MaximumCharge","DTMod:Haste"],"picked":"DTMod:BurningEnergy","floor":15},{"not_picked":["DTMod:FierySynthesis","DTMod:ExcessFootwork"],"picked":"DTMod:Inferno","floor":16},{"not_picked":["DTMod:SneakAttack","DTMod:MasterPlan"],"picked":"DTMod:Training","floor":18},{"not_picked":["DTMod:Shift+1","DTMod:MagicField","DTMod:Cover"],"picked":"SKIP","floor":22},{"not_picked":["DTMod:Hide","DTMod:TagTeam"],"picked":"DTMod:CleansingStrike+1","floor":23},{"not_picked":["DTMod:CleansingStrike","DTMod:HeatWave"],"picked":"DTMod:InvisibleFlame","floor":24},{"not_picked":["DTMod:Astonish","DTMod:BizarreTactic"],"picked":"DTMod:BurningEnergy","floor":28},{"not_picked":["DTMod:MagicField","DTMod:QuickFly"],"picked":"DTMod:BurningEnergy","floor":29},{"not_picked":["DTMod:MagicField+1","DTMod:Hide","DTMod:MasterPlan"],"picked":"SKIP","floor":30}],"player_experience":89274,"relics_obtained":[{"floor":3,"key":"Dream Catcher"},{"floor":8,"key":"ReplayTheSpireMod:Lightbulb"},{"floor":9,"key":"Blood Vial"},{"floor":12,"key":"Shovel"},{"floor":25,"key":"Toy Ornithopter"},{"floor":26,"key":"War Paint"},{"floor":27,"key":"Darkstone Periapt"}],"event_choices":[{"damage_healed":0,"gold_gain":0,"player_choice":"Take Damage","damage_taken":11,"relics_obtained":["Golden Idol"],"max_hp_gain":0,"max_hp_loss":0,"event_name":"Golden Idol","floor":4,"gold_loss":0},{"damage_healed":0,"gold_gain":0,"player_choice":"Entered Light","damage_taken":9,"max_hp_gain":0,"max_hp_loss":0,"event_name":"Shining Light","floor":7,"gold_loss":0,"cards_upgraded":["DTMod:SwitchingTactic","DTMod:Strike"]},{"damage_healed":0,"gold_gain":0,"player_choice":"Success","damage_taken":7,"relics_obtained":["Centennial Puzzle"],"max_hp_gain":0,"max_hp_loss":0,"event_name":"Scrap Ooze","floor":10,"gold_loss":0},{"damage_healed":0,"gold_gain":0,"player_choice":"Gave Idol","damage_taken":0,"relics_obtained":["Bloody Idol"],"max_hp_gain":0,"max_hp_loss":0,"event_name":"Forgotten Altar","floor":20,"relics_lost":["Golden Idol"],"gold_loss":0},{"damage_healed":0,"gold_gain":0,"player_choice":"Ignored","damage_taken":0,"max_hp_gain":0,"max_hp_loss":0,"event_name":"Ghosts","floor":21,"gold_loss":0}],"is_beta":false,"boss_relics":[{"not_picked":["ReplayTheSpireMod:SealedPack","Calling Bell"],"picked":"Black Star"}],"items_purged_floors":[19],"is_endless":false,"potions_floor_spawned":[2,8,12,16,18,29],"killed_by":"Shelled Parasite and Fungi","ascension_level":0}}