{"host":"mmyob72dycyg5z21","time":1610193427,"event":{"mods":["AchievementEnabler","Act Like it!","Alarm Clock","Aspiration","BaseMod","Bestiary","Better Note","Better Third Choice","Better Vampires","Colored Powertips","Gold Saver","Gremlin Skip","Luminous","Marked Mod","Minty Spire (QoL Compilation)","Poor People Problems","Rare Cards Sparkle","Spicy Shops","StSLib","SuperFastMode","The Hierophant","Yuyuko","[功能]功能增强和修复MOD","【功能Mod】精心准备","【遗物卡牌】REMEMod","篝火指南"],"gold_per_floor":[762,777,791,866,866,892,904,938,938,938,938],"floor_reached":10,"playtime":340,"items_purged":[],"score":129,"play_id":"a46fa065-d23c-448a-a77e-f157e64b4f54","local_time":"20210109195707","is_ascension_mode":true,"campfire_choices":[],"circlet_count":0,"master_deck":["Strike_P","Strike_P","Strike_P","Strike_P","Defend_P","Defend_P","Defend_P","Defend_P","Eruption","Vigilance","Luminous:Freud_Wisdom1_Luminous","TalkToTheHand","ClearTheMind","MarkedMod:NorthStar"],"relics":["Peace Pipe","aspiration:RitualDagger","Mercury Hourglass","aspiration:FrozenJewel","REME_HourglassOfDeath"],"acts_visited":["Exordium"],"potions_floor_usage":[8,10,10],"damage_taken":[{"damage":9,"enemies":"Small Slimes","floor":1,"turns":3},{"damage":21,"enemies":"Cultist","floor":2,"turns":3},{"damage":30,"enemies":"Jaw Worm","floor":3,"turns":2},{"damage":71,"enemies":"3 Sentries","floor":6,"turns":10},{"damage":9,"enemies":"2 Fungi Beasts","floor":7,"turns":3},{"damage":6,"enemies":"Gremlin Nob","floor":8,"turns":2},{"damage":31,"enemies":"3 Sentries","floor":10,"turns":3}],"seed_played":"-1536094974157909021","potions_obtained":[{"floor":1,"key":"GamblersBrew"},{"floor":2,"key":"SteroidPotion"},{"floor":5,"key":"DuplicationPotion"},{"floor":7,"key":"AttackPotion"},{"floor":8,"key":"Energy Potion"}],"is_trial":false,"path_per_floor":["M","M","M","?","?","E","M","E","T","E"],"character_chosen":"WATCHER","items_purchased":[],"campfire_rested":0,"item_purchase_floors":[],"current_hp_per_floor":[63,42,12,1,1,26,22,25,25,0,0],"gold":938,"neow_bonus":"BOSS_RELIC","is_daily":false,"chose_seed":false,"campfire_upgraded":0,"win_rate":0.0,"timestamp":1610193427,"path_taken":["M","M","M","?","?","E","?","E","T","E"],"items_purchased_type":[],"build_version":"2020-12-22","purchased_purges":0,"victory":false,"max_hp_per_floor":[72,72,72,72,72,72,72,72,72,72,72],"card_choices":[{"not_picked":["ForeignInfluence","EmptyBody","Protect"],"picked":"SKIP","floor":1},{"not_picked":["MarkedMod:Acupuncture","Consecrate","Indignation"],"picked":"SKIP","floor":2},{"not_picked":["MarkedMod:GracefulMovements","Indignation"],"picked":"TalkToTheHand","floor":3},{"not_picked":["CrushJoints","Alpha","Evaluate"],"picked":"SKIP","floor":6},{"not_picked":["Crescendo","REME_Repentance"],"picked":"ClearTheMind","floor":7},{"not_picked":["MarkedMod:Acupuncture","Consecrate"],"picked":"MarkedMod:NorthStar","floor":8}],"player_experience":393802,"relics_obtained":[{"floor":6,"key":"Mercury Hourglass"},{"floor":8,"key":"aspiration:FrozenJewel"},{"floor":9,"key":"REME_HourglassOfDeath"}],"event_choices":[{"damage_healed":0,"gold_gain":75,"player_choice":"Gold","damage_taken":11,"max_hp_gain":0,"max_hp_loss":0,"event_name":"betterThird:BetterGoop","floor":4,"gold_loss":0},{"damage_healed":0,"gold_gain":0,"player_choice":"Got Potions","damage_taken":0,"max_hp_gain":0,"max_hp_loss":0,"event_name":"Lab","floor":5,"gold_loss":0}],"is_beta":false,"boss_relics":[],"items_purged_floors":[],"is_endless":false,"potions_floor_spawned":[1,2,6,6,7,8],"killed_by":"3 Sentries","ascension_level":5}}