{"host":"ci7cmvrwpmzqnw7e","time":1610231305,"event":{"mods":["BaseMod","BetterRewards","Colored Map","Downfall","GungeonMod","Highlight Path","Hubris","Infinite Spire","Minty Spire (QoL Compilation)","Random Character Button","Rare Cards Sparkle","Replay The Spire","Shop Mod","StSLib","The Disciple","The Forsaken"],"gold_per_floor":[117,117,117,117,117,117,134,164,188,188,200,200,218,236,236,336,336,336,336,336,336,355,355,355,355],"floor_reached":24,"playtime":1067,"items_purged":["theForsaken:TheForsaken_Defend"],"score":223,"play_id":"0cc77997-4681-4299-99e6-c1e95cd22697","local_time":"20210109152825","is_ascension_mode":false,"campfire_choices":[{"data":"theForsaken:Smite","floor":6,"key":"SMITH"},{"data":"theForsaken:Terrorize","floor":10,"key":"SMITH"},{"data":"theForsaken:HealingLight","floor":12,"key":"SMITH"},{"data":"theForsaken:BindingThorns","floor":15,"key":"SMITH"},{"floor":23,"key":"REST"}],"circlet_count":0,"master_deck":["theForsaken:TheForsaken_Strike+1","theForsaken:TheForsaken_Strike","theForsaken:TheForsaken_Strike+1","theForsaken:TheForsaken_Strike+1","theForsaken:TheForsaken_Defend","theForsaken:TheForsaken_Defend","theForsaken:TheForsaken_Defend","theForsaken:Smite+1","theForsaken:Penitence","theForsaken:LightRoll+1","theForsaken:PlagueCurse","theForsaken:Terrorize+1","theForsaken:NobleSacrifice","theForsaken:HealingLight+1","theForsaken:BindingThorns+1","theForsaken:CorruptedForm","theForsaken:WordsOfMight","theForsaken:WardingHymn+1","theForsaken:FatRoll"],"relics":["hubris:ToyBattleship","DemoMod:MonsterBlood","PreservedInsect","CeramicFish","Hand?","Melange","DemoMod:GnawedKey","champ:Barbells","infinitespire:Chaos"],"acts_visited":["Exordium","TheCity"],"potions_floor_usage":[16,16,20,20],"damage_taken":[{"damage":0,"enemies":"Jaw Worm","floor":1,"turns":1},{"damage":0,"enemies":"2 Louse","floor":7,"turns":1},{"damage":0,"enemies":"Gremlin Nob","floor":8,"turns":1},{"damage":0,"enemies":"Small Slimes","floor":11,"turns":3},{"damage":20,"enemies":"Exordium Thugs","floor":13,"turns":5},{"damage":15,"enemies":"Large Slime","floor":14,"turns":4},{"damage":57,"enemies":"Fading Forest","floor":16,"turns":11},{"damage":21,"enemies":"Spheric Guardian","floor":18,"turns":4},{"damage":17,"enemies":"3 Byrds","floor":19,"turns":8},{"damage":48,"enemies":"Centurion and Healer","floor":20,"turns":9},{"damage":40,"enemies":"Snecko","floor":22,"turns":7}],"seed_played":"2747306464423224468","potions_obtained":[{"floor":7,"key":"Regen Potion"},{"floor":11,"key":"Fire Potion"},{"floor":16,"key":"ColorlessPotion"},{"floor":19,"key":"EssenceOfSteel"}],"is_trial":false,"path_per_floor":["M","$","?","?","?","R","M","E","T","R","M","R","M","M","R","B",null,"M","M","M","AVR","M","R","?"],"character_chosen":"THE_FORSAKEN","items_purchased":[],"campfire_rested":1,"item_purchase_floors":[],"current_hp_per_floor":[65,65,65,65,47,47,47,47,47,47,47,47,37,44,44,51,65,51,43,20,27,5,26,0,0],"gold":355,"neow_bonus":"THREE_ENEMY_KILL","is_daily":false,"chose_seed":false,"campfire_upgraded":4,"win_rate":0.0,"timestamp":1610231305,"path_taken":["M","$","?","?","?","R","M","E","T","R","M","R","M","M","R","BOSS","M","M","M","AVR","M","R","?"],"items_purchased_type":[],"build_version":"2020-12-22","purchased_purges":1,"victory":false,"max_hp_per_floor":[65,65,65,65,65,65,65,65,65,65,65,65,65,65,65,65,65,65,65,65,72,72,72,72,72],"card_choices":[{"not_picked":["theForsaken:FuryStrikes","theForsaken:PanicDive"],"picked":"theForsaken:LightRoll","floor":1},{"not_picked":["theForsaken:FuryStrikes","theForsaken:CleansingLight"],"picked":"theForsaken:Terrorize","floor":7},{"not_picked":["theForsaken:AncientWords","theForsaken:Backlash"],"picked":"theForsaken:NobleSacrifice","floor":8},{"not_picked":["theForsaken:NobleSacrifice","theForsaken:Parry"],"picked":"theForsaken:HealingLight","floor":11},{"not_picked":["theForsaken:NobleSacrifice","theForsaken:CleansingLight"],"picked":"theForsaken:BindingThorns","floor":13},{"not_picked":["theForsaken:RainingSunlight","theForsaken:CleansingLight","theForsaken:HymnOfPatience"],"picked":"SKIP","floor":14},{"not_picked":["theForsaken:DesperatePlea","theForsaken:Purification"],"picked":"theForsaken:CorruptedForm","floor":16},{"not_picked":["theForsaken:ShieldCharge","theForsaken:ChargeAttack","theForsaken:FuryStrikes"],"picked":"SKIP","floor":18},{"not_picked":["theForsaken:SacrificeSoul","theForsaken:DarkBargain"],"picked":"theForsaken:WordsOfMight","floor":19},{"not_picked":["theForsaken:ChargeAttack+1","theForsaken:Eulogy+1"],"picked":"theForsaken:WardingHymn+1","floor":20},{"not_picked":["theForsaken:SolarFlare","theForsaken:Thunderbolt"],"picked":"theForsaken:FatRoll","floor":22}],"player_experience":37021,"relics_obtained":[{"floor":8,"key":"Lantern"},{"floor":9,"key":"Whetstone"}],"event_choices":[{"damage_healed":0,"gold_gain":0,"player_choice":"Obtain Plague Curse","damage_taken":0,"max_hp_gain":0,"max_hp_loss":0,"event_name":"Plague Doctor","floor":3,"gold_loss":0,"cards_obtained":["theForsaken:PlagueCurse"]},{"damage_healed":0,"gold_gain":0,"player_choice":"Success","damage_taken":18,"relics_obtained":["Replay:Baseball"],"max_hp_gain":0,"max_hp_loss":0,"event_name":"Scrap Ooze","floor":5,"gold_loss":0}],"is_beta":false,"boss_relics":[{"not_picked":["Honey Jar","hubris:RunicObelisk"],"picked":"Ectoplasm"}],"items_purged_floors":[21],"is_endless":false,"potions_floor_spawned":[7,11,16,19],"ascension_level":0}}