{"host":"b7j598ve05halrwk","time":1610208596,"event":{"mods":["2.2 Compatiblity","BaseMod","Block Reminder","DeckTracker","Minty Spire (QoL Compilation)","Relic Stats","Slay the Relics Exporter","StSLib","ojb\u0027s Better Paths Mod","ojb\u0027s Info Mod"],"gold_per_floor":[118,118,133,133,133,133,143,174,174,194,194,11,37,52,52,129,129,146,160,160,179,203,203,218,218,218,253,290,302,37,70,70,142,142,157,57,57,68,83,83,83,7,30,58,58,93,118,136,136,136,136,136],"floor_reached":51,"playtime":5770,"items_purged":["Defend_B","Blizzard"],"score":1681,"play_id":"83649bb3-7e2e-451e-8ccb-ff06e047753c","local_time":"20210109110956","is_ascension_mode":true,"campfire_choices":[{"data":"Coolheaded","floor":6.0,"key":"SMITH"},{"data":"Multi-Cast","floor":15.0,"key":"SMITH"},{"data":"Capacitor","floor":23.0,"key":"SMITH"},{"data":"Consume","floor":25.0,"key":"SMITH"},{"floor":32.0,"key":"REST"},{"data":"Hologram","floor":40,"key":"SMITH"},{"data":"Defragment","floor":45,"key":"SMITH"},{"floor":49,"key":"RECALL"}],"circlet_count":0,"master_deck":["AscendersBane","Defend_B","Zap","Dualcast","Conserve Battery","Rebound+1","Coolheaded+1","FTL","Cold Snap+1","White Noise","Multi-Cast+1","Barrage","Leap","Self Repair","Electrodynamics","Cold Snap","Consume+1","Capacitor+1","Glacier","Genetic Algorithm","Loop+1","Machine Learning","Static Discharge+1","Doom and Gloom","Hologram+1","Madness","Madness","Defragment+1","Creative AI","Redo+1","Leap+1"],"relics":["Runic Dome","Symbiotic Virus","Mummified Hand","InkBottle","Empty Cage","MealTicket","Sundial","MawBank","Red Mask","Enchiridion","PreservedInsect","Ancient Tea Set","Black Star","Emotion Chip","StrikeDummy","CeramicFish","Anchor"],"acts_visited":["Exordium","TheCity","TheBeyond"],"potions_floor_usage":[47,50],"damage_taken":[{"damage":10.0,"enemies":"2 Louse","floor":1.0,"turns":2.0},{"damage":5.0,"enemies":"Small Slimes","floor":3.0,"turns":4.0},{"damage":0.0,"enemies":"Cultist","floor":7.0,"turns":3.0},{"damage":26.0,"enemies":"3 Sentries","floor":8.0,"turns":7.0},{"damage":4.0,"enemies":"Large Slime","floor":10.0,"turns":4.0},{"damage":0.0,"enemies":"Lagavulin","floor":13.0,"turns":3.0},{"damage":10.0,"enemies":"Lots of Slimes","floor":14.0,"turns":2.0},{"damage":0.0,"enemies":"Hexaghost","floor":16.0,"turns":6.0},{"damage":22.0,"enemies":"Spheric Guardian","floor":18.0,"turns":4.0},{"damage":11.0,"enemies":"Shell Parasite","floor":19.0,"turns":2.0},{"damage":11.0,"enemies":"Centurion and Healer","floor":21.0,"turns":3.0},{"damage":0.0,"enemies":"Snecko","floor":24.0,"turns":3.0},{"damage":13.0,"enemies":"Gremlin Leader","floor":27.0,"turns":3.0},{"damage":11.0,"enemies":"Masked Bandits","floor":28.0,"turns":3.0},{"damage":10.0,"enemies":"Slavers","floor":31.0,"turns":2.0},{"damage":26.0,"enemies":"Champ","floor":33.0,"turns":9.0},{"damage":9,"enemies":"3 Shapes","floor":35,"turns":2},{"damage":10,"enemies":"Orb Walker","floor":38,"turns":3},{"damage":0,"enemies":"Maw","floor":39,"turns":6},{"damage":0,"enemies":"Giant Head","floor":44,"turns":10},{"damage":10,"enemies":"Nemesis","floor":46,"turns":3},{"damage":17,"enemies":"Sphere and 2 Shapes","floor":47,"turns":3},{"damage":36,"enemies":"Spire Growth","floor":48,"turns":6},{"damage":14,"enemies":"Time Eater","floor":50,"turns":14},{"damage":25,"enemies":"Awakened One","floor":51,"turns":3}],"seed_played":"-7271476097005096778","potions_obtained":[{"floor":1.0,"key":"FocusPotion"},{"floor":13.0,"key":"LiquidBronze"},{"floor":16.0,"key":"DistilledChaos"},{"floor":18.0,"key":"Ancient Potion"},{"floor":19.0,"key":"Strength Potion"},{"floor":31.0,"key":"SkillPotion"}],"is_trial":false,"path_per_floor":["M","?","M","?","?","R","M","E","T","M","?","$","E","M","R","B",null,"M","M","?","M","T","R","M","R","T","E","?","?","$","E","R","B",null,"M","$","?","M","M","R","?","$","T","E","R","E","M","M","R","B","B"],"character_chosen":"DEFECT","items_purchased":["Multi-Cast","Barrage","Loop","PreservedInsect","Defragment"],"campfire_rested":1,"item_purchase_floors":[12,12,30,30,42],"current_hp_per_floor":[54,47,42,42,42,42,42,16,16,12,12,12,12,2,2,9,56,41,37,37,33,33,33,40,40,40,34,30,9,24,21,42,23,59,57,71,71,68,71,71,58,71,71,71,71,68,51,22,22,22,0,0],"gold":136,"neow_bonus":"BOSS_RELIC","is_daily":false,"chose_seed":false,"campfire_upgraded":6,"win_rate":0.0,"timestamp":1610208596,"path_taken":["M","?","M","?","?","R","M","E","T","?","?","$","E","M","R","BOSS","M","?","?","M","?","R","?","R","T","E","?","?","$","E","R","BOSS","M","$","?","M","?","R","?","?","T","E","R","E","M","M","R","BOSS","BOSS"],"items_purchased_type":["Card","Card","Card","Relic","Card"],"build_version":"2020-12-22","purchased_purges":2,"victory":false,"max_hp_per_floor":[71,71,71,71,71,71,71,71,71,71,71,71,71,71,71,71,71,71,71,71,71,71,71,71,71,71,71,71,71,71,71,71,71,71,71,71,71,71,71,71,71,71,71,71,71,71,71,71,71,71,71,71],"relic_stats":{"Emotion Chip":[29,20,8,1,0],"counters":[25,109],"Mummified Hand":[123],"Sundial":[6],"CeramicFish":18,"MealTicket":42,"PreservedInsect":222,"Black Star":2,"MawBank":36,"obtain_stats":[{"CeramicFish":46,"Enchiridion":29,"PreservedInsect":30,"Empty Cage":17,"MawBank":27,"Ancient Tea Set":31,"Runic Dome":0,"Emotion Chip":44,"Anchor":46,"Mummified Hand":9,"Sundial":26,"MealTicket":22,"Red Mask":28,"Black Star":34,"Cracked Core":0,"Symbiotic Virus":8,"StrikeDummy":44,"InkBottle":13},{"CeramicFish":21,"Enchiridion":14,"PreservedInsect":14,"Empty Cage":8,"MawBank":13,"Ancient Tea Set":15,"Runic Dome":0,"Emotion Chip":20,"Anchor":21,"Mummified Hand":4,"Sundial":12,"MealTicket":11,"Red Mask":14,"Black Star":16,"Cracked Core":0,"Symbiotic Virus":4,"StrikeDummy":20,"InkBottle":6},{"CeramicFish":83,"Enchiridion":49,"PreservedInsect":49,"Empty Cage":31,"MawBank":46,"Ancient Tea Set":51,"Runic Dome":0,"Emotion Chip":80,"Anchor":83,"Mummified Hand":16,"Sundial":43,"MealTicket":40,"Red Mask":49,"Black Star":60,"Cracked Core":0,"Symbiotic Virus":16,"StrikeDummy":80,"InkBottle":23}],"InkBottle":[41]},"card_choices":[{"not_picked":["Steam","Go for the Eyes"],"picked":"Conserve Battery","floor":1.0},{"not_picked":["Hologram","Capacitor"],"picked":"Rebound","floor":3.0},{"not_picked":["Blizzard","Coolheaded"],"picked":"FTL","floor":7.0},{"not_picked":["Force Field","Ball Lightning"],"picked":"Cold Snap","floor":8.0},{"not_picked":["Steam","Hologram"],"picked":"White Noise","floor":10.0},{"not_picked":["Barrage","Melter"],"picked":"Leap","floor":13.0},{"not_picked":["Streamline","Ball Lightning"],"picked":"Self Repair","floor":14.0},{"not_picked":["Thunder Strike","Core Surge"],"picked":"Electrodynamics","floor":16.0},{"not_picked":["Leap","Reprogram"],"picked":"Cold Snap","floor":18.0},{"not_picked":["Cold Snap","Streamline","Go for the Eyes"],"picked":"SKIP","floor":19.0},{"not_picked":["Reboot","Turbo"],"picked":"Capacitor","floor":21.0},{"not_picked":["Cold Snap+1","Reinforced Body"],"picked":"Glacier","floor":24.0},{"not_picked":["Consume","Sweeping Beam","Rip and Tear"],"picked":"SKIP","floor":27.0},{"not_picked":["Coolheaded","Ball Lightning"],"picked":"Genetic Algorithm","floor":28.0},{"not_picked":["Double Energy","Steam","Redo"],"picked":"SKIP","floor":31.0},{"not_picked":["Reboot","Multi-Cast"],"picked":"Machine Learning","floor":33.0},{"not_picked":["Cold Snap+1","Rebound+1"],"picked":"Static Discharge+1","floor":35},{"not_picked":["Tempest","Cold Snap"],"picked":"Doom and Gloom","floor":38},{"not_picked":["Sweeping Beam","Steam+1"],"picked":"Hologram","floor":39},{"not_picked":["Hello World+1","Coolheaded"],"picked":"Creative AI","floor":44},{"not_picked":["Tempest+1","Fusion"],"picked":"Redo+1","floor":46},{"not_picked":["Reinforced Body+1","Reprogram"],"picked":"Leap+1","floor":47},{"not_picked":["Compile Driver","Sunder","Storm"],"picked":"SKIP","floor":48}],"player_experience":886470,"relics_obtained":[{"floor":8.0,"key":"Symbiotic Virus"},{"floor":9.0,"key":"Mummified Hand"},{"floor":13.0,"key":"InkBottle"},{"floor":22.0,"key":"MealTicket"},{"floor":26.0,"key":"Sundial"},{"floor":27.0,"key":"MawBank"},{"floor":28.0,"key":"Red Mask"},{"floor":29.0,"key":"Enchiridion"},{"floor":31.0,"key":"Ancient Tea Set"},{"floor":44,"key":"Emotion Chip"},{"floor":44,"key":"StrikeDummy"},{"floor":46,"key":"CeramicFish"},{"floor":46,"key":"Anchor"}],"event_choices":[{"cards_removed":["Defend_B"],"damage_healed":0.0,"max_hp_gain":0.0,"max_hp_loss":0.0,"gold_gain":0.0,"event_name":"Golden Wing","player_choice":"Card Removal","floor":2.0,"gold_loss":0.0,"damage_taken":7.0},{"damage_healed":0.0,"max_hp_gain":0.0,"max_hp_loss":0.0,"gold_gain":0.0,"event_name":"Living Wall","player_choice":"Grow","floor":4.0,"gold_loss":0.0,"damage_taken":0.0,"cards_upgraded":["Rebound"]},{"damage_healed":0.0,"max_hp_gain":0.0,"max_hp_loss":0.0,"gold_gain":0.0,"cards_transformed":["Strike_B"],"event_name":"Transmorgrifier","player_choice":"Transformed","floor":5.0,"gold_loss":0.0,"damage_taken":0.0,"cards_obtained":["Coolheaded"]},{"damage_healed":0.0,"max_hp_gain":0.0,"max_hp_loss":0.0,"gold_gain":0.0,"event_name":"Upgrade Shrine","player_choice":"Upgraded","floor":11.0,"gold_loss":0.0,"damage_taken":0.0,"cards_upgraded":["Cold Snap"]},{"damage_healed":0.0,"max_hp_gain":0.0,"max_hp_loss":0.0,"gold_gain":0.0,"cards_transformed":["Strike_B","Defend_B"],"event_name":"Drug Dealer","player_choice":"Became Test Subject","floor":20.0,"gold_loss":0.0,"damage_taken":0.0,"cards_obtained":["Consume","Blizzard"]},{"damage_healed":0.0,"max_hp_gain":0.0,"max_hp_loss":0.0,"gold_gain":0.0,"event_name":"Masked Bandits","player_choice":"Fought Bandits","floor":28.0,"gold_loss":0.0,"damage_taken":0.0},{"damage_healed":0.0,"max_hp_gain":0.0,"max_hp_loss":0.0,"gold_gain":0.0,"event_name":"Cursed Tome","player_choice":"Obtained Book","floor":29.0,"gold_loss":0.0,"damage_taken":21.0},{"damage_healed":0,"gold_gain":0,"player_choice":"Forge","damage_taken":0,"max_hp_gain":0,"max_hp_loss":0,"event_name":"Accursed Blacksmith","floor":37,"gold_loss":0,"cards_upgraded":["Loop"]},{"damage_healed":0,"gold_gain":0,"player_choice":"Embrace Madness","damage_taken":13,"max_hp_gain":0,"max_hp_loss":0,"event_name":"Winding Halls","floor":41,"gold_loss":0,"cards_obtained":["Madness","Madness"]}],"is_beta":false,"boss_relics":[{"not_picked":["Philosopher\u0027s Stone","Busted Crown"],"picked":"Empty Cage"},{"not_picked":["Velvet Choker","Nuclear Battery"],"picked":"Black Star"}],"items_purged_floors":[30,36],"is_endless":false,"potions_floor_spawned":[1,13,16,18,19,31,44,46],"killed_by":"Awakened One","ascension_level":20}}