{"host":"j0tja808rg8hkg8v","time":1610157748,"event":{"mods":["Aspiration","BaseMod","Colored Powertips","Downfall","Energized Spire","Hermit","Infinite Spire","Ironclad Rager","Magitek Elite","Minty Spire (QoL Compilation)","Relic Stats","Replay The Spire","StSLib","The Bladedancer","The Cursed","The Disciple","The Runesmith"],"gold_per_floor":[114,39,39,39,56,84,84,98,98,114,130,130,150,12,12,12,12],"floor_reached":16,"playtime":1280,"items_purged":["Strike_L","Defend_L"],"score":102,"play_id":"e7d0a25e-894f-423a-bf69-4541c47a823e","local_time":"20210109020228","is_ascension_mode":false,"campfire_choices":[{"floor":7,"key":"REST"},{"floor":12,"key":"REST"},{"floor":15,"key":"REST"}],"circlet_count":0,"master_deck":["Strike_L","Strike_L","Strike_L","Defend_L","Defend_L","Defend_L","Defend_L","Fire2","Cure","Aero","Water","Transpose_P","Rune_Blade","Mirage_Vest","Thunder_Blade","Magus_Robe"],"relics":["Pendant","aspiration:StickyExplosives_weak","infinitespire:CheckeredPen"],"acts_visited":["Exordium"],"potions_floor_usage":[6,16],"damage_taken":[{"damage":9,"enemies":"Jaw Worm","floor":1,"turns":7},{"damage":5,"enemies":"Small Slimes","floor":5,"turns":4},{"damage":56,"enemies":"3 Sentries","floor":6,"turns":12},{"damage":10,"enemies":"Cultist","floor":8,"turns":4},{"damage":6,"enemies":"Red Slaver","floor":10,"turns":5},{"damage":22,"enemies":"3 Louse","floor":11,"turns":4},{"damage":6,"enemies":"2 Fungi Beasts","floor":13,"turns":4},{"damage":61,"enemies":"Fading Forest","floor":16,"turns":7}],"seed_played":"-7948836827200231811","potions_obtained":[{"floor":1,"key":"Languid Potion"},{"floor":5,"key":"Strength Potion"},{"floor":10,"key":"Ancient Potion"}],"is_trial":false,"path_per_floor":["M","$","?","?","M","E","R","M","T","M","M","R","M","$","R","B"],"character_chosen":"MAGITEKELITE","items_purchased":["Magus_Robe"],"campfire_rested":3,"item_purchase_floors":[14],"current_hp_per_floor":[63,63,63,63,64,14,34,30,30,30,14,34,34,34,54,0,0],"gold":12,"neow_bonus":"TEN_PERCENT_HP_BONUS","is_daily":false,"chose_seed":false,"campfire_upgraded":0,"win_rate":0.0,"timestamp":1610157748,"path_taken":["M","$","?","?","M","E","R","M","T","M","M","R","M","$","R","BOSS"],"items_purchased_type":["Card"],"build_version":"2020-12-22","purchased_purges":2,"victory":false,"max_hp_per_floor":[69,69,69,69,69,69,69,69,69,69,69,69,69,69,69,69,69],"relic_stats":{"counters":[8,47],"obtain_stats":[{"Pendant":0,"infinitespire:CheckeredPen":9,"aspiration:StickyExplosives_weak":6},{"Pendant":0,"infinitespire:CheckeredPen":4,"aspiration:StickyExplosives_weak":3},{"Pendant":0,"infinitespire:CheckeredPen":27,"aspiration:StickyExplosives_weak":23}]},"card_choices":[{"not_picked":["Thornlet","Haste"],"picked":"Aero","floor":1},{"not_picked":["Icebrand","Gladius"],"picked":"Water","floor":5},{"not_picked":["Rasp","Throw"],"picked":"Transpose_P","floor":6},{"not_picked":["Thunder_P","Aero","Heavy_Shield"],"picked":"SKIP","floor":8},{"not_picked":["Flare","Heavy_Shield"],"picked":"Rune_Blade","floor":10},{"not_picked":["Thunder_Blade","Might"],"picked":"Mirage_Vest","floor":11},{"not_picked":["Icebrand","Gaia_Gear"],"picked":"Thunder_Blade","floor":13}],"player_experience":43135,"relics_obtained":[{"floor":6,"key":"aspiration:StickyExplosives_weak"},{"floor":9,"key":"infinitespire:CheckeredPen"}],"event_choices":[{"damage_healed":0,"gold_gain":0,"player_choice":"Ignored","damage_taken":0,"max_hp_gain":0,"max_hp_loss":0,"event_name":"NoteForYourself","floor":4,"gold_loss":0}],"is_beta":false,"boss_relics":[],"items_purged_floors":[2,14],"is_endless":false,"potions_floor_spawned":[1,5,10],"killed_by":"Fading Forest","ascension_level":0}}