{"host":"i09pxcjttd31eh4q","time":1610204551,"event":{"mods":["AchievementEnabler","BaseMod","Colored Map","Keyboard Shortcuts","Minty Spire (QoL Compilation)","StSLib","SuperFastMode"],"gold_per_floor":[11,11,23,40,57,57,68,68,68,78,78,95,108,119,119,198,198,212,137,137,151,166,166,176,176,203,203,203],"floor_reached":27,"playtime":766,"items_purged":["Strike_G"],"score":422,"play_id":"d8a66f88-6e25-4dca-824d-e8b03111cd0f","local_time":"20210110000231","is_ascension_mode":true,"campfire_choices":[{"data":"Cloak And Dagger","floor":6.0,"key":"SMITH"},{"data":"Neutralize","floor":8.0,"key":"SMITH"},{"data":"Deadly Poison","floor":15.0,"key":"SMITH"},{"data":"Calculated Gamble","floor":23,"key":"SMITH"},{"data":"Prepared","floor":25,"key":"SMITH"}],"circlet_count":0,"master_deck":["AscendersBane","Strike_G","Strike_G","Defend_G","Defend_G","Defend_G","Defend_G","Defend_G","Survivor","Neutralize+1","Escape Plan","Flying Knee","Calculated Gamble+1","Cloak And Dagger+1","Escape Plan","Die Die Die","Prepared+1","Underhanded Strike","Deadly Poison+1","Dagger Throw","Grand Finale"],"relics":["Ring of the Snake","FossilizedHelix","WingedGreaves","Sozu"],"acts_visited":["Exordium","TheCity"],"potions_floor_usage":[24],"damage_taken":[{"damage":3.0,"enemies":"Cultist","floor":1.0,"turns":4.0},{"damage":0.0,"enemies":"2 Louse","floor":3.0,"turns":3.0},{"damage":0.0,"enemies":"Jaw Worm","floor":4.0,"turns":4.0},{"damage":0.0,"enemies":"Looter","floor":5.0,"turns":4.0},{"damage":0.0,"enemies":"Exordium Thugs","floor":7.0,"turns":5.0},{"damage":0.0,"enemies":"Exordium Wildlife","floor":10.0,"turns":5.0},{"damage":0.0,"enemies":"Looter","floor":12.0,"turns":3.0},{"damage":7.0,"enemies":"3 Louse","floor":13.0,"turns":2.0},{"damage":0.0,"enemies":"Red Slaver","floor":14.0,"turns":3.0},{"damage":32.0,"enemies":"The Guardian","floor":16.0,"turns":12.0},{"damage":3.0,"enemies":"3 Byrds","floor":18.0,"turns":6.0},{"damage":5,"enemies":"Chosen","floor":21,"turns":5},{"damage":24,"enemies":"Sentry and Sphere","floor":22,"turns":6},{"damage":12,"enemies":"Snake Plant","floor":24,"turns":4},{"damage":14,"enemies":"3 Cultists","floor":27,"turns":3}],"seed_played":"-4255221719663410732","potions_obtained":[{"floor":1.0,"key":"CunningPotion"},{"floor":7.0,"key":"Ancient Potion"},{"floor":10.0,"key":"EssenceOfSteel"},{"floor":12.0,"key":"Fire Potion"}],"is_trial":false,"path_per_floor":["M","$","M","M","M","R","M","R","T","M","?","M","M","M","R","B",null,"M","$","?","M","M","R","M","R","T","M"],"character_chosen":"THE_SILENT","items_purchased":[],"campfire_rested":0,"item_purchase_floors":[],"current_hp_per_floor":[56,56,56,56,56,56,56,56,56,56,56,56,49,49,49,17,54,51,51,51,46,22,22,10,10,10,0,0],"gold":203,"neow_bonus":"ONE_RARE_RELIC","is_daily":false,"chose_seed":false,"campfire_upgraded":5,"win_rate":0.0,"timestamp":1610204551,"path_taken":["M","$","?","M","M","R","M","R","T","M","?","M","M","M","R","BOSS","M","$","?","M","M","R","M","R","T","M"],"items_purchased_type":[],"build_version":"2020-12-22","purchased_purges":1,"victory":false,"max_hp_per_floor":[66,66,66,66,66,66,66,66,66,66,66,66,66,66,66,66,66,66,66,66,66,66,66,66,66,66,66,66],"card_choices":[{"not_picked":["Footwork","Deflect"],"picked":"Escape Plan","floor":1.0},{"not_picked":["Slice","Deflect"],"picked":"Flying Knee","floor":3.0},{"not_picked":["Slice","Expertise"],"picked":"Calculated Gamble","floor":4.0},{"not_picked":["Flying Knee","Calculated Gamble"],"picked":"Cloak And Dagger","floor":5.0},{"not_picked":["Prepared","Bane"],"picked":"Escape Plan","floor":7.0},{"not_picked":["Underhanded Strike","Prepared"],"picked":"Die Die Die","floor":10.0},{"not_picked":["Backflip","Concentrate"],"picked":"Underhanded Strike","floor":12.0},{"not_picked":["Flying Knee","Prepared"],"picked":"Deadly Poison","floor":13.0},{"not_picked":["Skewer","Deflect"],"picked":"Dagger Throw","floor":14.0},{"not_picked":["Unload","A Thousand Cuts"],"picked":"Grand Finale","floor":16.0},{"not_picked":["PiercingWail","Dodge and Roll","Flying Knee+1"],"picked":"SKIP","floor":18.0},{"not_picked":["Bane","Caltrops","Sucker Punch"],"picked":"SKIP","floor":21},{"not_picked":["Heel Hook","Terror","Blur"],"picked":"SKIP","floor":22},{"not_picked":["Expertise","Dash","Blur"],"picked":"SKIP","floor":24}],"player_experience":850196,"relics_obtained":[{"floor":9.0,"key":"WingedGreaves"}],"event_choices":[{"damage_healed":0.0,"max_hp_gain":0.0,"max_hp_loss":0.0,"gold_gain":0.0,"cards_transformed":["Strike_G"],"event_name":"Transmorgrifier","player_choice":"Transformed","floor":11.0,"gold_loss":0.0,"damage_taken":0.0,"cards_obtained":["Prepared"]},{"cards_removed":["Strike_G"],"damage_healed":0,"gold_gain":0,"player_choice":"Elegance","damage_taken":0,"max_hp_gain":0,"max_hp_loss":0,"event_name":"Back to Basics","floor":20,"gold_loss":0}],"is_beta":false,"boss_relics":[{"not_picked":["Snecko Eye","Velvet Choker"],"picked":"Sozu"}],"items_purged_floors":[19],"is_endless":false,"potions_floor_spawned":[1,7,10,12,14,21,24],"killed_by":"3 Cultists","ascension_level":20}}