{"host":"vk3oecxhswhylj4a","time":1610210890,"event":{"mods":["Act Like it!","Aspiration","BaseMod","Colored Powertips","Decade(王小明)","Downfall","Gensokyo","Hallownest","KinomotoSakuraMod(木之本樱)","Marisa（F雨　魔理沙）","Minty Spire (QoL Compilation)","Relic Stats","Replay The Spire","RumiaBox-露米娅的神秘盒子","Spicy Shops","StSLib","TestMod","The Bug Knight","UnlockEverythingMod","Waifu the Spire","WarShipGirlsR/战舰少女R mod","Youmu（魂魄妖梦）","[IsaacMod]以撒尖塔","vexMod","【遗物卡牌】REMEMod"],"gold_per_floor":[110,130,148,204,254,254,254],"floor_reached":6,"playtime":327,"items_purged":[],"score":36,"play_id":"53120153-4fd2-47bc-995f-9358b0002692","local_time":"20210110004810","is_ascension_mode":false,"campfire_choices":[],"circlet_count":0,"master_deck":["ClowCardTheSword","ClowCardTheSword","ClowCardTheSword","ClowCardTheSword","ClowCardTheShield","ClowCardTheShield","ClowCardTheShield","ClowCardTheShield","SpellCardSeal","SpellCardRelease","EpicFetus","ClowCardTheFlower","ClowCardTheWave","ClowCardTheMirror","ClowCardTheMove"],"relics":["KSMOD_SealedBook","KSMOD_SealedWand","testmod-TestBox","HushsDoor","REME_ComplimentaryCards","DeathBook","testmod-FatalChain","NeowsBlessing","White Beast Statue","REME_HandOfSuture"],"acts_visited":["Gensokyo:Gensokyo"],"potions_floor_usage":[5,5,5],"damage_taken":[{"damage":18,"enemies":"Gensokyo:3_Fairies","floor":1,"turns":2},{"damage":0,"enemies":"Gensokyo:Python","floor":2,"turns":1},{"damage":0,"enemies":"Gensokyo:Gryphon","floor":3,"turns":1},{"damage":23,"enemies":"Hiden Room Battle","floor":5,"turns":5},{"damage":7,"enemies":"Gensokyo:Aya","floor":6,"turns":2}],"seed_played":"-6777285321064150025","potions_obtained":[{"floor":3,"key":"Energy Potion"},{"floor":4,"key":"Languid Potion"},{"floor":4,"key":"Adrenaline Potion"},{"floor":4,"key":"Guardian:BlockOnCardUsePotion"}],"is_trial":false,"path_per_floor":["M","M","M","?","?","E"],"character_chosen":"KINOMOTOSAKURA","items_purchased":[],"campfire_rested":0,"item_purchase_floors":[],"current_hp_per_floor":[52,52,52,24,1,0,0],"gold":254,"neow_bonus":"THREE_ENEMY_KILL","is_daily":false,"chose_seed":false,"campfire_upgraded":0,"win_rate":0.0,"timestamp":1610210890,"path_taken":["M","M","M","?","?","E"],"items_purchased_type":[],"build_version":"2020-12-22","purchased_purges":0,"victory":false,"max_hp_per_floor":[70,70,70,70,70,70,70],"relic_stats":{"counters":[5,11],"obtain_stats":[{"KeepersGift":0,"DeathBook":0,"testmod-TestBox":0,"NeowsBlessing":0,"KSMOD_SealedBook":0,"testmod-FatalChain":0,"KSMOD_SealedWand":0,"REME_HandOfSuture":5,"HushsDoor":0,"White Beast Statue":5,"REME_ComplimentaryCards":0},{"KeepersGift":0,"DeathBook":0,"testmod-TestBox":0,"NeowsBlessing":0,"KSMOD_SealedBook":0,"testmod-FatalChain":0,"KSMOD_SealedWand":0,"REME_HandOfSuture":4,"HushsDoor":0,"White Beast Statue":4,"REME_ComplimentaryCards":0},{"KeepersGift":0,"DeathBook":0,"testmod-TestBox":0,"NeowsBlessing":0,"KSMOD_SealedBook":0,"testmod-FatalChain":0,"KSMOD_SealedWand":0,"REME_HandOfSuture":9,"HushsDoor":0,"White Beast Statue":9,"REME_ComplimentaryCards":0}]},"card_choices":[{"not_picked":[],"picked":"EpicFetus","floor":0},{"not_picked":["ClowCardTheCloud","ClowCardTheThrough","ClowCardTheShot"],"picked":"SKIP","floor":1},{"not_picked":["ClowCardTheSilent","ClowCardTheStorm"],"picked":"ClowCardTheFlower","floor":2},{"not_picked":["ClowCardTheIllusion","ClowCardTheShot"],"picked":"ClowCardTheWave","floor":3},{"not_picked":["ClowCardTheVoice","ClowCardTheIllusion"],"picked":"ClowCardTheMirror","floor":4},{"not_picked":["ClowCardTheWindy","ClowCardTheWave"],"picked":"ClowCardTheMove","floor":5}],"player_experience":119512,"relics_obtained":[{"floor":5,"key":"White Beast Statue"},{"floor":5,"key":"REME_HandOfSuture"}],"event_choices":[{"damage_healed":0,"gold_gain":0,"player_choice":"Fight","damage_taken":0,"max_hp_gain":0,"max_hp_loss":0,"event_name":"HidenRoomEvent","floor":5,"gold_loss":0}],"is_beta":false,"boss_relics":[],"items_purged_floors":[],"is_endless":false,"potions_floor_spawned":[3],"killed_by":"Gensokyo:Aya","ascension_level":0}}