{"host":"h1l2j95f0ioyx0nx","time":1610195895,"event":{"mods":["AchievementEnabler","Arknights The Spire","Ascension Reborn","BaseMod","BetterRewards","Gold Saver","GungeonMod","Hermit","Lobotomy","Minty Spire (QoL Compilation)","Permanent Neow","Quick Restart","Shop Mod","Spicy Shops","StSLib","The Bug Knight","The Cursed","The Dragon Tamer","The Hierophant","The Jungle","The Poker Player","The Runesmith"],"gold_per_floor":[1385,142,104,104,126,161,183,183,268,90,109,131,131,131,131,249,249,263,263,107,107,107,107,107,107],"floor_reached":24,"playtime":1351,"items_purged":[],"score":242,"play_id":"dbe0a48e-4cea-4179-bd53-7fac2870bf96","local_time":"20210109213815","is_ascension_mode":true,"campfire_choices":[{"floor":8,"key":"RECALL"},{"data":"Seeing Red","floor":13,"key":"SMITH"},{"data":"Metamorphosis","floor":15,"key":"SMITH"},{"data":"Berserk","floor":23,"key":"SMITH"}],"circlet_count":0,"master_deck":["Strike_R+1","Strike_R+1","Strike_R+1","Strike_R+1","Strike_R+1","Defend_R+1","Defend_R+1","Defend_R+1","Defend_R+1","Bash+1","Seeing Red+1","Spot Weakness","Metamorphosis+1","Demon Form","MeatLantern","Demon Form","Cleave","VoidDream","Heavy Blade+1","Rudolta","Berserk+1","HappyTeddy","Infernal Blade+1","Scorched","Offering","PunishingBird","Flex+1"],"relics":["Burning Blood","CogitoBucket","Juzu Bracelet","DemoMod:BigBoy","DemoMod:Metronome","Sling","Medical Kit","Ornamental Fan","DemoMod:WhiteGuonStone","MerchantsRug","DemoMod:GnawedKey","DemoMod:Orange","Centennial Puzzle","Pear","Turnip","Runesmith:AutoHammer","Toolbox","HollowMod:StagPassRelic","Theresia","Charon\u0027s Ashes","Coffee Dripper","Strawberry","DemoMod:LamentConfigurum"],"acts_visited":["Exordium","Exordium"],"potions_floor_usage":[],"damage_taken":[{"damage":0,"enemies":"Cultist","floor":1,"turns":2},{"damage":0,"enemies":"Small Slimes","floor":5,"turns":2},{"damage":23,"enemies":"3 Sentries","floor":6,"turns":5},{"damage":95,"enemies":"2 Louse","floor":7,"turns":3},{"damage":9,"enemies":"Exordium Thugs","floor":11,"turns":3},{"damage":1,"enemies":"Large Slime","floor":12,"turns":4},{"damage":49,"enemies":"Slime Boss","floor":16,"turns":4},{"damage":36,"enemies":"Shell Parasite","floor":18,"turns":1},{"damage":90,"enemies":"theJungle:Flameango_and_Byrd","floor":24,"turns":1}],"seed_played":"-1140311725231301567","potions_obtained":[{"floor":1,"key":"DistilledChaos"},{"floor":5,"key":"LiquidBronze"},{"floor":6,"key":"BlessingOfTheForge"},{"floor":7,"key":"AttackPotion"},{"floor":11,"key":"SkillPotion"},{"floor":12,"key":"BlessingOfTheForge"},{"floor":12,"key":"ElixirPotion"}],"is_trial":false,"path_per_floor":["M","$","$","?","M","E","M","R","T","$","M","M","R","?","R","B",null,"M","?","$","?","?","R","M"],"character_chosen":"IRONCLAD","items_purchased":["Spot Weakness","DemoMod:BigBoy","DemoMod:Metronome","Sling","Medical Kit","Ornamental Fan","DemoMod:WhiteGuonStone","MerchantsRug","DemoMod:GnawedKey","Metamorphosis","DemoMod:Orange","Toolbox","HollowMod:StagPassRelic","Strawberry","DemoMod:LamentConfigurum"],"campfire_rested":0,"item_purchase_floors":[2,2,2,2,2,2,2,2,2,2,3,10,10,20,20],"current_hp_per_floor":[85,85,97,90,97,107,36,36,36,36,51,90,90,97,97,87,117,95,71,81,88,88,88,0,0],"gold":107,"neow_bonus":"","is_daily":false,"chose_seed":false,"campfire_upgraded":3,"win_rate":0.0,"timestamp":1610195895,"path_taken":["M","?","$","?","M","E","M","R","T","$","M","M","R","?","R","BOSS","M","?","$","?","?","R","M"],"items_purchased_type":["Card","Relic","Relic","Relic","Relic","Relic","Relic","Relic","Relic","Card","Relic","Relic","Relic","Relic","Relic"],"build_version":"2020-12-22","purchased_purges":0,"victory":false,"max_hp_per_floor":[85,85,97,97,97,107,107,107,107,107,107,107,107,112,112,117,117,117,117,124,124,124,124,124,124],"card_choices":[{"not_picked":["ShyLook","Wellcheers"],"picked":"CrumblingArmor","floor":1},{"not_picked":["Carnage","Spot Weakness"],"picked":"Seeing Red","floor":1},{"not_picked":["OSAHOGD","Bloodbath"],"picked":"DreamingCurrent","floor":5},{"not_picked":["Infernal Blade","Iron Wave"],"picked":"Demon Form","floor":5},{"not_picked":["SpiderBud","OldLady"],"picked":"MeatLantern","floor":6},{"not_picked":["Anger","Intimidate"],"picked":"Demon Form","floor":6},{"not_picked":["Iron Wave","Clothesline"],"picked":"Cleave","floor":6},{"not_picked":["LittleHelper","OSAHOGD"],"picked":"VoidDream","floor":7},{"not_picked":["Clash","DemoMod:WhiteBlade"],"picked":"Heavy Blade+1","floor":7},{"not_picked":["BeautyBeast","BigBird"],"picked":"Rudolta","floor":11},{"not_picked":["Cleave","Fire Breathing"],"picked":"Berserk","floor":11},{"not_picked":["FieryBird","OSAHOGD"],"picked":"HappyTeddy","floor":12},{"not_picked":["Entrench","Whirlwind+1"],"picked":"Infernal Blade+1","floor":12},{"not_picked":["ShyLook","CherryBlossoms"],"picked":"Scorched","floor":16},{"not_picked":["Reaper","Demon Form"],"picked":"Offering","floor":16},{"not_picked":["LongBird","Mercenary"],"picked":"PunishingBird","floor":18},{"not_picked":["DemoMod:WhiteBlade","Havoc"],"picked":"Flex+1","floor":18}],"player_experience":174157,"relics_obtained":[{"floor":1,"key":"Juzu Bracelet"},{"floor":6,"key":"Pear"},{"floor":7,"key":"Turnip"},{"floor":9,"key":"Runesmith:AutoHammer"},{"floor":16,"key":"Charon\u0027s Ashes"}],"event_choices":[{"damage_healed":0,"gold_gain":0,"player_choice":"Success","damage_taken":7,"relics_obtained":["Centennial Puzzle"],"max_hp_gain":0,"max_hp_loss":0,"event_name":"Scrap Ooze","floor":4,"gold_loss":0},{"damage_healed":0,"gold_gain":0,"player_choice":"Donut","damage_taken":0,"max_hp_gain":5,"max_hp_loss":0,"event_name":"Big Fish","floor":14,"gold_loss":0},{"cards_removed":["CrumblingArmor"],"damage_healed":5,"gold_gain":0,"player_choice":"Offered Common","damage_taken":0,"max_hp_gain":0,"max_hp_loss":0,"event_name":"Bonfire Elementals","floor":21,"gold_loss":0},{"cards_removed":["CrumblingArmor"],"damage_healed":5,"gold_gain":0,"player_choice":"Offered Special","damage_taken":0,"max_hp_gain":0,"max_hp_loss":0,"event_name":"Bonfire Elementals","floor":21,"gold_loss":0},{"cards_removed":["DreamingCurrent"],"damage_healed":0,"gold_gain":0,"player_choice":"Card Removal","damage_taken":0,"max_hp_gain":0,"max_hp_loss":0,"event_name":"Wheel of Change","floor":22,"gold_loss":0}],"is_beta":false,"boss_relics":[{"not_picked":["Cursed Key","Snecko Eye"],"picked":"Coffee Dripper"}],"items_purged_floors":[],"is_endless":false,"potions_floor_spawned":[12,16],"killed_by":"theJungle:Flameango_and_Byrd","ascension_level":0}}