{"host":"1p0ug38l8q9et435","time":1610214465,"event":{"mods":["AchievementEnabler","BaseMod","Colored Powertips","Downfall","Minty Spire (QoL Compilation)","StSLib","UnlockEverythingMod"],"gold_per_floor":[116,134,134,151,7,7,22,42,42,76,89,89,115,115,115,212,212,228,252,269,35,45,45,45,45],"floor_reached":24,"playtime":1526,"items_purged":[],"score":233,"play_id":"bcd15671-f4ea-4de0-ba7c-799952e3e7b5","local_time":"20210109094745","is_ascension_mode":false,"campfire_choices":[{"floor":6,"key":"RECALL"},{"floor":12,"key":"REST"},{"floor":15,"key":"REST"},{"floor":23,"key":"REST"}],"circlet_count":0,"master_deck":["Strike_G","Strike_G","Strike_G","Strike_G","Strike_G","Defend_G","Defend_G","Defend_G","Defend_G","Defend_G","Survivor","Neutralize","Poisoned Stab","Flying Knee","Outmaneuver","PiercingWail","Bouncing Flask","Predator","Deadly Poison","After Image","Blade Dance","Deadly Poison","expansioncontent:CaCaw","Accuracy","Blade Dance"],"relics":["Ring of the Snake","TwistedFunnel","Kunai","White Beast Statue","Smiling Mask","WristBlade","Ancient Tea Set","Membership Card"],"acts_visited":["Exordium","TheCity"],"potions_floor_usage":[8,10,10,11,11,13,20,20,24],"damage_taken":[{"damage":1,"enemies":"Cultist","floor":1,"turns":5},{"damage":0,"enemies":"Jaw Worm","floor":2,"turns":4},{"damage":2,"enemies":"2 Louse","floor":4,"turns":3},{"damage":0,"enemies":"Blue Slaver","floor":7,"turns":3},{"damage":4,"enemies":"2 Fungi Beasts","floor":8,"turns":3},{"damage":0,"enemies":"Gremlin Nob","floor":10,"turns":3},{"damage":15,"enemies":"Large Slime","floor":11,"turns":4},{"damage":40,"enemies":"3 Sentries","floor":13,"turns":10},{"damage":11,"enemies":"Hexaghost","floor":16,"turns":9},{"damage":44,"enemies":"3 Byrds","floor":18,"turns":6},{"damage":1,"enemies":"Spheric Guardian","floor":20,"turns":4},{"damage":29,"enemies":"Shelled Parasite and Fungi","floor":22,"turns":6},{"damage":27,"enemies":"Gremlin Leader","floor":24,"turns":3}],"seed_played":"3580390650752212482","potions_obtained":[{"floor":0,"key":"Fire Potion"},{"floor":0,"key":"DistilledChaos"},{"floor":0,"key":"EntropicBrew"},{"floor":16,"key":"Regen Potion"},{"floor":18,"key":"hexamod:EctoCoolerPotion"},{"floor":20,"key":"Slimebound:ThreeZeroPotion"}],"is_trial":false,"path_per_floor":["M","M","$","M","$","R","M","M","T","E","M","R","E","T","R","B",null,"M","T","M","$","M","R","E"],"character_chosen":"THE_SILENT","items_purchased":["TwistedFunnel","Membership Card","expansioncontent:CaCaw","Accuracy"],"campfire_rested":3,"item_purchase_floors":[5,21,21,21],"current_hp_per_floor":[69,69,69,67,67,67,67,63,63,63,48,69,29,29,50,39,70,26,26,34,34,5,26,0,0],"gold":45,"neow_bonus":"THREE_SMALL_POTIONS","is_daily":false,"chose_seed":false,"campfire_upgraded":0,"win_rate":0.0,"timestamp":1610214465,"path_taken":["M","M","$","M","$","R","M","?","T","E","M","R","E","?","R","BOSS","M","?","M","$","M","R","E"],"items_purchased_type":["Relic","Relic","Card","Card"],"build_version":"2020-12-22","purchased_purges":0,"victory":false,"max_hp_per_floor":[70,70,70,70,70,70,70,70,70,70,70,70,70,70,70,70,70,70,70,70,70,70,70,70,70],"card_choices":[{"not_picked":["Sucker Punch","Deflect"],"picked":"Poisoned Stab","floor":1},{"not_picked":["Well Laid Plans","Escape Plan"],"picked":"Flying Knee","floor":2},{"not_picked":["Poisoned Stab","Deadly Poison"],"picked":"Outmaneuver","floor":4},{"not_picked":["Acrobatics","Underhanded Strike"],"picked":"PiercingWail","floor":7},{"not_picked":["Bane","Backflip"],"picked":"Bouncing Flask","floor":8},{"not_picked":["Underhanded Strike","All Out Attack","Masterful Stab"],"picked":"SKIP","floor":10},{"not_picked":["Backflip","Glass Knife"],"picked":"Predator","floor":11},{"not_picked":["Underhanded Strike","Dagger Throw"],"picked":"Deadly Poison","floor":13},{"not_picked":["Malaise","Bullet Time"],"picked":"After Image","floor":16},{"not_picked":["Flechettes","Choke"],"picked":"Blade Dance","floor":18},{"not_picked":["PiercingWail","Heel Hook"],"picked":"Deadly Poison","floor":20},{"not_picked":["Finisher+1","PiercingWail"],"picked":"Blade Dance","floor":22}],"player_experience":1150,"relics_obtained":[{"floor":10,"key":"Kunai"},{"floor":13,"key":"White Beast Statue"},{"floor":14,"key":"Smiling Mask"},{"floor":19,"key":"Ancient Tea Set"}],"event_choices":[],"is_beta":false,"boss_relics":[{"not_picked":["Pandora\u0027s Box","Coffee Dripper"],"picked":"WristBlade"}],"items_purged_floors":[],"is_endless":false,"potions_floor_spawned":[4,7,10,16,18,20,22],"killed_by":"Gremlin Leader","ascension_level":0}}