{"host":"1yemetsqamtkb9ct","time":1610164122,"event":{"mods":["AchievementEnabler","BaseMod","Colored Map","Custom Start","KOR Keyword Fix","Lobotomy","Minty Spire (QoL Compilation)","Quick Restart","Random Character Button","StSLib","SuperFastMode"],"gold_per_floor":[110,110,110,128,143,171,186,186,209,134,146,146,165,181,181,276,276,291,291,291],"floor_reached":19,"playtime":1099,"items_purged":["Strike_R"],"score":171,"play_id":"1c89cb38-046d-45c5-897d-54e8c91065b9","local_time":"20210109124842","is_ascension_mode":false,"campfire_choices":[{"data":"Battle Trance","floor":12.0,"key":"SMITH"},{"data":"Bash","floor":15.0,"key":"SMITH"}],"circlet_count":0,"master_deck":["Strike_R+1","Strike_R","Defend_R","Bash+1","Alriune","Battle Trance+1","VoidDream","BigBadWolf","MeatLantern","Scarecrow","BigBird","Impervious","OldLady"],"relics":["Burning Blood","CogitoBucket","Red Skull","Omamori","AspirationHeart","Velvet Choker"],"acts_visited":["Exordium","TheCity"],"potions_floor_usage":[],"damage_taken":[{"damage":5.0,"enemies":"Small Slimes","floor":1.0,"turns":4.0},{"damage":7.0,"enemies":"Jaw Worm","floor":4.0,"turns":4.0},{"damage":0.0,"enemies":"Cultist","floor":5.0,"turns":4.0},{"damage":26.0,"enemies":"3 Sentries","floor":6.0,"turns":8.0},{"damage":5.0,"enemies":"Looter","floor":7.0,"turns":3.0},{"damage":0.0,"enemies":"Large Slime","floor":11.0,"turns":3.0},{"damage":11.0,"enemies":"Exordium Thugs","floor":13.0,"turns":5.0},{"damage":1.0,"enemies":"2 Fungi Beasts","floor":14.0,"turns":2.0},{"damage":70.0,"enemies":"The Guardian","floor":16.0,"turns":13.0},{"damage":1.0,"enemies":"3 Byrds","floor":18.0,"turns":5.0},{"damage":107,"enemies":"Shell Parasite","floor":19,"turns":4}],"seed_played":"-6683822031707128122","potions_obtained":[{"floor":4.0,"key":"Energy Potion"},{"floor":5.0,"key":"Explosive Potion"},{"floor":7.0,"key":"DuplicationPotion"}],"is_trial":false,"path_per_floor":["M","?","?","M","M","E","M","?","T","$","M","R","M","M","R","B",null,"M","M"],"character_chosen":"IRONCLAD","items_purchased":[],"campfire_rested":0,"item_purchase_floors":[],"current_hp_per_floor":[80,64,64,63,69,49,50,50,50,50,66,66,61,66,66,32,90,90,0,0],"gold":291,"neow_bonus":"","is_daily":false,"chose_seed":false,"campfire_upgraded":2,"win_rate":0.0,"timestamp":1610164122,"path_taken":["M","?","?","M","M","E","M","?","T","$","M","R","M","M","R","BOSS","M","M"],"items_purchased_type":[],"build_version":"2020-12-22","purchased_purges":1,"victory":false,"max_hp_per_floor":[80,80,80,80,80,80,80,80,80,80,90,90,90,90,90,90,90,90,90,90],"card_choices":[{"not_picked":["Bloodbath","VoidDream"],"picked":"Alriune","floor":1.0},{"not_picked":["Dropkick","Rupture"],"picked":"Battle Trance","floor":1.0},{"not_picked":["Murderer","PunishingBird"],"picked":"VoidDream","floor":4.0},{"not_picked":["Clothesline","Seeing Red","Battle Trance"],"picked":"SKIP","floor":4.0},{"not_picked":["Woodsman","Wellcheers"],"picked":"HeroicMonk","floor":5.0},{"not_picked":["Rampage","Uppercut","Iron Wave"],"picked":"SKIP","floor":5.0},{"not_picked":["Bloodbath","MHz"],"picked":"UniverseFragment","floor":6.0},{"not_picked":["Flame Barrier","Inflame","Havoc"],"picked":"SKIP","floor":6.0},{"not_picked":["PunishingBird","OSAHOGD"],"picked":"BigBadWolf","floor":7.0},{"not_picked":["Reaper","Heavy Blade","Perfected Strike"],"picked":"SKIP","floor":7.0},{"not_picked":["NakedNest","WallGazer"],"picked":"CherryBlossoms","floor":11.0},{"not_picked":["Barricade","Intimidate","Sword Boomerang"],"picked":"SKIP","floor":11.0},{"not_picked":["Barricade","Intimidate","Sword Boomerang"],"picked":"SKIP","floor":11.0},{"not_picked":["Scorched","PunishingBird"],"picked":"MeatLantern","floor":13.0},{"not_picked":["Uppercut","Sword Boomerang","Body Slam"],"picked":"SKIP","floor":13.0},{"not_picked":["OldLady","QueenOfHatred"],"picked":"Scarecrow","floor":14.0},{"not_picked":["Ghostly Armor","Entrench","Sentinel"],"picked":"SKIP","floor":14.0},{"not_picked":["PunishingBird","SpiderBud"],"picked":"BigBird","floor":16.0},{"not_picked":["Limit Break","Reaper"],"picked":"Impervious","floor":16.0},{"not_picked":["WallGazer","OSAHOGD"],"picked":"OldLady","floor":18.0},{"not_picked":["Dual Wield","Warcry","Wild Strike+1"],"picked":"SKIP","floor":18.0}],"player_experience":596201,"relics_obtained":[{"floor":6.0,"key":"Red Skull"},{"floor":9.0,"key":"Omamori"}],"event_choices":[{"damage_healed":0.0,"max_hp_gain":0.0,"max_hp_loss":0.0,"gold_gain":0.0,"event_name":"Shining Light","player_choice":"Entered Light","floor":2.0,"gold_loss":0.0,"damage_taken":16.0,"cards_upgraded":["Defend_R","Strike_R"]},{"cards_removed":["Strike_R"],"damage_healed":0.0,"max_hp_gain":0.0,"max_hp_loss":0.0,"gold_gain":0.0,"event_name":"Living Wall","player_choice":"Forget","floor":3.0,"gold_loss":0.0,"damage_taken":0.0},{"damage_healed":0.0,"max_hp_gain":0.0,"max_hp_loss":0.0,"gold_gain":0.0,"cards_transformed":["Strike_R"],"event_name":"Transmorgrifier","player_choice":"Transformed","floor":8.0,"gold_loss":0.0,"damage_taken":0.0,"cards_obtained":["Fiend Fire"]}],"is_beta":false,"boss_relics":[{"not_picked":["Philosopher\u0027s Stone","Coffee Dripper"],"picked":"Velvet Choker"}],"items_purged_floors":[10],"is_endless":false,"potions_floor_spawned":[4,5,7],"killed_by":"Shell Parasite","ascension_level":0}}