{"host":"jlz4is0nf6zo9oab","time":1610182325,"event":{"mods":["AchievementEnabler","BaseMod","Colored Map","Colored Powertips","Highlight Path","Minty Spire (QoL Compilation)","StSLib"],"gold_per_floor":[116,42,42,42,52,52,84,84,84,116,116,116,116,81,81,180,180,194,194,6,6,24,24,39,57,106,106,106,127,155,80,80,80,80],"floor_reached":33,"playtime":755,"items_purged":["Strike_R"],"score":414,"play_id":"ca0786a2-b99b-492c-a644-3f39567bc240","local_time":"20210109095205","is_ascension_mode":true,"campfire_choices":[{"data":"Bash","floor":6,"key":"SMITH"},{"data":"Rampage","floor":8,"key":"SMITH"},{"floor":13,"key":"REST"},{"data":"Rampage","floor":15,"key":"SMITH"},{"data":"Immolate","floor":23,"key":"SMITH"},{"data":"Defend_R","floor":27,"key":"SMITH"},{"floor":32,"key":"REST"}],"circlet_count":0,"master_deck":["AscendersBane","Strike_R+1","Strike_R","Strike_R","Defend_R+1","Defend_R","Defend_R","Defend_R+1","Bash+1","Rampage+1","Rampage+1","Uppercut+1","Immolate+1","Shrug It Off","Cleave+1"],"relics":["Black Blood","Juzu Bracelet","Lantern","Akabeko","Mummified Hand","Thread and Needle","FaceOfCleric","Membership Card","CeramicFish"],"acts_visited":["Exordium","TheCity"],"potions_floor_usage":[7,10],"damage_taken":[{"damage":1,"enemies":"Cultist","floor":1,"turns":3},{"damage":2,"enemies":"Jaw Worm","floor":5,"turns":3},{"damage":25,"enemies":"Lagavulin","floor":7,"turns":5},{"damage":30,"enemies":"3 Sentries","floor":10,"turns":8},{"damage":40,"enemies":"Slime Boss","floor":16,"turns":10},{"damage":30,"enemies":"3 Byrds","floor":18,"turns":5},{"damage":10,"enemies":"Shell Parasite","floor":22,"turns":5},{"damage":8,"enemies":"Centurion and Healer","floor":24,"turns":5},{"damage":16,"enemies":"Snecko","floor":25,"turns":4},{"damage":26,"enemies":"Snake Plant","floor":29,"turns":3},{"damage":23,"enemies":"Cultist and Chosen","floor":30,"turns":6},{"damage":123,"enemies":"Automaton","floor":33,"turns":8}],"seed_played":"3641954480391067928","potions_obtained":[{"floor":5,"key":"LiquidBronze"},{"floor":7,"key":"PowerPotion"},{"floor":24,"key":"FairyPotion"}],"is_trial":false,"path_per_floor":["M","$","?","?","M","R","E","R","T","E","?","?","R","?","R","B",null,"M","?","$","?","M","R","M","M","T","R","?","M","M","?","R","B"],"character_chosen":"IRONCLAD","items_purchased":["Rampage","Membership Card"],"campfire_rested":2,"item_purchase_floors":[2,20],"current_hp_per_floor":[77,77,82,75,79,79,60,60,60,36,36,19,44,65,65,31,72,54,54,54,82,85,85,87,84,84,84,67,54,44,44,72,0,0],"gold":80,"neow_bonus":"RANDOM_COMMON_RELIC","is_daily":false,"chose_seed":false,"campfire_upgraded":5,"win_rate":0.0,"timestamp":1610182325,"path_taken":["M","?","?","?","M","R","E","R","T","E","?","?","R","?","R","BOSS","M","?","$","?","M","R","M","M","T","R","?","M","M","?","R","BOSS"],"items_purchased_type":["Card","Relic"],"build_version":"2020-12-22","purchased_purges":1,"victory":false,"max_hp_per_floor":[80,80,85,85,85,85,85,85,85,85,85,85,85,85,85,85,85,85,85,85,85,86,86,87,88,88,88,93,94,95,95,95,95,95],"card_choices":[{"not_picked":["Wild Strike","Dark Embrace","Havoc"],"picked":"SKIP","floor":1},{"not_picked":["Flex","Body Slam"],"picked":"Rampage","floor":5},{"not_picked":["True Grit","Flex","Warcry"],"picked":"SKIP","floor":7},{"not_picked":["Clothesline","Barricade"],"picked":"Uppercut","floor":10},{"not_picked":["Exhume","Brutality"],"picked":"Immolate","floor":16},{"not_picked":["Body Slam","Pommel Strike","Anger+1"],"picked":"SKIP","floor":18},{"not_picked":["Uppercut","Anger+1","Thunderclap"],"picked":"SKIP","floor":22},{"not_picked":["Dark Embrace","Twin Strike","Thunderclap"],"picked":"SKIP","floor":24},{"not_picked":["Thunderclap","Clothesline","Rage"],"picked":"SKIP","floor":25},{"not_picked":["Thunderclap","Berserk"],"picked":"Shrug It Off","floor":29},{"not_picked":["Clash","Hemokinesis"],"picked":"Cleave+1","floor":30}],"player_experience":938768,"relics_obtained":[{"floor":7,"key":"Akabeko"},{"floor":9,"key":"Mummified Hand"},{"floor":10,"key":"Thread and Needle"},{"floor":26,"key":"CeramicFish"}],"event_choices":[{"damage_healed":0,"gold_gain":0,"player_choice":"Donut","damage_taken":0,"max_hp_gain":5,"max_hp_loss":0,"event_name":"Big Fish","floor":3,"gold_loss":0},{"damage_healed":0,"gold_gain":0,"player_choice":"Success","damage_taken":7,"relics_obtained":["Lantern"],"max_hp_gain":0,"max_hp_loss":0,"event_name":"Scrap Ooze","floor":4,"gold_loss":0},{"damage_healed":0,"gold_gain":0,"player_choice":"Forge","damage_taken":0,"max_hp_gain":0,"max_hp_loss":0,"event_name":"Accursed Blacksmith","floor":11,"gold_loss":0,"cards_upgraded":["Uppercut"]},{"damage_healed":0,"gold_gain":0,"player_choice":"Entered Light","damage_taken":17,"max_hp_gain":0,"max_hp_loss":0,"event_name":"Shining Light","floor":12,"gold_loss":0,"cards_upgraded":["Defend_R","Strike_R"]},{"damage_healed":21,"gold_gain":0,"player_choice":"Healed","damage_taken":0,"max_hp_gain":0,"max_hp_loss":0,"event_name":"The Cleric","floor":14,"gold_loss":35},{"damage_healed":0,"gold_gain":0,"player_choice":"Trade","damage_taken":0,"relics_obtained":["FaceOfCleric"],"max_hp_gain":0,"max_hp_loss":0,"event_name":"FaceTrader","floor":19,"gold_loss":0},{"damage_healed":28,"gold_gain":0,"player_choice":"Heal","damage_taken":0,"max_hp_gain":0,"max_hp_loss":0,"event_name":"The Library","floor":21,"gold_loss":0},{"damage_healed":0,"gold_gain":0,"player_choice":"Shed Blood","damage_taken":22,"max_hp_gain":5,"max_hp_loss":0,"event_name":"Forgotten Altar","floor":28,"gold_loss":0},{"cards_removed":["Strike_R"],"damage_healed":0,"gold_gain":0,"player_choice":"Gave Gold","damage_taken":0,"max_hp_gain":0,"max_hp_loss":0,"event_name":"Beggar","floor":31,"gold_loss":75}],"is_beta":false,"boss_relics":[{"not_picked":["Cursed Key","Empty Cage"],"picked":"Black Blood"}],"items_purged_floors":[20],"is_endless":false,"potions_floor_spawned":[5,7,16,24],"killed_by":"Automaton","ascension_level":11}}