{"host":"z4nt7tdd4gjrinn7","time":1610207560,"event":{"mods":["BaseMod","Minty Spire (QoL Compilation)","StSLib","The Servant 0.9.4"],"gold_per_floor":[113,65,65,65,16,57,82,82,82,82,101,101,126,126,126,249,249,268,268,41,41,41,41,41,54,54,74,74,107,121,134,134,264,327,341,341,341,356,377,51,64,64,64,64,110,123,123,143,143,143,143],"floor_reached":50,"playtime":2431,"items_purged":[],"score":585,"play_id":"05d65823-d5ca-41c8-9cd2-71f738c64814","local_time":"20210109105240","is_ascension_mode":false,"campfire_choices":[{"floor":12,"key":"REST"},{"data":"Perfected Strike","floor":15,"key":"SMITH"},{"data":"Fire Breathing","floor":23,"key":"SMITH"},{"data":"Flame Barrier","floor":28,"key":"SMITH"},{"floor":32,"key":"REST"},{"floor":42,"key":"REST"},{"data":"Barricade","floor":44,"key":"SMITH"},{"floor":49,"key":"REST"}],"circlet_count":0,"master_deck":["Strike_R+1","Strike_R+1","Strike_R+1","Strike_R+1","Strike_R+1","Defend_R+1","Defend_R+1","Defend_R+1","Defend_R+1","Bash","Anger","Heavy Blade","Injury","Anger","Perfected Strike+1","Spot Weakness","Anger","Thunderclap","Reaper","Twin Strike","Fire Breathing+1","Flame Barrier+1","Anger+1","Anger","Clothesline","Twin Strike","Blood for Blood+1","Barricade+1","Thunderclap","Cleave+1","Twin Strike+1","Body Slam+1","Perfected Strike","Thunderclap+1","Thunderclap+1","Perfected Strike"],"relics":["Burning Blood","Golden Idol","Mercury Hourglass","Meat on the Bone","Kunai","Mark of Pain","Matryoshka","Bronze Scales","InkBottle","Bottled Tornado","Boot","Tiny House","Lantern","Question Card","Letter Opener","Happy Flower","Magic Flower"],"acts_visited":["Exordium","TheCity","TheBeyond"],"potions_floor_usage":[14,33,33,40,50,50],"damage_taken":[{"damage":5,"enemies":"Cultist","floor":1,"turns":4},{"damage":30,"enemies":"Gremlin Nob","floor":6,"turns":5},{"damage":11,"enemies":"Jaw Worm","floor":7,"turns":2},{"damage":3,"enemies":"Small Slimes","floor":11,"turns":2},{"damage":15,"enemies":"Exordium Thugs","floor":13,"turns":4},{"damage":60,"enemies":"The Guardian","floor":16,"turns":13},{"damage":5,"enemies":"Spheric Guardian","floor":18,"turns":3},{"damage":10,"enemies":"2 Thieves","floor":25,"turns":2},{"damage":17,"enemies":"Shelled Parasite and Fungi","floor":27,"turns":3},{"damage":21,"enemies":"Book of Stabbing","floor":29,"turns":4},{"damage":10,"enemies":"Cultist and Chosen","floor":30,"turns":4},{"damage":7,"enemies":"Chosen and Byrds","floor":31,"turns":4},{"damage":54,"enemies":"Collector","floor":33,"turns":6},{"damage":30,"enemies":"3 Shapes","floor":35,"turns":2},{"damage":14,"enemies":"Orb Walker","floor":38,"turns":3},{"damage":13,"enemies":"4 Shapes","floor":39,"turns":3},{"damage":15,"enemies":"Sphere and 2 Shapes","floor":41,"turns":4},{"damage":27,"enemies":"3 Darklings","floor":46,"turns":5},{"damage":20,"enemies":"4 Shapes","floor":48,"turns":2},{"damage":109,"enemies":"Donu and Deca","floor":50,"turns":5}],"seed_played":"-6705810934426132802","potions_obtained":[{"floor":1,"key":"BloodPotion"},{"floor":11,"key":"Fire Potion"},{"floor":14,"key":"BloodPotion"},{"floor":14,"key":"LiquidMemories"},{"floor":33,"key":"HeartOfIron"},{"floor":34,"key":"GamblersBrew"},{"floor":38,"key":"PowerPotion"}],"is_trial":false,"path_per_floor":["M","$","?","?","$","E","M","?","T","T","M","R","M","?","R","B",null,"M","T","$","?","$","R","?","M","T","M","R","E","M","M","R","B",null,"M","?","?","M","M","$","M","R","T","R","T","M","?","M","R","B"],"character_chosen":"IRONCLAD","items_purchased":["Heavy Blade","Anger","Fire Breathing","Bronze Scales","Lantern","Perfected Strike","Fruit Juice","Fire Potion"],"campfire_rested":4,"item_purchase_floors":[2,5,20,20,40,40,40,40],"current_hp_per_floor":[88,88,93,93,93,69,64,64,64,64,67,93,84,93,93,51,93,93,93,93,93,93,93,93,89,89,78,78,70,66,75,93,68,98,74,74,74,66,74,79,70,100,100,100,100,79,79,68,98,0,0],"gold":143,"neow_bonus":"TEN_PERCENT_HP_BONUS","is_daily":false,"chose_seed":false,"campfire_upgraded":4,"win_rate":0.0,"timestamp":1610207560,"path_taken":["M","?","?","?","$","E","?","?","T","?","M","R","M","?","R","BOSS","M","?","$","?","?","R","?","M","T","M","R","E","M","M","R","BOSS","M","?","?","?","M","$","M","R","T","R","?","M","?","M","R","BOSS"],"items_purchased_type":["Card","Card","Card","Relic","Relic","Card","Potion","Potion"],"build_version":"2020-12-22","purchased_purges":0,"victory":false,"max_hp_per_floor":[88,88,93,93,93,93,93,93,93,93,93,93,93,93,93,93,93,93,93,93,93,93,93,93,93,93,93,93,93,93,93,93,93,98,98,98,98,98,98,103,103,103,103,103,103,103,103,103,103,103,103],"card_choices":[{"not_picked":["Intimidate","Warcry"],"picked":"Anger","floor":1},{"not_picked":["Shockwave","Twin Strike"],"picked":"Perfected Strike","floor":6},{"not_picked":["True Grit","Flex"],"picked":"Spot Weakness","floor":7},{"not_picked":["Perfected Strike","Flex"],"picked":"Anger","floor":11},{"not_picked":["Shrug It Off","Clash"],"picked":"Thunderclap","floor":13},{"not_picked":["Bludgeon","Barricade"],"picked":"Reaper","floor":16},{"not_picked":["Headbutt","Rampage"],"picked":"Twin Strike","floor":18},{"not_picked":["Pommel Strike","Entrench"],"picked":"Anger+1","floor":25},{"not_picked":["Infernal Blade","Cleave"],"picked":"Anger","floor":27},{"not_picked":["Heavy Blade","Uppercut"],"picked":"Clothesline","floor":29},{"not_picked":["Spot Weakness","Entrench+1"],"picked":"Twin Strike","floor":30},{"not_picked":["Flex","Body Slam+1"],"picked":"Blood for Blood","floor":31},{"not_picked":["Brutality","Juggernaut"],"picked":"Barricade","floor":33},{"not_picked":["Sever Soul","Clothesline"],"picked":"Thunderclap","floor":34},{"not_picked":["Combust","Body Slam+1"],"picked":"Cleave+1","floor":35},{"not_picked":["Cleave+1","True Grit+1"],"picked":"Twin Strike+1","floor":38},{"not_picked":["Berserk","Fire Breathing+1"],"picked":"Body Slam+1","floor":39},{"not_picked":["Clothesline","Dual Wield+1"],"picked":"Thunderclap+1","floor":41},{"not_picked":["Whirlwind+1","Warcry","Clothesline+1"],"picked":"Thunderclap+1","floor":46},{"not_picked":["Whirlwind+1","Thunderclap","Body Slam+1"],"picked":"Perfected Strike","floor":48}],"player_experience":11196,"relics_obtained":[{"floor":6,"key":"Mercury Hourglass"},{"floor":9,"key":"Meat on the Bone"},{"floor":10,"key":"Kunai"},{"floor":19,"key":"Matryoshka"},{"floor":26,"key":"InkBottle"},{"floor":26,"key":"Bottled Tornado"},{"floor":29,"key":"Boot"},{"floor":43,"key":"Question Card"},{"floor":43,"key":"Letter Opener"},{"floor":45,"key":"Happy Flower"}],"event_choices":[{"damage_healed":0,"gold_gain":0,"player_choice":"Donut","damage_taken":0,"max_hp_gain":5,"max_hp_loss":0,"event_name":"Big Fish","floor":3,"gold_loss":0},{"damage_healed":0,"gold_gain":0,"player_choice":"Take Wound","damage_taken":0,"relics_obtained":["Golden Idol"],"max_hp_gain":0,"max_hp_loss":0,"event_name":"Golden Idol","floor":4,"gold_loss":0,"cards_obtained":["Injury"]},{"damage_healed":0,"gold_gain":0,"player_choice":"Ignored","damage_taken":0,"max_hp_gain":0,"max_hp_loss":0,"event_name":"Shining Light","floor":8,"gold_loss":0},{"damage_healed":0,"gold_gain":0,"player_choice":"Got Potions","damage_taken":0,"max_hp_gain":0,"max_hp_loss":0,"event_name":"Lab","floor":14,"gold_loss":0},{"damage_healed":0,"gold_gain":0,"player_choice":"Simplicity","damage_taken":0,"max_hp_gain":0,"max_hp_loss":0,"event_name":"Back to Basics","floor":21,"gold_loss":0,"cards_upgraded":["Strike_R","Strike_R","Strike_R","Strike_R","Strike_R","Defend_R","Defend_R","Defend_R","Defend_R"]},{"damage_healed":0,"gold_gain":0,"player_choice":"Read","damage_taken":0,"max_hp_gain":0,"max_hp_loss":0,"event_name":"The Library","floor":24,"gold_loss":0,"cards_obtained":["Flame Barrier"]},{"damage_healed":0,"gold_gain":0,"player_choice":"Ignored","damage_taken":0,"max_hp_gain":0,"max_hp_loss":0,"event_name":"Tomb of Lord Red Mask","floor":36,"gold_loss":0},{"damage_healed":0,"gold_gain":0,"player_choice":"Ignored","damage_taken":0,"max_hp_gain":0,"max_hp_loss":0,"event_name":"NoteForYourself","floor":37,"gold_loss":0},{"damage_healed":0,"gold_gain":0,"player_choice":"Gave Potion","damage_taken":0,"relics_obtained":["Magic Flower"],"max_hp_gain":0,"max_hp_loss":0,"event_name":"WeMeetAgain","floor":47,"gold_loss":0}],"is_beta":false,"boss_relics":[{"not_picked":["Empty Cage","Runic Dome"],"picked":"Mark of Pain"},{"not_picked":["Astrolabe","Coffee Dripper"],"picked":"Tiny House"}],"items_purged_floors":[],"is_endless":false,"potions_floor_spawned":[1,11,27,33,38,39,41],"killed_by":"Donu and Deca","ascension_level":0}}