{"host":"h5acbxt0wmjo1kpm","time":1610169339,"event":{"mods":["2.2 Compatiblity","Act Like it!","AlwaysNeverKeys","Aspiration","Bard","Bartender","BaseMod","Better Third Choice","Colored Map","Elementarium","Gensokyo","GifTheSpireLib","Hallownest","Marisa????????","Menagerie","Minty Spire (QoL Compilation)","Permanent Neow","Potionbrewer","Relic Filter","Replay The Spire","Robot Space Explorer","RumiaBox-????????","Shade Mod","Spicy Shops","StSLib","Strawberry Spire","The Blackbeard","The Dragon Tamer","The Gatherer","The Hayseed","The Problem Sleuth","The Servant 0.9.4","Wandering Minibosses","vexMod"],"gold_per_floor":[109,109,65,81,98,130,130,165,165,165,176,190,201,234,234,337,337,352,372,0,11,261,289,289,47,123,73,87,98,43,78,78,78,78],"floor_reached":33,"playtime":2088,"items_purged":["Dagger Spray"],"score":501,"play_id":"6ffb997e-48b5-49e7-b8b2-15208b5f45d0","local_time":"20210108211539","is_ascension_mode":true,"campfire_choices":[{"data":"Neutralize","floor":7,"key":"SMITH"},{"data":"Cloak And Dagger","floor":10,"key":"SMITH"},{"data":"Burst","floor":15,"key":"SMITH"},{"data":"Night Terror","floor":24,"key":"SMITH"},{"floor":32,"key":"REST"}],"circlet_count":0,"master_deck":["AscendersBane","Strike_G+1","Strike_G+1","Strike_G+1","Strike_G+1","Strike_G+1","Defend_G","Defend_G+1","Defend_G","Defend_G+1","Defend_G","Neutralize+1","CurseOfTheBell","Dagger Throw+1","strawberrySpire:Insectonator","Cloak And Dagger+1","strawberrySpire:Insectonator","Burst+1","Backflip","Night Terror+1","Deflect","strawberrySpire:DreamfoilDart+1","Quick Slash","Dagger Throw+1","strawberrySpire:Slide+1","Swift Strike"],"relics":["Calling Bell","Vampiric Spirits","Eternal Feather","War Paint","Gensokyo:Justice","Replay:Bottled Eggs","GodSword4","strawberrySpire:TinySteamboat","Bird Faced Urn","Black Star","Membership Card","Medical Kit","PreservedInsect","Strawberry","aspiration:StickyExplosives_weak","strawberrySpire:BrokenPrinter","Singing Bowl","Whetstone","vexMod:MemoryStick","GodSword5","Pantograph","Power_Wrist","Byrd Skull","aspiration:ChemicalBlood","Thread and Needle"],"acts_visited":["Gensokyo:Gensokyo","Gensokyo:Gensokyoer"],"potions_floor_usage":[13,21,23,29,29,31,33],"damage_taken":[{"damage":5,"enemies":"Gensokyo:2_Kodama","floor":1,"turns":4},{"damage":7,"enemies":"Gensokyo:Gryphon","floor":4,"turns":4},{"damage":0,"enemies":"Gensokyo:3_Fairies","floor":5,"turns":3},{"damage":13,"enemies":"Gensokyo:Aya","floor":6,"turns":5},{"damage":4,"enemies":"Gensokyo:Mamizou","floor":8,"turns":6},{"damage":0,"enemies":"Gensokyo:2_Rabbits","floor":11,"turns":5},{"damage":0,"enemies":"Gensokyo:5_Fairies","floor":12,"turns":3},{"damage":2,"enemies":"Gensokyo:Kitsune","floor":13,"turns":3},{"damage":8,"enemies":"Gensokyo:Aya","floor":14,"turns":3},{"damage":17,"enemies":"Gensokyo:Kokoro","floor":16,"turns":8},{"damage":16,"enemies":"Gensokyo:Chomper","floor":18,"turns":4},{"damage":6,"enemies":"Gensokyo:2_Gloops","floor":19,"turns":3},{"damage":2,"enemies":"Gensokyo:Swordslinger","floor":21,"turns":7},{"damage":22,"enemies":"Gensokyo:Koishi","floor":23,"turns":6},{"damage":33,"enemies":"Gensokyo:Wraith","floor":28,"turns":5},{"damage":18,"enemies":"Gensokyo:Slime_Group","floor":29,"turns":4},{"damage":13,"enemies":"Gensokyo:Reisen","floor":31,"turns":5},{"damage":80,"enemies":"Gensokyo:Eternal_Rivals","floor":33,"turns":9}],"seed_played":"6501245008953045723","potions_obtained":[{"floor":1,"key":"potionbrewer:ToxicPotion"},{"floor":11,"key":"GamblersBrew"},{"floor":12,"key":"Energy Potion"},{"floor":16,"key":"Milkshake"},{"floor":18,"key":"potionbrewer:ToxicPotion"},{"floor":23,"key":"potionbrewer:ToxicPotion"},{"floor":28,"key":"potionbrewer:CleansingPotion"},{"floor":29,"key":"CultistPotion"},{"floor":31,"key":"potionbrewer:InfectionPotion"}],"is_trial":false,"path_per_floor":["M","?","$","M","M","E","R","E","T","R","M","M","M","E","R","B",null,"M","M","$","M","?","E","R","COS","T","?","M","M","$","E","R","B"],"character_chosen":"THE_SILENT","items_purchased":["strawberrySpire:Insectonator","Membership Card","Medical Kit","PreservedInsect","strawberrySpire:DreamfoilDart","Swift Strike"],"campfire_rested":1,"item_purchase_floors":[3,20,20,20,20,30],"current_hp_per_floor":[59,59,59,54,57,47,56,52,52,61,68,70,68,62,70,53,66,54,48,48,49,49,36,48,48,48,55,26,14,14,7,50,0,0],"gold":78,"neow_bonus":"BOSS_RELIC","is_daily":false,"chose_seed":false,"campfire_upgraded":4,"win_rate":0.0,"timestamp":1610169339,"path_taken":["M","?","?","M","?","E","R","E","T","R","?","M","?","E","R","BOSS","M","M","$","M","?","E","R","COS","T","?","M","M","$","E","R","BOSS"],"items_purchased_type":["Card","Relic","Relic","Relic","Card","Card"],"build_version":"2020-12-22","purchased_purges":1,"victory":false,"max_hp_per_floor":[70,70,70,70,70,70,70,70,70,70,70,70,70,70,70,70,70,70,70,70,70,66,73,73,73,73,80,82,84,84,86,86,86,86],"card_choices":[{"not_picked":["Hidden Blade","strawberrySpire:Pant"],"picked":"Dagger Throw","floor":1},{"not_picked":["strawberrySpire:Slide","Reflex"],"picked":"Cloak And Dagger","floor":4},{"not_picked":["Infinite Blades","PiercingWail"],"picked":"Dagger Spray","floor":5},{"not_picked":["strawberrySpire:Pant","strawberrySpire:Rummage","Eviscerate"],"picked":"SKIP","floor":6},{"not_picked":["ReplayTheSpireMod:Scrap Shanks","ReplayTheSpireMod:The Works","Flechettes"],"picked":"SKIP","floor":8},{"not_picked":["Blade Dance","Dagger Throw"],"picked":"strawberrySpire:Insectonator","floor":11},{"not_picked":["strawberrySpire:Slide","strawberrySpire:Plunge","Underhanded Strike"],"picked":"SKIP","floor":12},{"not_picked":["strawberrySpire:Pant","strawberrySpire:Swampstar"],"picked":"Burst","floor":13},{"not_picked":["Flying Knee","Bane"],"picked":"Backflip","floor":14},{"not_picked":["ReplayTheSpireMod:From All Sides","Venomology"],"picked":"Night Terror","floor":16},{"not_picked":["Deadly Poison","Slice","ReplayTheSpireMod:Scrap Shanks+1"],"picked":"SKIP","floor":18},{"not_picked":["Bane","Dodge and Roll"],"picked":"Deflect","floor":19},{"not_picked":["strawberrySpire:Rummage","Cloak And Dagger"],"picked":"Quick Slash","floor":21},{"not_picked":["strawberrySpire:HotShot","Choke"],"picked":"Dagger Throw+1","floor":23},{"not_picked":["Backflip+1","strawberrySpire:Fastroyer+1"],"picked":"strawberrySpire:Slide+1","floor":28},{"not_picked":["Hidden Blade","Dagger Throw","strawberrySpire:Pant"],"picked":"Singing Bowl","floor":28},{"not_picked":["Blade Dance","Underhanded Strike+1","Outmaneuver"],"picked":"Singing Bowl","floor":29},{"not_picked":["strawberrySpire:Grapple","strawberrySpire:Marathoner","Dagger Spray"],"picked":"Singing Bowl","floor":31}],"player_experience":2178615,"relics_obtained":[{"floor":0.0,"key":"Vampiric Spirits"},{"floor":0.0,"key":"Eternal Feather"},{"floor":0.0,"key":"War Paint"},{"floor":6,"key":"Replay:Bottled Eggs"},{"floor":8,"key":"GodSword4"},{"floor":9,"key":"strawberrySpire:TinySteamboat"},{"floor":14,"key":"Bird Faced Urn"},{"floor":23,"key":"Strawberry"},{"floor":23,"key":"aspiration:StickyExplosives_weak"},{"floor":26,"key":"Singing Bowl"},{"floor":31,"key":"Whetstone"},{"floor":31,"key":"vexMod:MemoryStick"}],"event_choices":[],"is_beta":false,"boss_relics":[{"not_picked":["aspiration:RandomNobGenerator","vexMod:CursedCompass"],"picked":"Black Star"}],"items_purged_floors":[20],"is_endless":false,"potions_floor_spawned":[1,11,12,16,18,23,28,29,31],"killed_by":"Gensokyo:Eternal_Rivals","ascension_level":10}}