{"host":"ibfpjm2kz059o009","time":1610226137,"event":{"mods":["AchievementEnabler","BaseMod","Block Reminder","Colored Powertips","DeckTracker","Googly Eyes","Key Reminder","Minty Spire (QoL Compilation)","Shop Mod","Unceasing Turn Reminder"],"gold_per_floor":[114,129,144,159,159,159,199,199,249,249,320,395,395,410,410,510,510,525,525,540,540,565,595,635,185,185,200,215,19,49,64,64,164,164,179,194,209,209,224,239,289,304,354,454,469,469,35,50,50,50,50],"floor_reached":50,"playtime":4153,"items_purged":[],"score":678,"play_id":"302d4ec3-7509-49d3-ae16-5094e9c69599","local_time":"20210109160217","daily_mods":["Shiny","Green Cards","Terminal"],"is_ascension_mode":false,"campfire_choices":[{"data":"Alpha","floor":6.0,"key":"SMITH"},{"floor":8.0,"key":"REST"},{"floor":10.0,"key":"REST"},{"floor":15.0,"key":"REST"},{"data":"Venomology","floor":32.0,"key":"SMITH"},{"data":"Corpse Explosion","floor":49,"key":"SMITH"}],"circlet_count":0,"master_deck":["Venomology+1","Corpse Explosion+1","Malaise","Phantasmal Killer","Die Die Die","Adrenaline","Envenom","Doppelganger","Burst","Wraith Form v2","Tools of the Trade","Night Terror","Unload","After Image","Bullet Time","Storm of Steel","Glass Knife+1","A Thousand Cuts","Grand Finale","Judgement","ConjureBlade","MasterReality","Brilliance","Devotion","Blasphemy","Ragnarok","LessonLearned","Scrawl","Vault","Alpha+1","Wish+1","Omniscience","Establishment","SpiritShield","DevaForm","DeusExMachina+1","Fasting2","SandsOfTime","Sucker Punch","CutThroughFate","Distraction","PathToVictory","Die Die Die","EmptyBody+1","Ghostly","Ghostly","Ghostly","Ghostly+1","Ghostly","Conclude","Bane+1","Dash","BowlingBash","SashWhip+1","Conclude+1","Bane+1","Tantrum+1","Terror","PathToVictory","Poisoned Stab","Tactician","Storm of Steel","Pray","Prepared+1","DeceiveReality+1","Concentrate+1","Outmaneuver+1","PathToVictory+1","SpiritShield","The Bomb","CarveReality","Leg Sweep","FollowUp+1"],"relics":["PureWater","Bird Faced Urn","Letter Opener","Juzu Bracelet","Bronze Scales","Snecko Eye","MutagenicStrength","MealTicket","Unceasing Top","Calipers","Orrery","Gambling Chip","Boot","White Beast Statue","Busted Crown","Mango","Lantern","War Paint"],"acts_visited":["Exordium","TheCity","TheBeyond"],"potions_floor_usage":[50],"damage_taken":[{"damage":0.0,"enemies":"Small Slimes","floor":1.0,"turns":3.0},{"damage":0.0,"enemies":"2 Louse","floor":2.0,"turns":2.0},{"damage":0.0,"enemies":"Jaw Worm","floor":3.0,"turns":1.0},{"damage":5.0,"enemies":"Looter","floor":4.0,"turns":2.0},{"damage":56.0,"enemies":"Gremlin Nob","floor":7.0,"turns":5.0},{"damage":14.0,"enemies":"Gremlin Gang","floor":14.0,"turns":3.0},{"damage":41.0,"enemies":"The Guardian","floor":16.0,"turns":6.0},{"damage":0.0,"enemies":"Spheric Guardian","floor":18.0,"turns":1.0},{"damage":0.0,"enemies":"Shell Parasite","floor":20.0,"turns":5.0},{"damage":8.0,"enemies":"Book of Stabbing","floor":23.0,"turns":5.0},{"damage":0.0,"enemies":"Shelled Parasite and Fungi","floor":24.0,"turns":3.0},{"damage":0.0,"enemies":"3 Cultists","floor":27.0,"turns":3.0},{"damage":15.0,"enemies":"Centurion and Healer","floor":28.0,"turns":5.0},{"damage":0.0,"enemies":"Gremlin Leader","floor":30.0,"turns":4.0},{"damage":0.0,"enemies":"Sentry and Sphere","floor":31.0,"turns":4.0},{"damage":0.0,"enemies":"Automaton","floor":33.0,"turns":8.0},{"damage":0.0,"enemies":"Orb Walker","floor":35.0,"turns":1.0},{"damage":1.0,"enemies":"3 Darklings","floor":36.0,"turns":2.0},{"damage":6.0,"enemies":"Writhing Mass","floor":37.0,"turns":5.0},{"damage":1.0,"enemies":"4 Shapes","floor":39.0,"turns":2.0},{"damage":0.0,"enemies":"Transient","floor":40.0,"turns":6.0},{"damage":0.0,"enemies":"Mind Bloom Boss Battle","floor":41.0,"turns":5.0},{"damage":0.0,"enemies":"Spire Growth","floor":42.0,"turns":5.0},{"damage":4.0,"enemies":"4 Shapes","floor":45.0,"turns":2.0},{"damage":0,"enemies":"3 Darklings","floor":48,"turns":1},{"damage":16,"enemies":"Donu and Deca","floor":50,"turns":4}],"seed_played":"579003938715623652","potions_obtained":[{"floor":7.0,"key":"GamblersBrew"},{"floor":14.0,"key":"Swift Potion"},{"floor":18.0,"key":"Fruit Juice"},{"floor":28.0,"key":"SkillPotion"},{"floor":31.0,"key":"Strength Potion"},{"floor":33.0,"key":"Block Potion"},{"floor":35.0,"key":"Dexterity Potion"},{"floor":37.0,"key":"SkillPotion"},{"floor":39.0,"key":"Regen Potion"},{"floor":41.0,"key":"Block Potion"},{"floor":42.0,"key":"DistilledChaos"}],"is_trial":false,"path_per_floor":["M","M","M","M","?","R","?","R","T","R","?","?","?","M","R","B",null,"M","?","M","?","T","E","M","$","T","M","M","$","E","M","R","B",null,"M","M","M","?","M","M","?","M","T","?","M","?","$","M","R","B"],"character_chosen":"WATCHER","items_purchased":["Calipers","Orrery","Boot","Poisoned Stab","The Bomb","War Paint","CarveReality","Leg Sweep"],"campfire_rested":3,"item_purchase_floors":[25,25,29,29,47,47,47,47],"current_hp_per_floor":[70,69,68,63,60,60,14,33,33,51,51,40,40,32,49,20,54,58,28,27,26,25,24,23,22,21,20,11,18,17,16,15,14,13,12,11,10,9,8,7,20,19,18,17,15,15,14,13,12,0,0],"gold":50,"neow_bonus":"","is_daily":true,"chose_seed":false,"campfire_upgraded":3,"win_rate":0.0,"timestamp":1610226137,"path_taken":["M","M","M","M","?","R","?","R","T","R","?","?","?","M","R","BOSS","M","?","M","?","?","E","M","$","T","M","M","$","E","M","R","BOSS","M","M","M","?","M","M","?","M","T","?","M","?","$","M","R","BOSS"],"items_purchased_type":["Relic","Relic","Relic","Card","Card","Relic","Card","Card"],"build_version":"2020-12-22","purchased_purges":0,"victory":false,"max_hp_per_floor":[70,69,68,67,66,65,64,63,62,61,60,59,58,57,56,55,54,58,28,27,26,25,24,23,22,21,20,19,18,17,16,15,14,13,12,11,10,9,8,7,20,19,18,17,16,15,14,13,12,12,12],"card_choices":[{"not_picked":["Quick Slash","Prepared"],"picked":"Fasting2","floor":1.0},{"not_picked":["Blade Dance","Outmaneuver"],"picked":"SandsOfTime","floor":2.0},{"not_picked":["Prepared","Quick Slash"],"picked":"Sucker Punch","floor":3.0},{"not_picked":["Wireheading","Adaptation"],"picked":"CutThroughFate","floor":4.0},{"not_picked":["Unload","ClearTheMind"],"picked":"Distraction","floor":7.0},{"not_picked":["CrushJoints","Prepared"],"picked":"PathToVictory","floor":14.0},{"not_picked":["Blasphemy","MasterReality"],"picked":"Die Die Die","floor":16.0},{"not_picked":["WheelKick","Predator"],"picked":"EmptyBody+1","floor":18.0},{"not_picked":["Halt","ThirdEye+1"],"picked":"Conclude","floor":20.0},{"not_picked":["EmptyMind","Sucker Punch"],"picked":"Bane+1","floor":23.0},{"not_picked":["Conclude","Deflect"],"picked":"Dash","floor":24.0},{"not_picked":["Evaluate","Crescendo"],"picked":"BowlingBash","floor":25.0},{"not_picked":["Predator","Choke"],"picked":"SashWhip+1","floor":25.0},{"not_picked":["Dagger Spray","Heel Hook+1"],"picked":"Conclude+1","floor":25.0},{"not_picked":["Terror","EmptyBody"],"picked":"Bane+1","floor":25.0},{"not_picked":["Tools of the Trade","BowlingBash"],"picked":"Tantrum+1","floor":25.0},{"not_picked":["Halt","Cloak And Dagger"],"picked":"Terror","floor":27.0},{"not_picked":["Tactician","Protect"],"picked":"PathToVictory","floor":28.0},{"not_picked":["Swivel","ClearTheMind+1"],"picked":"Tactician","floor":30.0},{"not_picked":["Deflect+1","Blade Dance"],"picked":"Storm of Steel","floor":31.0},{"not_picked":["Envenom","Vault"],"picked":"Devotion","floor":33.0},{"not_picked":[],"picked":"Pray","floor":35.0},{"not_picked":[],"picked":"Prepared+1","floor":36.0},{"not_picked":[],"picked":"DeceiveReality+1","floor":37.0},{"not_picked":[],"picked":"Concentrate+1","floor":39.0},{"not_picked":["PathToVictory"],"picked":"SKIP","floor":40.0},{"not_picked":[],"picked":"Outmaneuver+1","floor":42.0},{"not_picked":[],"picked":"PathToVictory+1","floor":45.0},{"not_picked":[],"picked":"FollowUp+1","floor":48}],"player_experience":603308,"relics_obtained":[{"floor":7.0,"key":"Letter Opener"},{"floor":9.0,"key":"Juzu Bracelet"},{"floor":22.0,"key":"MealTicket"},{"floor":23.0,"key":"Unceasing Top"},{"floor":26.0,"key":"Gambling Chip"},{"floor":30.0,"key":"White Beast Statue"},{"floor":41.0,"key":"Mango"},{"floor":43.0,"key":"Lantern"}],"event_choices":[{"damage_healed":0.0,"max_hp_gain":0.0,"max_hp_loss":0.0,"gold_gain":0.0,"event_name":"Scrap Ooze","player_choice":"Success","floor":5.0,"gold_loss":0.0,"damage_taken":3.0,"relics_obtained":["Bird Faced Urn"]},{"damage_healed":0.0,"max_hp_gain":0.0,"max_hp_loss":0.0,"gold_gain":30.0,"event_name":"Dead Adventurer","player_choice":"Searched \u00272\u0027 times","floor":7.0,"gold_loss":0.0,"damage_taken":0.0},{"damage_healed":0.0,"max_hp_gain":0.0,"max_hp_loss":0.0,"gold_gain":71.0,"event_name":"Golden Wing","player_choice":"Gained Gold","floor":11.0,"gold_loss":0.0,"damage_taken":0.0},{"damage_healed":0.0,"max_hp_gain":0.0,"max_hp_loss":0.0,"gold_gain":75.0,"event_name":"World of Goop","player_choice":"Gather Gold","floor":12.0,"gold_loss":0.0,"damage_taken":11.0},{"damage_healed":0.0,"max_hp_gain":0.0,"max_hp_loss":0.0,"gold_gain":0.0,"event_name":"WeMeetAgain","player_choice":"Gave Potion","floor":13.0,"gold_loss":0.0,"damage_taken":0.0,"relics_obtained":["Bronze Scales"]},{"damage_healed":0.0,"max_hp_gain":0.0,"max_hp_loss":29.0,"gold_gain":0.0,"event_name":"Ghosts","player_choice":"Became a Ghost","floor":19.0,"gold_loss":0.0,"damage_taken":0.0,"cards_obtained":["Ghostly","Ghostly","Ghostly","Ghostly","Ghostly"]},{"damage_healed":0.0,"max_hp_gain":0.0,"max_hp_loss":0.0,"gold_gain":0.0,"event_name":"Drug Dealer","player_choice":"Inject Mutagens","floor":21.0,"gold_loss":0.0,"damage_taken":0.0,"relics_obtained":["MutagenicStrength"]},{"cards_removed":["Devotion"],"damage_healed":0.0,"max_hp_gain":0.0,"max_hp_loss":0.0,"gold_gain":0.0,"event_name":"Falling","player_choice":"Removed Power","floor":38.0,"gold_loss":0.0,"damage_taken":0.0},{"damage_healed":0.0,"max_hp_gain":0.0,"max_hp_loss":0.0,"gold_gain":0.0,"event_name":"MindBloom","player_choice":"Fight","floor":41.0,"gold_loss":0.0,"damage_taken":0.0},{"damage_healed":0.0,"max_hp_gain":0.0,"max_hp_loss":0.0,"gold_gain":100.0,"event_name":"Golden Shrine","player_choice":"Pray","floor":44.0,"gold_loss":0.0,"damage_taken":0.0},{"damage_healed":0.0,"max_hp_gain":0.0,"max_hp_loss":0.0,"gold_gain":0.0,"event_name":"Match and Keep!","player_choice":"1 cards matched","floor":46.0,"gold_loss":0.0,"damage_taken":0.0,"cards_obtained":["SpiritShield"]}],"is_beta":false,"boss_relics":[{"not_picked":["VioletLotus","Black Star"],"picked":"Snecko Eye"},{"not_picked":["HolyWater","Runic Pyramid"],"picked":"Busted Crown"}],"items_purged_floors":[],"is_endless":false,"potions_floor_spawned":[7,14,18,28,31,33,35,36,37,39,40,41,42,45,48],"killed_by":"Donu and Deca","ascension_level":0}}