{"host":"i09pxcjttd31eh4q","time":1610201539,"event":{"mods":["AchievementEnabler","BaseMod","Colored Map","Keyboard Shortcuts","Minty Spire (QoL Compilation)","StSLib","SuperFastMode"],"gold_per_floor":[111,130,16,16,16,16,41,41,94,109,123,23,23,23,23,95,95,107,157,17,33,59,59,59,59,59],"floor_reached":25,"playtime":568,"items_purged":["Strike_G","Pain"],"score":444,"play_id":"6a18fe40-d001-44f8-a609-204475612e9d","local_time":"20210109231219","is_ascension_mode":true,"campfire_choices":[{"data":"Blade Dance","floor":6.0,"key":"SMITH"},{"data":"Underhanded Strike","floor":13.0,"key":"SMITH"},{"data":"Acrobatics","floor":15.0,"key":"SMITH"}],"circlet_count":0,"master_deck":["AscendersBane","Strike_G","Strike_G","Strike_G","Strike_G","Defend_G","Defend_G","Defend_G","Defend_G","Defend_G+1","Survivor+1","Neutralize","Underhanded Strike+1","Blade Dance+1","Well Laid Plans","Acrobatics+1","Backflip","Corpse Explosion","Escape Plan","Tactician","Dagger Throw"],"relics":["Ring of the Serpent","NeowsBlessing","WarpedTongs","PreservedInsect","Nunchaku","Juzu Bracelet"],"acts_visited":["Exordium","TheCity"],"potions_floor_usage":[25],"damage_taken":[{"damage":0.0,"enemies":"Cultist","floor":1.0,"turns":1.0},{"damage":0.0,"enemies":"2 Louse","floor":2.0,"turns":1.0},{"damage":0.0,"enemies":"Lagavulin","floor":7.0,"turns":1.0},{"damage":1.0,"enemies":"Small Slimes","floor":10.0,"turns":2.0},{"damage":7.0,"enemies":"Exordium Thugs","floor":11.0,"turns":4.0},{"damage":13.0,"enemies":"Slime Boss","floor":16.0,"turns":8.0},{"damage":10.0,"enemies":"Shell Parasite","floor":18.0,"turns":8.0},{"damage":18,"enemies":"Chosen","floor":21,"turns":5},{"damage":17,"enemies":"Book of Stabbing","floor":25,"turns":5}],"seed_played":"6959358143554212816","potions_obtained":[{"floor":1.0,"key":"FearPotion"},{"floor":10.0,"key":"Block Potion"}],"is_trial":false,"path_per_floor":["M","M","$","?","$","R","E","?","T","M","M","$","R","?","R","B",null,"M","?","$","M","T","$","?","E"],"character_chosen":"THE_SILENT","items_purchased":["Well Laid Plans","Tactician","Dagger Throw"],"campfire_rested":0,"item_purchase_floors":[3,20,20],"current_hp_per_floor":[59,59,59,59,59,59,59,59,59,58,51,51,51,31,31,18,54,44,38,38,20,20,20,20,3,3],"gold":59,"neow_bonus":"THREE_ENEMY_KILL","is_daily":false,"chose_seed":false,"campfire_upgraded":3,"win_rate":0.0,"timestamp":1610201539,"path_taken":["M","?","$","?","?","R","E","?","T","M","?","$","R","?","R","BOSS","M","?","?","?","?","?","?","E"],"items_purchased_type":["Card","Card","Card"],"build_version":"2020-12-22","purchased_purges":2,"victory":false,"max_hp_per_floor":[66,66,66,66,66,66,66,66,66,66,66,66,66,66,66,66,66,66,66,66,66,66,66,66,66,66],"card_choices":[{"not_picked":["Heel Hook","Leg Sweep"],"picked":"Underhanded Strike","floor":1.0},{"not_picked":["Distraction","Dodge and Roll"],"picked":"Blade Dance","floor":2.0},{"not_picked":["Dodge and Roll","Caltrops","Setup"],"picked":"SKIP","floor":7.0},{"not_picked":["Backflip","Outmaneuver"],"picked":"Acrobatics","floor":10.0},{"not_picked":["Deadly Poison","Bouncing Flask"],"picked":"Backflip","floor":11.0},{"not_picked":["Burst","Envenom"],"picked":"Corpse Explosion","floor":16.0},{"not_picked":["Prepared","Outmaneuver+1"],"picked":"Escape Plan","floor":18.0},{"not_picked":["Cloak And Dagger","Dagger Throw","Heel Hook"],"picked":"SKIP","floor":21}],"player_experience":847915,"relics_obtained":[{"floor":7.0,"key":"PreservedInsect"},{"floor":9.0,"key":"Nunchaku"},{"floor":22,"key":"Juzu Bracelet"}],"event_choices":[{"damage_healed":0.0,"max_hp_gain":0.0,"max_hp_loss":0.0,"gold_gain":0.0,"event_name":"Accursed Blacksmith","player_choice":"Rummage","floor":4.0,"gold_loss":0.0,"damage_taken":0.0,"relics_obtained":["WarpedTongs"],"cards_obtained":["Pain"]},{"damage_healed":0.0,"max_hp_gain":0.0,"max_hp_loss":0.0,"gold_gain":0.0,"event_name":"The Cleric","player_choice":"Leave","floor":8.0,"gold_loss":0.0,"damage_taken":0.0},{"damage_healed":0.0,"max_hp_gain":0.0,"max_hp_loss":0.0,"gold_gain":0.0,"event_name":"Shining Light","player_choice":"Entered Light","floor":14.0,"gold_loss":0.0,"damage_taken":20.0,"cards_upgraded":["Defend_G","Survivor"]},{"damage_healed":0,"gold_gain":50,"player_choice":"Touch","damage_taken":6,"max_hp_gain":0,"max_hp_loss":0,"event_name":"FaceTrader","floor":19,"gold_loss":0},{"damage_healed":0,"gold_gain":0,"player_choice":"Ignored","damage_taken":0,"max_hp_gain":0,"max_hp_loss":0,"event_name":"The Mausoleum","floor":24,"gold_loss":0}],"is_beta":false,"boss_relics":[{"not_picked":["Runic Dome","WristBlade"],"picked":"Ring of the Serpent"}],"items_purged_floors":[3,12],"is_endless":false,"potions_floor_spawned":[1,10,11],"killed_by":"Book of Stabbing","ascension_level":20}}