{"host":"49c2zf0lajbcs427","time":1610164573,"event":{"mods":["AchievementEnabler","BaseMod","Colored Map","Colored Powertips","Highlight Path","Key Reminder","Minty Spire (QoL Compilation)","Relic Stats","StSLib"],"gold_per_floor":[99,99,99,99,99,99,99,99,99,99,99,99,99,99,99,99,99,54,54,54,54,54,54,54],"floor_reached":23,"playtime":897,"items_purged":[],"score":255,"play_id":"51eef6f8-887a-4d81-a109-18d32736dcd6","local_time":"20210109165613","is_ascension_mode":true,"campfire_choices":[{"data":"Catalyst","floor":6,"key":"SMITH"},{"data":"Deadly Poison","floor":8,"key":"SMITH"},{"data":"Quick Slash","floor":10,"key":"SMITH"},{"data":"Skewer","floor":15,"key":"SMITH"}],"circlet_count":0,"master_deck":["Strike_G","Strike_G","Strike_G","Strike_G","Strike_G","Defend_G","Defend_G","Defend_G","Defend_G","Defend_G","Survivor","Neutralize","Cloak And Dagger","Deadly Poison+1","Catalyst+1","Quick Slash+1","Footwork+1","Skewer+1","Adrenaline","Quick Slash+1","Bouncing Flask","Necronomicurse"],"relics":["Ectoplasm","Akabeko","Lantern","Bag of Marbles","Frozen Egg 2","InkBottle","Black Star","Nunchaku","Necronomicon"],"acts_visited":["Exordium","TheCity"],"potions_floor_usage":[16],"damage_taken":[{"damage":3,"enemies":"Jaw Worm","floor":1,"turns":5},{"damage":0,"enemies":"2 Louse","floor":4,"turns":2},{"damage":1,"enemies":"Small Slimes","floor":5,"turns":3},{"damage":8,"enemies":"Exordium Wildlife","floor":7,"turns":4},{"damage":0,"enemies":"3 Louse","floor":13,"turns":2},{"damage":2,"enemies":"3 Sentries","floor":14,"turns":6},{"damage":6,"enemies":"Slime Boss","floor":16,"turns":9},{"damage":6,"enemies":"2 Thieves","floor":18,"turns":4},{"damage":0,"enemies":"Spheric Guardian","floor":21,"turns":1},{"damage":42,"enemies":"Gremlin Leader","floor":23,"turns":8}],"seed_played":"3163381004698601083","potions_obtained":[{"floor":13,"key":"SteroidPotion"},{"floor":14,"key":"GhostInAJar"}],"is_trial":false,"path_per_floor":["M","?","$","M","M","R","M","R","T","R","?","T","M","E","R","B",null,"M","?","T","M","?","E"],"character_chosen":"THE_SILENT","items_purchased":[],"campfire_rested":0,"item_purchase_floors":[],"current_hp_per_floor":[60,48,48,48,47,47,39,39,39,39,39,39,39,37,37,31,60,54,54,54,54,38,0,0],"gold":54,"neow_bonus":"BOSS_RELIC","is_daily":false,"chose_seed":false,"campfire_upgraded":4,"win_rate":0.0,"timestamp":1610164573,"path_taken":["M","?","$","M","M","R","M","R","T","R","?","?","M","E","R","BOSS","M","?","?","M","?","E"],"items_purchased_type":[],"build_version":"2020-12-22","purchased_purges":0,"victory":false,"max_hp_per_floor":[70,70,70,70,70,70,70,70,70,70,70,70,70,70,70,70,70,70,70,70,70,70,70,70],"relic_stats":{"Nunchaku":[2],"counters":[10,44],"Ectoplasm":383,"Black Star":0,"Necronomicon":[1],"obtain_stats":[{"Lantern":9,"Nunchaku":20,"Ectoplasm":0,"Bag of Marbles":11,"Black Star":17,"Necronomicon":22,"Frozen Egg 2":12,"Akabeko":2,"InkBottle":14,"Ring of the Snake":0},{"Lantern":4,"Nunchaku":8,"Ectoplasm":0,"Bag of Marbles":4,"Black Star":7,"Necronomicon":9,"Frozen Egg 2":4,"Akabeko":1,"InkBottle":6,"Ring of the Snake":0},{"Lantern":14,"Nunchaku":35,"Ectoplasm":0,"Bag of Marbles":14,"Black Star":31,"Necronomicon":36,"Frozen Egg 2":14,"Akabeko":5,"InkBottle":22,"Ring of the Snake":0}],"InkBottle":[6]},"card_choices":[{"not_picked":["Deflect","Escape Plan"],"picked":"Cloak And Dagger","floor":1},{"not_picked":["Backflip","Outmaneuver"],"picked":"Deadly Poison","floor":4},{"not_picked":["Underhanded Strike","Sucker Punch"],"picked":"Catalyst","floor":5},{"not_picked":["Dodge and Roll","Concentrate"],"picked":"Quick Slash","floor":7},{"not_picked":["PiercingWail","Backflip"],"picked":"Footwork+1","floor":13},{"not_picked":["Flying Knee","Endless Agony"],"picked":"Skewer","floor":14},{"not_picked":["Envenom+1","Burst"],"picked":"Adrenaline","floor":16},{"not_picked":["Choke","Deflect"],"picked":"Quick Slash+1","floor":18},{"not_picked":["Deflect","Outmaneuver"],"picked":"Bouncing Flask","floor":21}],"player_experience":2264479,"relics_obtained":[{"floor":9,"key":"Lantern"},{"floor":12,"key":"Frozen Egg 2"},{"floor":14,"key":"InkBottle"},{"floor":20,"key":"Nunchaku"},{"floor":22,"key":"Necronomicon"}],"event_choices":[{"damage_healed":0,"gold_gain":0,"player_choice":"Success","damage_taken":12,"relics_obtained":["Akabeko"],"max_hp_gain":0,"max_hp_loss":0,"event_name":"Scrap Ooze","floor":2,"gold_loss":0},{"damage_healed":0,"gold_gain":30,"player_choice":"Searched \u00272\u0027 times","damage_taken":0,"relics_obtained":["Bag of Marbles"],"max_hp_gain":0,"max_hp_loss":0,"event_name":"Dead Adventurer","floor":11,"gold_loss":0},{"damage_healed":0,"gold_gain":0,"player_choice":"Obtained Book","damage_taken":16,"max_hp_gain":0,"max_hp_loss":0,"event_name":"Cursed Tome","floor":22,"gold_loss":0}],"is_beta":false,"boss_relics":[{"not_picked":["WristBlade","Runic Dome"],"picked":"Black Star"}],"items_purged_floors":[],"is_endless":false,"potions_floor_spawned":[13,14],"killed_by":"Gremlin Leader","ascension_level":7}}