{"host":"6ld56ls1xbe0aj21","time":1610182327,"event":{"mods":["AchievementEnabler","BaseMod","Colored Powertips","Minty Spire (QoL Compilation)","Quick Restart","Rare Cards Sparkle","StSLib","SuperFastMode","everything is the same but u backflip on backflip","slay the spire mod where everything is the same but ironclad has a cowboy hat"],"gold_per_floor":[114,189,189,44,59,59,79,108,108,121,132,158,158,173,173,250,250,269,284,300,315,2,2,29,29,56,56,93,113,144,156,156,234,234,246,298,298,298,41,41,41],"floor_reached":40,"playtime":1844,"items_purged":["Strike_R","Writhe"],"score":898,"play_id":"1654ce01-e0c8-4ca8-9b34-30fbe8f9b7ea","local_time":"20210109195207","is_ascension_mode":true,"campfire_choices":[{"data":"Anger","floor":6.0,"key":"SMITH"},{"floor":15.0,"key":"REST"},{"floor":23.0,"key":"REST"},{"floor":32.0,"key":"RECALL"}],"circlet_count":0,"master_deck":["AscendersBane","Strike_R","Strike_R","Strike_R","Defend_R","Defend_R","Defend_R","Defend_R+1","Bash","Anger+1","Immolate","Flame Barrier","Spot Weakness+1","Demon Form","Burning Pact+1","Second Wind+1","True Grit+1","Warcry+1","Barricade","Warcry+1","Power Through+1","Shrug It Off+1","Dual Wield+1","Transmutation+1","Offering+1","Ghostly+1","Ghostly+1","Ghostly+1","Entrench+1","Berserk","Feed","Impervious+1","Seeing Red+1"],"relics":["Burning Blood","NeowsBlessing","Toxic Egg 2","Lantern","TungstenRod","Fusion Hammer","Blood Vial","Pear","Vajra","Ice Cream","War Paint","Busted Crown","Turnip","OrangePellets"],"acts_visited":[],"potions_floor_usage":[],"damage_taken":[{"damage":0.0,"enemies":"Small Slimes","floor":1.0,"turns":1.0},{"damage":0.0,"enemies":"2 Louse","floor":5.0,"turns":1.0},{"damage":0.0,"enemies":"Cultist","floor":7.0,"turns":1.0},{"damage":0.0,"enemies":"3 Sentries","floor":8.0,"turns":1.0},{"damage":10.0,"enemies":"Looter","floor":10.0,"turns":4.0},{"damage":9.0,"enemies":"Exordium Thugs","floor":11.0,"turns":4.0},{"damage":30.0,"enemies":"Gremlin Nob","floor":12.0,"turns":4.0},{"damage":17.0,"enemies":"Gremlin Gang","floor":14.0,"turns":3.0},{"damage":2.0,"enemies":"Slime Boss","floor":16.0,"turns":7.0},{"damage":10.0,"enemies":"2 Thieves","floor":18.0,"turns":4.0},{"damage":17.0,"enemies":"Shell Parasite","floor":19.0,"turns":5.0},{"damage":27.0,"enemies":"Shelled Parasite and Fungi","floor":20.0,"turns":5.0},{"damage":0.0,"enemies":"Centurion and Healer","floor":21.0,"turns":7.0},{"damage":48.0,"enemies":"Book of Stabbing","floor":24.0,"turns":7.0},{"damage":0.0,"enemies":"Snecko","floor":28.0,"turns":5.0},{"damage":0.0,"enemies":"Chosen and Byrds","floor":29.0,"turns":6.0},{"damage":8.0,"enemies":"Slavers","floor":30.0,"turns":7.0},{"damage":5.0,"enemies":"Centurion and Healer","floor":31.0,"turns":7.0},{"damage":5.0,"enemies":"Champ","floor":33.0,"turns":10.0},{"damage":0.0,"enemies":"3 Darklings","floor":35.0,"turns":6.0},{"damage":21.0,"enemies":"2 Orb Walkers","floor":36.0,"turns":9.0},{"damage":35,"enemies":"Nemesis","floor":40,"turns":3}],"seed_played":"3728955965133323345","potions_obtained":[{"floor":7.0,"key":"LiquidMemories"},{"floor":11.0,"key":"DuplicationPotion"},{"floor":12.0,"key":"SteroidPotion"},{"floor":16.0,"key":"EntropicBrew"},{"floor":19.0,"key":"Block Potion"},{"floor":21.0,"key":"CultistPotion"},{"floor":28.0,"key":"Swift Potion"},{"floor":31.0,"key":"LiquidBronze"},{"floor":33.0,"key":"HeartOfIron"},{"floor":35.0,"key":"Strength Potion"}],"is_trial":false,"path_per_floor":["M","?","?","$","M","R","M","E","T","M","M","E","?","M","R","B",null,"M","M","M","M","$","R","E","?","T","?","M","M","E","M","R","B",null,"M","?","?","?","$","E"],"character_chosen":"IRONCLAD","items_purchased":["Flame Barrier","Transmutation+1","Blood Vial","OrangePellets"],"campfire_rested":2,"item_purchase_floors":[4,22,22,39],"current_hp_per_floor":[74,63,63,63,69,69,75,75,75,71,68,44,44,33,55,59,71,67,56,35,41,41,63,33,33,33,33,41,42,40,42,42,42,42,46,31,31,31,31,0,0],"gold":41,"neow_bonus":"THREE_ENEMY_KILL","is_daily":false,"chose_seed":false,"campfire_upgraded":1,"win_rate":0.0,"timestamp":1610182327,"path_taken":["M","?","?","$","M","R","?","E","T","M","M","E","?","?","R","BOSS","M","?","?","M","$","R","E","?","T","?","M","M","E","M","R","BOSS","M","?","?","?","$","E"],"items_purchased_type":["Card","Card","Relic","Relic"],"build_version":"2020-12-22","purchased_purges":2,"victory":false,"max_hp_per_floor":[75,75,75,75,75,75,75,75,75,75,75,75,75,75,75,75,75,75,75,75,75,75,75,85,42,42,42,42,42,42,42,42,42,42,46,46,46,44,44,44,44],"card_choices":[{"not_picked":["Warcry","Dropkick"],"picked":"Anger","floor":1.0},{"not_picked":["Sword Boomerang","Iron Wave"],"picked":"Spot Weakness","floor":5.0},{"not_picked":["Cleave","Twin Strike"],"picked":"Demon Form","floor":7.0},{"not_picked":["Warcry+1","Double Tap+1"],"picked":"Burning Pact+1","floor":8.0},{"not_picked":["Rupture","Twin Strike","Anger"],"picked":"SKIP","floor":10.0},{"not_picked":["Clash","Ghostly Armor+1"],"picked":"Second Wind+1","floor":11.0},{"not_picked":["Feel No Pain","Body Slam"],"picked":"True Grit+1","floor":12.0},{"not_picked":["Sever Soul","Ghostly Armor+1"],"picked":"Warcry+1","floor":14.0},{"not_picked":["Immolate","Berserk"],"picked":"Barricade","floor":16.0},{"not_picked":["Heavy Blade","Shrug It Off+1"],"picked":"Warcry+1","floor":18.0},{"not_picked":["Disarm+1","Headbutt"],"picked":"Power Through+1","floor":19.0},{"not_picked":["Sword Boomerang","Rampage+1"],"picked":"Shrug It Off+1","floor":20.0},{"not_picked":["Flex+1","Sword Boomerang"],"picked":"Dual Wield+1","floor":21.0},{"not_picked":["Anger+1","Whirlwind"],"picked":"Offering+1","floor":24.0},{"not_picked":["Disarm+1","Shrug It Off+1"],"picked":"Entrench+1","floor":28.0},{"not_picked":["Anger","Burning Pact+1","Clothesline"],"picked":"SKIP","floor":29.0},{"not_picked":["Wild Strike","Shrug It Off+1"],"picked":"Berserk","floor":30.0},{"not_picked":["Perfected Strike","Evolve"],"picked":"Feed","floor":31.0},{"not_picked":["Demon Form","Feed"],"picked":"Impervious+1","floor":33.0},{"not_picked":[],"picked":"Seeing Red+1","floor":35.0}],"player_experience":312297,"relics_obtained":[{"floor":8.0,"key":"Toxic Egg 2"},{"floor":9.0,"key":"Lantern"},{"floor":12.0,"key":"TungstenRod"},{"floor":24.0,"key":"Pear"},{"floor":26.0,"key":"Vajra"},{"floor":30.0,"key":"War Paint"},{"floor":36.0,"key":"Turnip"}],"event_choices":[{"damage_healed":0.0,"max_hp_gain":0.0,"max_hp_loss":0.0,"gold_gain":75.0,"event_name":"World of Goop","player_choice":"Gather Gold","floor":2.0,"gold_loss":0.0,"damage_taken":11.0},{"damage_healed":0.0,"max_hp_gain":0.0,"max_hp_loss":0.0,"gold_gain":0.0,"event_name":"Match and Keep!","player_choice":"1 cards matched","floor":3.0,"gold_loss":0.0,"damage_taken":0.0,"cards_obtained":["Immolate"]},{"cards_removed":["Strike_R"],"damage_healed":0.0,"max_hp_gain":0.0,"max_hp_loss":0.0,"gold_gain":0.0,"event_name":"Bonfire Elementals","player_choice":"Offered Basic","floor":13.0,"gold_loss":0.0,"damage_taken":0.0},{"damage_healed":0.0,"max_hp_gain":0.0,"max_hp_loss":43.0,"gold_gain":0.0,"event_name":"Ghosts","player_choice":"Became a Ghost","floor":25.0,"gold_loss":0.0,"damage_taken":0.0,"cards_obtained":["Ghostly","Ghostly","Ghostly"]},{"damage_healed":0.0,"max_hp_gain":0.0,"max_hp_loss":0.0,"gold_gain":0.0,"event_name":"The Mausoleum","player_choice":"Opened","floor":27.0,"gold_loss":0.0,"damage_taken":0.0,"relics_obtained":["Ice Cream"],"cards_obtained":["Writhe"]},{"damage_healed":0.0,"max_hp_gain":0.0,"max_hp_loss":0.0,"gold_gain":0.0,"event_name":"Mysterious Sphere","player_choice":"Fight","floor":36.0,"gold_loss":0.0,"damage_taken":0.0},{"damage_healed":0.0,"max_hp_gain":0.0,"max_hp_loss":0.0,"gold_gain":0.0,"event_name":"Tomb of Lord Red Mask","player_choice":"Ignored","floor":37.0,"gold_loss":0.0,"damage_taken":0.0},{"damage_healed":0.0,"max_hp_gain":0.0,"max_hp_loss":2.0,"gold_gain":0.0,"event_name":"Winding Halls","player_choice":"Max HP","floor":38.0,"gold_loss":0.0,"damage_taken":0.0}],"is_beta":false,"boss_relics":[{"not_picked":["Empty Cage","SacredBark"],"picked":"Fusion Hammer"},{"not_picked":["Philosopher\u0027s Stone","Velvet Choker"],"picked":"Busted Crown"}],"items_purged_floors":[4,39],"is_endless":false,"potions_floor_spawned":[7,11,12,16,19,21,28,31,33,35],"killed_by":"Nemesis","ascension_level":15}}