{"host":"bpkhhmvsfrvlto2l","time":1610162972,"event":{"mods":["2.2 Compatiblity","AchievementEnabler","Act Like it!","AlwaysNeverKeys","Aspiration","BaseMod","Better Silent Start","Challenge The Spire","Colored Map","Colored Powertips","Custom Start","Downfall","Energized Spire","Friendly Minions","GifTheSpireLib","Halation","Hubris","Infinite Spire","Ironclad Rager","Mimic Mod","Minty Spire (QoL Compilation)","Permanent Neow","Quick Restart","Random Character Button","Relic Sorter","Replay The Spire","Spikes Relics","StSLib","Stuff the Spire","Swap Starting Deck Mod","Trackpad"],"gold_per_floor":[113,128,141,43,63,63,77,77,110,126,106,106,121,121,121,219,219,235,235,235,254,272,272,272],"floor_reached":23,"playtime":825,"items_purged":["Strike_R"],"score":205,"play_id":"e8bb3f3a-5d29-42b2-9e9f-3bd5bcfc3f88","local_time":"20210108222932","is_ascension_mode":true,"campfire_choices":[{"data":"Metallicize","floor":6,"key":"SMITH"},{"data":"Sword Boomerang","floor":12,"key":"SMITH"},{"floor":15,"key":"REST"}],"circlet_count":0,"master_deck":["Strike_R","Strike_R","Strike_R","Defend_R","Defend_R","Defend_R","Defend_R","Bash","Sword Boomerang+1","Metallicize+1","Twin Strike","Twin Strike","Sword Boomerang"],"relics":["Burning Blood","energizedSpire:DeadBattery","MutagenicStrength"],"acts_visited":["Exordium","TheCity"],"potions_floor_usage":[9,14,16,21,23],"damage_taken":[{"damage":1,"enemies":"Cultist","floor":1,"turns":3},{"damage":6,"enemies":"2 Louse","floor":2,"turns":3},{"damage":2,"enemies":"Small Slimes","floor":3,"turns":3},{"damage":22,"enemies":"Exordium Thugs","floor":5,"turns":4},{"damage":12,"enemies":"Blue Slaver","floor":7,"turns":3},{"damage":12,"enemies":"Looter","floor":9,"turns":12},{"damage":2,"enemies":"Looter","floor":10,"turns":3},{"damage":10,"enemies":"2 Fungi Beasts","floor":13,"turns":4},{"damage":22,"enemies":"Replay:BlueRogue","floor":14,"turns":7},{"damage":54,"enemies":"Slime Boss","floor":16,"turns":16},{"damage":12,"enemies":"Chosen","floor":18,"turns":5},{"damage":10,"enemies":"2 Thieves","floor":21,"turns":2},{"damage":24,"enemies":"Cultist and Chosen","floor":22,"turns":7},{"damage":49,"enemies":"Replay:Snechameleon","floor":23,"turns":6}],"seed_played":"-8125204516136079892","potions_obtained":[{"floor":5,"key":"ElixirPotion"},{"floor":7,"key":"infinitespire:BlackPotion"},{"floor":10,"key":"SmokeBomb"},{"floor":11,"key":"Guardian:BlockOnCardUsePotion"},{"floor":18,"key":"PowerPotion"},{"floor":22,"key":"EssenceOfSteel"}],"is_trial":false,"path_per_floor":["M","M","M","$","M","R","M","?","MIM","M","?","R","M","E","R","B",null,"M","?","?","M","M","E"],"character_chosen":"IRONCLAD","items_purchased":["Twin Strike"],"campfire_rested":1,"item_purchase_floors":[4],"current_hp_per_floor":[88,88,88,88,72,72,66,59,53,57,57,57,53,37,63,15,88,82,82,82,78,60,11,11],"gold":272,"neow_bonus":"TEN_PERCENT_HP_BONUS","is_daily":false,"chose_seed":false,"campfire_upgraded":2,"win_rate":0.0,"timestamp":1610162972,"path_taken":["M","M","?","$","M","R","M","?","MIM","M","?","R","M","E","R","BOSS","M","?","?","M","M","E"],"items_purchased_type":["Card"],"build_version":"2020-12-22","purchased_purges":1,"victory":false,"max_hp_per_floor":[88,88,88,88,88,88,88,88,88,88,88,88,88,88,88,88,88,88,88,88,88,88,88,88],"card_choices":[{"not_picked":["Life Link","Iron Wave"],"picked":"Sword Boomerang","floor":1},{"not_picked":["Warcry","Second Wind"],"picked":"Metallicize","floor":2},{"not_picked":["Power Through","Warcry"],"picked":"Twin Strike","floor":3},{"not_picked":["Flex","Thunderclap","StuffTheSpire:BloodClot"],"picked":"SKIP","floor":5}],"player_experience":47092,"relics_obtained":[],"event_choices":[{"cards_removed":["Strike_R"],"damage_healed":0,"gold_gain":0,"player_choice":"Card Removal","damage_taken":7,"max_hp_gain":0,"max_hp_loss":0,"event_name":"Golden Wing","floor":8,"gold_loss":0},{"damage_healed":0,"gold_gain":0,"player_choice":"Bought 1 Potion","damage_taken":0,"max_hp_gain":0,"max_hp_loss":0,"event_name":"The Woman in Blue","floor":11,"gold_loss":0},{"damage_healed":0,"gold_gain":0,"player_choice":"Read","damage_taken":0,"max_hp_gain":0,"max_hp_loss":0,"event_name":"The Library","floor":19,"gold_loss":0,"cards_obtained":["Sword Boomerang"]},{"damage_healed":0,"gold_gain":0,"player_choice":"Inject Mutagens","damage_taken":0,"relics_obtained":["MutagenicStrength"],"max_hp_gain":0,"max_hp_loss":0,"event_name":"Drug Dealer","floor":20,"gold_loss":0}],"is_beta":false,"boss_relics":[{"not_picked":["hubris:GrandSneckoEye","Replay:Drink Me"],"picked":"energizedSpire:DeadBattery"}],"items_purged_floors":[4],"is_endless":false,"potions_floor_spawned":[5,7,10,14,18,22],"killed_by":"Replay:Snechameleon","ascension_level":1}}