{"host":"vhvm1b4sel61ztfv","time":1610186217,"event":{"mods":["BaseMod","BetterRewards","Displayed Cursed Tome","Minty Spire (QoL Compilation)","Replay The Spire","StSLib"],"gold_per_floor":[159,189,229,584,436,436,530,330,357,132,136,136],"floor_reached":11,"playtime":503,"items_purged":[],"score":185,"play_id":"629fd1b6-f52c-4253-bd0c-fdc4421639e3","local_time":"20210109045657","daily_mods":["Draft","Vintage","Heirloom","Time Dilation","Flight","DeadlyEvents","Elite Swarm","Lethality","Midas"],"is_ascension_mode":true,"campfire_choices":[{"floor":6,"key":"REST"}],"circlet_count":0,"master_deck":["AscendersBane","Gash","Storm","Scrape","Gash","Reinforced Body","Go for the Eyes","Chill","Sweeping Beam","Time Bomb","Conserve Battery","Redo","Gash","Ball Lightning","Streamline","Conserve Battery","Panic Button","Darkness"],"relics":["Cracked Core","Calipers","PreservedInsect","Replay:Bandana","InkBottle","Old Coin","Frozen Eye","Omamori","Replay:Frozen Program","ReplayFunnel","OrangePellets"],"acts_visited":["Exordium"],"potions_floor_usage":[],"damage_taken":[{"damage":0,"enemies":"Cultist","floor":1,"turns":2},{"damage":0,"enemies":"2 Louse","floor":2,"turns":2},{"damage":0,"enemies":"Small Slimes","floor":3,"turns":2},{"damage":7,"enemies":"Exordium Thugs","floor":4,"turns":3},{"damage":10,"enemies":"Lagavulin","floor":7,"turns":3},{"damage":0,"enemies":"3 Sentries","floor":11,"turns":1}],"seed_played":"1860584274514622928","potions_obtained":[{"floor":3,"key":"DuplicationPotion"},{"floor":4,"key":"Languid Potion"},{"floor":7,"key":"CultistPotion"}],"is_trial":true,"path_per_floor":["M","M","M","M","$","R","E","$","T","$","E"],"character_chosen":"DEFECT","items_purchased":["Frozen Eye","Replay:Frozen Program","Panic Button","Darkness","OrangePellets"],"campfire_rested":1,"item_purchase_floors":[5,8,8,10,10],"current_hp_per_floor":[68,68,68,61,61,75,65,65,65,65,65,65],"gold":136,"neow_bonus":"","is_daily":false,"chose_seed":false,"campfire_upgraded":0,"win_rate":0.0,"timestamp":1610186217,"path_taken":["M","M","M","M","?","R","E","$","T","$","E"],"items_purchased_type":["Relic","Relic","Card","Card","Relic"],"build_version":"2020-12-22","purchased_purges":0,"victory":false,"max_hp_per_floor":[75,75,75,75,75,75,75,75,75,75,75,75],"card_choices":[{"not_picked":["Coolheaded","Panic Button"],"picked":"Gash","floor":0},{"not_picked":["Cold Snap","Conserve Battery"],"picked":"Storm","floor":0},{"not_picked":["Sweeping Beam","Turbo"],"picked":"Scrape","floor":0},{"not_picked":["ReplaySolidLightProjector","Streamline"],"picked":"Gash","floor":0},{"not_picked":["Rebound","Crystallizer"],"picked":"Reinforced Body","floor":0},{"not_picked":["Coolheaded","Redo"],"picked":"Go for the Eyes","floor":0},{"not_picked":["Storm","Heatsinks"],"picked":"Chill","floor":0},{"not_picked":["FIFO Queue","Consume"],"picked":"Sweeping Beam","floor":0},{"not_picked":["Rip and Tear","Hologram"],"picked":"Time Bomb","floor":0},{"not_picked":["Turbo","Chaos"],"picked":"Conserve Battery","floor":0},{"not_picked":["Barrage","Stack"],"picked":"Redo","floor":0},{"not_picked":["FIFO Queue","Beam Cell"],"picked":"Gash","floor":0},{"not_picked":["Hologram","Rebound"],"picked":"Ball Lightning","floor":0},{"not_picked":["Rebound","BasicCrystalCard"],"picked":"Streamline","floor":0},{"not_picked":["Turbo","Beam Cell"],"picked":"Conserve Battery","floor":0},{"not_picked":["Amplify","Thunder Strike","All For One"],"picked":"SKIP","floor":7}],"player_experience":127341,"relics_obtained":[{"floor":1,"key":"PreservedInsect"},{"floor":2,"key":"Replay:Bandana"},{"floor":3,"key":"InkBottle"},{"floor":4,"key":"Old Coin"},{"floor":7,"key":"Omamori"},{"floor":9,"key":"ReplayFunnel"}],"event_choices":[],"is_beta":false,"boss_relics":[],"items_purged_floors":[],"is_endless":true,"potions_floor_spawned":[3,4,7],"killed_by":"3 Sentries","ascension_level":10}}