{"host":"17uzppmr1r5fe5jj","time":1610199121,"event":{"mods":["BaseMod","Highlight Path","Minty Spire (QoL Compilation)","StSLib","The Bladedancer","Youmu£®ªÍ∆«—˝√Œ£©"],"gold_per_floor":[416,429,445,620,630,407,419,42,66,66,86,103,103,138,138,233,233,252,263,263,281,298,330,330,360,372,170,170,44,44,69,69,173,173,193,209,209,209],"floor_reached":37,"playtime":1865,"items_purged":["blademaster:Strike","Doubt","blademaster:Defend"],"score":506,"play_id":"a50a85d6-329a-4e7d-a372-68e34cce4ecd","local_time":"20210109213201","daily_mods":["Heirloom","Flight"],"is_ascension_mode":false,"campfire_choices":[{"floor":10,"key":"REST"},{"floor":13,"key":"REST"},{"floor":15,"key":"REST"},{"floor":24,"key":"REST"},{"floor":32,"key":"REST"}],"circlet_count":0,"master_deck":["blademaster:Strike","blademaster:Strike","blademaster:Strike","blademaster:Defend","blademaster:Defend","blademaster:Defend","blademaster:RagingBlow","blademaster:HighVoltage","blademaster:ParryingStrike","blademaster:Safeguard","blademaster:LeechingStrike","blademaster:EyeOfTheStorm","Apotheosis","Flash of Steel","blademaster:Gust","blademaster:Empower","blademaster:Quickstep","blademaster:ColdBlood","blademaster:DragonStrike+1","blademaster:AncestralHealing+1","blademaster:Frontflip+1","blademaster:UnrelentingWind+1","blademaster:RollingTyphoon"],"relics":["blademaster:DancersAmulet","Old Coin","PreservedInsect","Ancient Tea Set","Bag of Marbles","Fusion Hammer","Lantern","MawBank","The Courier","ClockworkSouvenir","Toxic Egg 2","Frozen Eye","Akabeko","Sozu"],"acts_visited":["Exordium","TheCity","TheBeyond"],"potions_floor_usage":[11,16,16,16,16,16,16,23,33,33],"damage_taken":[{"damage":1.0,"enemies":"Jaw Worm","floor":1.0,"turns":4.0},{"damage":4.0,"enemies":"2 Louse","floor":2.0,"turns":4.0},{"damage":6.0,"enemies":"Cultist","floor":3.0,"turns":5.0},{"damage":23.0,"enemies":"Lots of Slimes","floor":5.0,"turns":6.0},{"damage":20.0,"enemies":"Large Slime","floor":7.0,"turns":10.0},{"damage":5,"enemies":"3 Louse","floor":11,"turns":4},{"damage":33,"enemies":"Exordium Wildlife","floor":12,"turns":6},{"damage":13,"enemies":"Gremlin Nob","floor":14,"turns":3},{"damage":0,"enemies":"Slime Boss","floor":16,"turns":5},{"damage":1,"enemies":"Spheric Guardian","floor":18,"turns":4},{"damage":15,"enemies":"3 Byrds","floor":19,"turns":4},{"damage":0,"enemies":"Snake Plant","floor":21,"turns":4},{"damage":17,"enemies":"Cultist and Chosen","floor":22,"turns":6},{"damage":32,"enemies":"Gremlin Leader","floor":23,"turns":5},{"damage":4,"enemies":"Slavers","floor":25,"turns":3},{"damage":15,"enemies":"Book of Stabbing","floor":31,"turns":6},{"damage":31,"enemies":"Automaton","floor":33,"turns":9},{"damage":5,"enemies":"Orb Walker","floor":35,"turns":3},{"damage":3,"enemies":"3 Darklings","floor":36,"turns":6},{"damage":0,"enemies":"Transient","floor":37,"turns":1}],"seed_played":"-5305960248831742386","potions_obtained":[{"floor":1.0,"key":"Regen Potion"},{"floor":2.0,"key":"Weak Potion"},{"floor":12,"key":"CultistPotion"},{"floor":14,"key":"EntropicBrew"},{"floor":18,"key":"Regen Potion"},{"floor":25,"key":"Dexterity Potion"},{"floor":31,"key":"LiquidBronze"}],"is_trial":true,"path_per_floor":["M","M","M","?","M","$","M","$","T","R","M","M","R","E","R","B",null,"M","M","?","M","M","E","R","E","T","$","T","$","?","E","R","B",null,"M","M","M"],"character_chosen":"THE_BLADEMASTER","items_purchased":["PreservedInsect","Apotheosis","Flash of Steel","ClockworkSouvenir","Frozen Eye"],"campfire_rested":5,"item_purchase_floors":[6,8,8,27,29],"current_hp_per_floor":[74,70,64,64,41,41,24,24,24,46,50,22,44,31,53,53,75,74,64,75,75,63,45,67,63,63,63,63,63,63,74,75,67,75,75,75,75,75],"gold":209,"neow_bonus":"","is_daily":false,"chose_seed":false,"campfire_upgraded":0,"win_rate":0.0,"timestamp":1610199121,"path_taken":["M","M","M","?","M","$","M","$","T","R","M","M","R","E","R","BOSS","M","M","?","M","?","E","R","E","T","$","?","$","?","E","R","BOSS","M","M","?"],"items_purchased_type":["Relic","Card","Card","Relic","Relic"],"build_version":"2020-12-22","purchased_purges":3,"victory":false,"max_hp_per_floor":[75,75,75,75,75,75,75,75,75,75,75,75,75,75,75,75,75,75,75,75,75,75,75,75,75,75,75,75,75,75,75,75,75,75,75,75,75,75],"card_choices":[{"not_picked":["blademaster:Rupture","blademaster:Discharge"],"picked":"blademaster:ParryingStrike","floor":1.0},{"not_picked":["blademaster:AirSlash","blademaster:ParryingStrike"],"picked":"blademaster:Safeguard","floor":2.0},{"not_picked":["blademaster:FuriousStrike","blademaster:AwakeningStrike"],"picked":"blademaster:LeechingStrike","floor":3.0},{"not_picked":["blademaster:CullingStrike","blademaster:AwakeningDefend","blademaster:CombatPrep"],"picked":"SKIP","floor":5.0},{"not_picked":["blademaster:Havoc","blademaster:AwakeningDefend"],"picked":"blademaster:EyeOfTheStorm","floor":7.0},{"not_picked":["blademaster:Hailwind","blademaster:Sharpen","blademaster:RagingBlow"],"picked":"SKIP","floor":11},{"not_picked":["blademaster:AspectOfWind","blademaster:AwakeningDefend","blademaster:FuriousStrike"],"picked":"SKIP","floor":12},{"not_picked":["blademaster:Slice","blademaster:LightningCrash"],"picked":"blademaster:Gust","floor":14},{"not_picked":["blademaster:LightningDraw","blademaster:RagingBlow"],"picked":"blademaster:Empower","floor":16},{"not_picked":["blademaster:LeechingStrike","blademaster:Frontflip+1"],"picked":"blademaster:Quickstep","floor":18},{"not_picked":["blademaster:DragonStrike","blademaster:Frontflip"],"picked":"blademaster:ColdBlood","floor":19},{"not_picked":["blademaster:SlyStabs","blademaster:AspectOfWind","blademaster:Sharpen+1"],"picked":"SKIP","floor":21},{"not_picked":["blademaster:Quickstep","blademaster:SlyStabs"],"picked":"blademaster:DragonStrike+1","floor":22},{"not_picked":["blademaster:ThunderSlash","blademaster:BladeMastery"],"picked":"blademaster:AncestralHealing+1","floor":23},{"not_picked":["blademaster:CloudOfSteel","blademaster:CombatPrep"],"picked":"blademaster:Frontflip+1","floor":25},{"not_picked":["blademaster:Momentum+1","blademaster:EyeOfTheStorm"],"picked":"blademaster:UnrelentingWind+1","floor":31},{"not_picked":["blademaster:FuryOfTheElements","blademaster:UnrelentingWind+1"],"picked":"blademaster:RollingTyphoon","floor":33},{"not_picked":["blademaster:Sharpen+1","blademaster:FuriousStrike+1","blademaster:DeadlyDance+1"],"picked":"SKIP","floor":35},{"not_picked":["blademaster:ChargingUp+1","blademaster:Slice","blademaster:RagingBlow"],"picked":"SKIP","floor":36}],"player_experience":84963,"relics_obtained":[{"floor":9,"key":"Ancient Tea Set"},{"floor":14,"key":"Bag of Marbles"},{"floor":14,"key":"blademaster:OnAttackedChargePerk"},{"floor":23,"key":"Lantern"},{"floor":23,"key":"blademaster:DextrousPerk"},{"floor":25,"key":"MawBank"},{"floor":25,"key":"blademaster:RandomBladePerk"},{"floor":26,"key":"The Courier"},{"floor":28,"key":"Toxic Egg 2"},{"floor":31,"key":"Akabeko"},{"floor":31,"key":"blademaster:StanceHealPerk"}],"event_choices":[{"damage_healed":0.0,"max_hp_gain":0.0,"max_hp_loss":0.0,"gold_gain":175.0,"event_name":"Liars Game","player_choice":"AGREE","floor":4.0,"gold_loss":0.0,"damage_taken":0.0,"cards_obtained":["Doubt"]},{"damage_healed":11,"gold_gain":0,"player_choice":"Full Heal","damage_taken":0,"max_hp_gain":0,"max_hp_loss":0,"event_name":"Wheel of Change","floor":20,"gold_loss":0},{"damage_healed":0,"gold_gain":0,"player_choice":"Ignored","damage_taken":0,"max_hp_gain":0,"max_hp_loss":0,"event_name":"NoteForYourself","floor":30,"gold_loss":0}],"is_beta":false,"boss_relics":[{"not_picked":["SacredBark","Runic Pyramid"],"picked":"Fusion Hammer"},{"not_picked":["Cursed Key","Pandora\u0027s Box"],"picked":"Sozu"}],"items_purged_floors":[6,8,27],"is_endless":false,"potions_floor_spawned":[1,2,12,14,18,25,31,35],"killed_by":"Transient","ascension_level":0}}