{"host":"T","time":1610189367,"event":{"mods":["Aspiration","BaseMod","Downfall","GungeonMod","Hunter ¡‘»À","Minty Spire (QoL Compilation)","READ ME - Guardian Mod","Relic Stats","StSLib","The Alterego","The Cursed","The Jungle","The Poker Player","The Runesmith","The Servant 0.9.4"],"gold_per_floor":[118,118,118,118,136,136,149,74,129,160,177,187,202,258,258,258,258],"floor_reached":16,"playtime":1009,"items_purged":["DemoMod:Strike_Huntress"],"score":137,"play_id":"0072a7b4-96e9-44f5-91dc-2bff7091481d","local_time":"20210109184927","is_ascension_mode":false,"campfire_choices":[{"data":"DemoMod:HighKaliber","floor":6,"key":"SMITH"},{"floor":15,"key":"REST"}],"circlet_count":0,"master_deck":["DemoMod:Strike_Huntress","DemoMod:Strike_Huntress","DemoMod:Defend_Huntress","DemoMod:Defend_Huntress","DemoMod:Defend_Huntress","DemoMod:Defend_Huntress","DemoMod:Roll","DemoMod:ManualReload","DemoMod:RustySidearm","DemoMod:CrossBow","DemoMod:ShadowBullets","DemoMod:HighKaliber+1","DemoMod:MegaHand","DemoMod:Slinger","DemoMod:BlackHoleGun","DemoMod:ShadowBullets"],"relics":["DemoMod:Dog","DemoMod:Orange","DemoMod:SilverBullets","Art of War","Oddly Smooth Stone","Bottled Tornado"],"acts_visited":["Exordium"],"potions_floor_usage":[11,12,16,16],"damage_taken":[{"damage":5,"enemies":"Small Slimes","floor":1,"turns":3},{"damage":4,"enemies":"Jaw Worm","floor":5,"turns":3},{"damage":0,"enemies":"Cultist","floor":7,"turns":2},{"damage":23,"enemies":"Lagavulin","floor":10,"turns":6},{"damage":0,"enemies":"2 Fungi Beasts","floor":11,"turns":2},{"damage":0,"enemies":"3 Louse","floor":12,"turns":1},{"damage":7,"enemies":"Looter","floor":13,"turns":2},{"damage":30,"enemies":"3 Sentries","floor":14,"turns":6},{"damage":51,"enemies":"The Guardian","floor":16,"turns":7}],"seed_played":"6775555089900551608","potions_obtained":[{"floor":5,"key":"Explosive Potion"},{"floor":11,"key":"Explosive Potion"},{"floor":12,"key":"LiquidBronze"},{"floor":14,"key":"Ancient Potion"}],"is_trial":false,"path_per_floor":["M","?","T","?","M","R","M","$","T","E","M","M","M","E","R","B"],"character_chosen":"HUNTRESS","items_purchased":[],"campfire_rested":1,"item_purchase_floors":[],"current_hp_per_floor":[72,81,81,81,77,77,77,77,77,54,54,54,47,17,43,0,0],"gold":258,"neow_bonus":"TEN_PERCENT_HP_BONUS","is_daily":false,"chose_seed":false,"campfire_upgraded":1,"win_rate":0.0,"timestamp":1610189367,"path_taken":["M","?","?","?","M","R","?","$","T","E","M","M","M","E","R","BOSS"],"items_purchased_type":[],"build_version":"2020-12-18","purchased_purges":1,"victory":false,"max_hp_per_floor":[77,89,89,89,89,89,89,89,89,89,89,89,89,89,89,89,89],"relic_stats":{"counters":[9,32],"Art of War":[1],"obtain_stats":[{"DemoMod:Dog":0,"DemoMod:Orange":2,"DemoMod:SilverBullets":3,"Oddly Smooth Stone":10,"DemoMod:GlassGuonStoneRelic":5,"Art of War":9,"Bottled Tornado":14},{"DemoMod:Dog":0,"DemoMod:Orange":1,"DemoMod:SilverBullets":1,"Oddly Smooth Stone":4,"DemoMod:GlassGuonStoneRelic":2,"Art of War":3,"Bottled Tornado":8},{"DemoMod:Dog":0,"DemoMod:Orange":3,"DemoMod:SilverBullets":3,"Oddly Smooth Stone":14,"DemoMod:GlassGuonStoneRelic":6,"Art of War":8,"Bottled Tornado":25}]},"card_choices":[{"not_picked":["DemoMod:Unmoved","DemoMod:BattleInHaste"],"picked":"DemoMod:ShadowBullets","floor":1},{"not_picked":["DemoMod:Unmoved","DemoMod:BattleInHaste"],"picked":"DemoMod:HighKaliber","floor":5},{"not_picked":["DemoMod:Polaris","DemoMod:TeaPot"],"picked":"DemoMod:MegaHand","floor":7},{"not_picked":["DemoMod:DoubleSwitch","DemoMod:SniperShot"],"picked":"DemoMod:Slinger","floor":10},{"not_picked":["DemoMod:FastSwitch","DemoMod:AC15","DemoMod:PotionOfGunFriendShip"],"picked":"SKIP","floor":11},{"not_picked":["DemoMod:DoubleSwitch","DemoMod:AC15","DemoMod:StickyCrossBow"],"picked":"SKIP","floor":12},{"not_picked":["DemoMod:FeignSurrender","DemoMod:DirectionalPad"],"picked":"DemoMod:BlackHoleGun","floor":13},{"not_picked":["DemoMod:FastSwitch","DemoMod:HardPowerCard"],"picked":"DemoMod:ShadowBullets","floor":14}],"player_experience":379403,"relics_obtained":[{"floor":3,"key":"DemoMod:SilverBullets"},{"floor":9,"key":"Art of War"},{"floor":10,"key":"Oddly Smooth Stone"},{"floor":14,"key":"Bottled Tornado"}],"event_choices":[{"damage_healed":0,"gold_gain":0,"player_choice":"Success","damage_taken":3,"relics_obtained":["DemoMod:Orange"],"max_hp_gain":0,"max_hp_loss":0,"event_name":"Scrap Ooze","floor":2,"gold_loss":0},{"damage_healed":0,"gold_gain":0,"player_choice":"Bought 0 Potions","damage_taken":0,"max_hp_gain":0,"max_hp_loss":0,"event_name":"The Woman in Blue","floor":4,"gold_loss":0}],"is_beta":true,"boss_relics":[],"items_purged_floors":[8],"is_endless":false,"potions_floor_spawned":[5,11,12,14],"killed_by":"The Guardian","ascension_level":0}}