{"host":"uxq2rly8rxtwffuf","time":1610207260,"event":{"mods":["BaseMod","Koishi","Minty Spire (QoL Compilation)","StSLib","The Judge","The Servant 0.9.4"],"gold_per_floor":[360,50,64,64,84,84,136,155,155,189,199,199,6,25,25,98,98,69,89,89,89,89,89],"floor_reached":22,"playtime":895,"items_purged":[],"score":326,"play_id":"e6adf320-027d-4aa3-a179-a97c5d3cf5f4","local_time":"20210109184740","is_ascension_mode":true,"campfire_choices":[{"floor":6,"key":"REST"},{"floor":15,"key":"REST"}],"circlet_count":0,"master_deck":["AscendersBane","Strike_B","Strike_B","Strike_B","Strike_B","Defend_B","Defend_B","Defend_B","Defend_B","Zap","Dualcast","Steam","Go for the Eyes","Steam","Reboot","Streamline","Loop+1","Gash","Creative AI","Gash","Turbo+1"],"relics":["Cracked Core","Bird Faced Urn","Anchor","Thread and Needle","Matryoshka","Potion Belt","SlaversCollar"],"acts_visited":["Exordium","TheCity"],"potions_floor_usage":[16,16,16,18,19],"damage_taken":[{"damage":13,"enemies":"Small Slimes","floor":1,"turns":3},{"damage":7,"enemies":"Jaw Worm","floor":3,"turns":4},{"damage":1,"enemies":"Cultist","floor":5,"turns":4},{"damage":0,"enemies":"Looter","floor":8,"turns":4},{"damage":24,"enemies":"3 Sentries","floor":10,"turns":10},{"damage":0,"enemies":"Red Slaver","floor":11,"turns":3},{"damage":0,"enemies":"Large Slime","floor":14,"turns":4},{"damage":15,"enemies":"The Guardian","floor":16,"turns":11},{"damage":12,"enemies":"2 Thieves","floor":18,"turns":5},{"damage":29,"enemies":"Shell Parasite","floor":19,"turns":9},{"damage":32,"enemies":"Shelled Parasite and Fungi","floor":22,"turns":6}],"seed_played":"3691683921395966363","potions_obtained":[{"floor":10,"key":"Block Potion"},{"floor":11,"key":"Explosive Potion"},{"floor":14,"key":"BlessingOfTheForge"},{"floor":16,"key":"AttackPotion"},{"floor":18,"key":"Block Potion"}],"is_trial":false,"path_per_floor":["M","$","M","?","M","R","T","M","T","E","M","?","$","M","R","B",null,"M","M","?","?","M"],"character_chosen":"DEFECT","items_purchased":["Bird Faced Urn","Gash","Potion Belt"],"campfire_rested":2,"item_purchase_floors":[2,13,13],"current_hp_per_floor":[33,33,26,26,25,46,46,46,46,22,22,22,22,24,45,32,61,51,30,30,30,0,0],"gold":89,"neow_bonus":"TWO_FIFTY_GOLD","is_daily":false,"chose_seed":false,"campfire_upgraded":0,"win_rate":0.0,"timestamp":1610207260,"path_taken":["M","$","M","?","M","R","?","?","T","E","M","?","$","M","R","BOSS","M","M","?","?","M"],"items_purchased_type":["Relic","Card","Relic"],"build_version":"2020-12-22","purchased_purges":0,"victory":false,"max_hp_per_floor":[71,71,71,71,71,71,71,71,71,71,71,71,71,71,71,71,71,71,71,71,71,71,71],"card_choices":[{"not_picked":["Hologram","Chaos"],"picked":"Steam","floor":1},{"not_picked":["Chaos","Sunder"],"picked":"Go for the Eyes","floor":3},{"not_picked":["Sweeping Beam","Stack"],"picked":"Steam","floor":5},{"not_picked":["Cold Snap","Steam"],"picked":"Reboot","floor":8},{"not_picked":["Barrage","Consume"],"picked":"Streamline","floor":10},{"not_picked":["Rebound","Barrage"],"picked":"Loop","floor":11},{"not_picked":["Turbo","Steam Power","Stack"],"picked":"SKIP","floor":14},{"not_picked":["Fission","Biased Cognition"],"picked":"Creative AI","floor":16},{"not_picked":["Conserve Battery","Hologram"],"picked":"Gash","floor":18},{"not_picked":["Steam","Redo"],"picked":"Turbo+1","floor":19}],"player_experience":1395158,"relics_obtained":[{"floor":7,"key":"Anchor"},{"floor":9,"key":"Thread and Needle"},{"floor":10,"key":"Matryoshka"}],"event_choices":[{"damage_healed":0,"gold_gain":0,"player_choice":"Ignored","damage_taken":0,"max_hp_gain":0,"max_hp_loss":0,"event_name":"Liars Game","floor":4,"gold_loss":0},{"damage_healed":0,"gold_gain":0,"player_choice":"Upgraded","damage_taken":0,"max_hp_gain":0,"max_hp_loss":0,"event_name":"Upgrade Shrine","floor":12,"gold_loss":0,"cards_upgraded":["Loop"]},{"damage_healed":0,"gold_gain":0,"player_choice":"Ignored","damage_taken":0,"max_hp_gain":0,"max_hp_loss":0,"event_name":"Vampires","floor":20,"gold_loss":0},{"damage_healed":0,"gold_gain":0,"player_choice":"Ignored","damage_taken":0,"max_hp_gain":0,"max_hp_loss":0,"event_name":"Cursed Tome","floor":21,"gold_loss":0}],"is_beta":false,"boss_relics":[{"not_picked":["Empty Cage","Ectoplasm"],"picked":"SlaversCollar"}],"items_purged_floors":[],"is_endless":false,"potions_floor_spawned":[10,11,14,16,18],"killed_by":"Shelled Parasite and Fungi","ascension_level":15}}