{"host":"5td1gsj4mnrioltg","time":1610168198,"event":{"mods":["2.2 Compatiblity","AchievementEnabler","Act Like it!","Aspiration","BaseMod","Beaked The Cultist","Better Altar","Better Match","Better Note","Better Sensory Stone","Better Silent Start","Better Skull","Better Third Choice","Better Vampires","BetterRewards","Colored Map","Colored Powertips","Displayed Cursed Tome","Downfall","Emptier Cage","Evolution","Friendly Minions","GifTheSpireLib","Highlight Path","Ironclad Rager","Jedi Mod","JesterMod","Mad Scientist","Menagerie","Minty Spire (QoL Compilation)","Permanent Neow","Quick Restart","Replay The Spire","Reworked Bosses","Shade Mod","Spicy Shops","StSLib","The Blue Laboratory","The Dragon Tamer","The Druid","The Elementalist","The Marked","The Necromancer","The Runesmith","Thieving Mod","Transform Curses","Wandering Minibosses","vexMod"],"gold_per_floor":[111,111,111,129,151,151,167,23,46,102,102,87,87,87,87,190,856,884,332,332,186,217,264,264,284,308,233,237,237],"floor_reached":28,"playtime":1814,"items_purged":["jesterMod:Strike","jesterMod:Strike"],"score":262,"play_id":"a9890450-680c-400e-9612-f3ea53ada3e5","local_time":"20210108205638","is_ascension_mode":true,"campfire_choices":[{"data":"jesterMod:Sickle","floor":6,"key":"SMITH"},{"floor":11,"key":"REST"},{"data":"jesterMod:Trance","floor":13,"key":"SMITH"},{"floor":24,"key":"REST"}],"circlet_count":0,"master_deck":["jesterMod:Strike","jesterMod:Sickle+1","jesterMod:Defend","jesterMod:Defend","jesterMod:Defend","jesterMod:Dodge","jesterMod:Trance+1","jesterMod:Prankster","jesterMod:LightTheWick+1","Doubt","Menagerie:WallOfBlossoms+1","Pride","Pride","Pride","ReplayTheSpireMod:Speed Training","jesterMod:Precipitation","jesterMod:Precipitation","ReplayTheSpireMod:Scrap Shanks"],"relics":["jesterMod:JesterCap","EVO:Axolotl","Menagerie:HuntersKnife","Menagerie:ShiftingBlessing","jesterMod:RuskiBroom","Replay:Bandana","Replay:Grab Bag","vexMod:RockOfEvil","aspiration:SilentSkillbook","Akabeko","jedi:HeartOfTheCards","ReplayTheSpireMod:Shallot","aspiration:ChemicalBlood"],"acts_visited":["Menagerie:Menagerie","TheCity"],"potions_floor_usage":[10,10],"damage_taken":[{"damage":0,"enemies":"Menagerie:2_RABBITS","floor":1,"turns":4},{"damage":0,"enemies":"Menagerie:MonstrousExperiment","floor":4,"turns":5},{"damage":0,"enemies":"Menagerie:StygianBoar","floor":5,"turns":2},{"damage":7,"enemies":"Menagerie:MeltingSalamander","floor":7,"turns":4},{"damage":26,"enemies":"Menagerie:STYGIAN_BOAR_AND_WHISPERING_WRAITH","floor":10,"turns":10},{"damage":22,"enemies":"Menagerie:AVATARS","floor":16,"turns":6},{"damage":6,"enemies":"Spheric Guardian","floor":18,"turns":5},{"damage":12,"enemies":"3 Byrds","floor":22,"turns":3},{"damage":23,"enemies":"Gremlin Leader","floor":23,"turns":7},{"damage":12,"enemies":"Snecko","floor":25,"turns":9},{"damage":17,"enemies":"Centurion and Healer","floor":28,"turns":1}],"seed_played":"9088379006417825717","potions_obtained":[{"floor":4,"key":"jedi:wingpotion"},{"floor":5,"key":"FearPotion"},{"floor":7,"key":"Energy Potion"},{"floor":23,"key":"blueLaboratory:NullPotion"}],"is_trial":false,"path_per_floor":["M","?","?","M","M","R","M","$","T","M","R","?","R","?","R_BF","B",null,"M","$","?","$","M","E","R","M","T","?","M"],"character_chosen":"THE_JESTER","items_purchased":["jesterMod:RuskiBroom","ReplayTheSpireMod:Speed Training","Akabeko","jedi:HeartOfTheCards","jesterMod:Precipitation"],"campfire_rested":2,"item_purchase_floors":[8,19,19,19,21],"current_hp_per_floor":[63,58,49,49,49,49,42,42,42,16,33,33,33,33,48,26,53,47,47,47,47,35,12,27,15,15,15,0,0],"gold":237,"neow_bonus":"REMOVE_TWO","is_daily":false,"chose_seed":false,"campfire_upgraded":2,"win_rate":0.0,"timestamp":1610168198,"path_taken":["M","?","?","?","M","R","M","$","T","M","R","?","R","?","R_BF","BOSS","M","$","?","$","M","E","R","?","T","?","M"],"items_purchased_type":["Relic","Card","Relic","Relic","Card"],"build_version":"2020-12-22","purchased_purges":2,"victory":false,"max_hp_per_floor":[63,58,58,58,58,58,58,58,58,58,58,58,58,53,53,53,53,53,53,53,53,53,53,53,53,53,53,53,53],"card_choices":[{"not_picked":["jesterMod:Patience","jesterMod:DancingMad","jesterMod:OblivionStrike"],"picked":"SKIP","floor":1},{"not_picked":["jesterMod:SmokeScreen","jesterMod:JackInTheBox"],"picked":"jesterMod:Trance","floor":4},{"not_picked":["jesterMod:SwiftDodge","jesterMod:QuickStrike"],"picked":"jesterMod:Prankster","floor":5},{"not_picked":["jesterMod:JackInTheBox","jesterMod:DesperateStrike","jesterMod:FlameDance"],"picked":"SKIP","floor":7},{"not_picked":["jesterMod:JugglerBlade","jesterMod:QuickStrike"],"picked":"jesterMod:LightTheWick","floor":10},{"not_picked":["Menagerie:Skullclamp","Menagerie:LightningHelix"],"picked":"Menagerie:WallOfBlossoms","floor":14},{"not_picked":["Deadly Poison+1","Eviscerate+1","jesterMod:RecklessStrike+1","Sneak Up+1"],"picked":"SKIP","floor":18},{"not_picked":["Bouncing Flask","Flechettes","jesterMod:OblivionStrike"],"picked":"jesterMod:Precipitation","floor":22},{"not_picked":["Dodge and Roll+1","Hidden Blade","jesterMod:Patience"],"picked":"ReplayTheSpireMod:Scrap Shanks","floor":23},{"not_picked":["Slice","ReplayTheSpireMod:Speed Training","Bane","jesterMod:DancingMad+1"],"picked":"SKIP","floor":25}],"player_experience":1301119,"relics_obtained":[{"floor":9,"key":"Replay:Bandana"},{"floor":23,"key":"ReplayTheSpireMod:Shallot"},{"floor":26,"key":"aspiration:ChemicalBlood"}],"event_choices":[{"damage_healed":0,"gold_gain":0,"player_choice":"Take","damage_taken":0,"relics_obtained":["Menagerie:HuntersKnife"],"max_hp_gain":0,"max_hp_loss":5,"event_name":"Menagerie:BigGameHunter","floor":2,"gold_loss":0},{"damage_healed":0,"gold_gain":0,"player_choice":"Touch","damage_taken":9,"relics_obtained":["Menagerie:ShiftingBlessing"],"max_hp_gain":0,"max_hp_loss":0,"event_name":"Menagerie:LunarGift","floor":3,"gold_loss":0},{"damage_healed":0,"gold_gain":0,"player_choice":"Avoid the battle","damage_taken":0,"max_hp_gain":0,"max_hp_loss":0,"event_name":"Menagerie:MageAndMonster","floor":12,"gold_loss":15},{"damage_healed":0,"gold_gain":0,"player_choice":"Read","damage_taken":0,"max_hp_gain":0,"max_hp_loss":5,"event_name":"Menagerie:OvergrownLibrary","floor":14,"gold_loss":0,"cards_obtained":["Doubt"]},{"damage_healed":0,"gold_gain":0,"player_choice":"Upgraded","damage_taken":0,"max_hp_gain":0,"max_hp_loss":0,"event_name":"Upgrade Shrine","floor":20,"gold_loss":0,"cards_upgraded":["Menagerie:WallOfBlossoms"]},{"damage_healed":0,"gold_gain":0,"player_choice":"2","damage_taken":0,"max_hp_gain":0,"max_hp_loss":0,"event_name":"betterMatch:BetterMatch","floor":27,"gold_loss":0,"cards_obtained":["betterMatch:UncommonCard"]}],"is_beta":false,"boss_relics":[{"not_picked":["vexMod:BigBerry","vexMod:MegatonBomb"],"picked":"Replay:Grab Bag"},{"not_picked":["ReplayTheSpireMod:DimensionalGlitch","vexMod:DeviousBotling"],"picked":"vexMod:RockOfEvil"},{"not_picked":["aspiration:RitualDagger","Pandora\u0027s Box"],"picked":"aspiration:SilentSkillbook"}],"items_purged_floors":[19,21],"is_endless":false,"potions_floor_spawned":[4,5,7,23],"killed_by":"Centurion and Healer","ascension_level":1}}