{"host":"xvyva5f9howyleoa","time":1610182625,"event":{"mods":["BaseMod","BetterRewards","Colored Map","GifTheSpireLib","Infinite Spire","Minty Spire (QoL Compilation)","Quick Restart","Reimu（博丽灵梦）","Remilia（蕾米莉亚）","RumiaBox-露米娅的神秘盒子","Say the Spire","Shop Mod","StSLib","SuperFastMode","The Cursed","The Servant 0.9.4","WarShipGirlsR/战舰少女R mod","[IsaacMod]以撒尖塔"],"gold_per_floor":[417,517,517,124,136,162,162,181,181,236,264,264,264,278,278,378,378,397,407,427,427,458,484,494,525,579,593,203,218,168,183,183,279,279,293,343,362,362,373,373,418,418,469,469,194,212,146,368,368,464,464,464],"floor_reached":51,"playtime":5047,"items_purged":["rmod:strick","rmod:strick","rmod:strick","rmod:defend"],"score":954,"play_id":"3a26d7a4-9396-4884-accd-1825d2279975","local_time":"20210109165705","is_ascension_mode":false,"campfire_choices":[{"floor":7.0,"key":"REST"},{"data":"DoctorFetus","floor":12.0,"key":"SMITH"},{"floor":15.0,"key":"RECALL"},{"data":"rmod:chargemoney","floor":32,"key":"SMITH"},{"data":"rmod:seals","floor":40,"key":"SMITH"},{"data":"rmod:expedition","floor":44,"key":"SMITH"},{"data":"rmod:desperatesituation","floor":49,"key":"SMITH"}],"circlet_count":0,"master_deck":["rmod:strick","rmod:defend","rmod:defend","rmod:basicallowance","rmod:maingunfire","DoctorFetus+1","rmod:supportaircraftcarrier","rmod:aviationdawn","rmod:expedition+1","rmod:goodfighter+1","rmod:diamondstrike","Violence","rmod:saltedfish","rmod:goodfighter","rmod:supportaircraftcarrier","rmod:u235","rmod:chargemoney+1","rmod:acesubmarine","rmod:wife+1","rmod:lonelyqueen+1","rmod:maintain+1","rmod:fletcherpendant+1","rmod:abidefaith","rmod:fletcherpendant+1","rmod:salvage+1","Panache","rmod:fletcherpendant","rmod:circuitoustactics+1","rmod:fletcherpendant","rmod:seals+1","CurseOfTheBell","rmod:seals+1","Madness","Madness","Master of Strategy","rmod:desperatesituation+1","rmod:fletcher","rmod:expeditionaryescort"],"relics":["FlyPower:ReiMu","HushsDoor","SteamSale","MerchantsRug","infinitespire:Lucky Rock","YumHeart","BelialBook","Chemical X","infinitespire:Cubic Diamond","Pear","Akabeko","Incense Burner","SharpPlug","AnarchistCookbook","GnawedLeaf","Coffee Dripper","Mango","Nilry\u0027s Codex","Red Mask","Question Card","CrazyTorch:ReiMu","Orichalcum","infinitespire:Satchel","Orrery","Calipers","Baka2","Calling Bell","Tiny Chest","Meat on the Bone","EdensBlessing","infinitespire:Magic Flask","infinitespire:Beetle Shell","Bag of Marbles","SteamSale","Toolbox","Philosopher\u0027s Stone"],"acts_visited":["Exordium","TheCity","TheBeyond","Exordium"],"potions_floor_usage":[],"damage_taken":[{"damage":0.0,"enemies":"Jaw Worm","floor":1.0,"turns":1.0},{"damage":0.0,"enemies":"Cultist","floor":5.0,"turns":2.0},{"damage":79.0,"enemies":"3 Sentries","floor":6.0,"turns":6.0},{"damage":0.0,"enemies":"2 Louse","floor":8.0,"turns":1.0},{"damage":0.0,"enemies":"Gremlin Nob","floor":10.0,"turns":1.0},{"damage":0.0,"enemies":"Gremlin Nob","floor":11.0,"turns":3.0},{"damage":0.0,"enemies":"Exordium Thugs","floor":14.0,"turns":1.0},{"damage":29,"enemies":"The Guardian","floor":16,"turns":6},{"damage":6,"enemies":"Shell Parasite","floor":18,"turns":2},{"damage":0,"enemies":"2 Thieves","floor":19,"turns":1},{"damage":13,"enemies":"Sentry and Sphere","floor":20,"turns":5},{"damage":0,"enemies":"Masked Bandits","floor":22,"turns":1},{"damage":10,"enemies":"Nightmare","floor":23,"turns":4},{"damage":0,"enemies":"Snecko","floor":24,"turns":3},{"damage":6,"enemies":"Slavers","floor":25,"turns":3},{"damage":6,"enemies":"Centurion and Healer","floor":27,"turns":3},{"damage":0,"enemies":"Sentry and Sphere","floor":29,"turns":2},{"damage":0,"enemies":"3 Cultists","floor":31,"turns":3},{"damage":68,"enemies":"Automaton","floor":33,"turns":7},{"damage":18,"enemies":"3 Shapes","floor":35,"turns":1},{"damage":38,"enemies":"Mind Bloom Boss Battle","floor":36,"turns":7},{"damage":0,"enemies":"Orb Walker","floor":37,"turns":1},{"damage":6,"enemies":"Transient","floor":39,"turns":6},{"damage":13,"enemies":"Nemesis","floor":41,"turns":6},{"damage":0,"enemies":"Jaw Worm Horde","floor":42,"turns":1},{"damage":39,"enemies":"3 Darklings","floor":46,"turns":2},{"damage":29,"enemies":"Sphere and 2 Shapes","floor":47,"turns":3},{"damage":89,"enemies":"Awakened One","floor":50,"turns":7}],"seed_played":"-645014543744954482","potions_obtained":[{"floor":5.0,"key":"Regen Potion"},{"floor":6.0,"key":"ColorlessPotion"},{"floor":19,"key":"PowerPotion"}],"is_trial":false,"path_per_floor":["M","?","?","$","M","E","R","M","T","?","E","R","T","M","R","B",null,"M","M","M","?","?","NM","M","E","T","M","$","M","?","M","R","B",null,"M","?","M","?","M","R","E","M","T","R","$","M","M","?","R","B",null],"character_chosen":"PRAEFECT","items_purchased":["MerchantsRug","infinitespire:Lucky Rock","rmod:supportaircraftcarrier","BelialBook","Chemical X","rmod:expedition","rmod:goodfighter","Pear","Regen Potion","AttackPotion","AttackPotion","Akabeko","Violence","rmod:chargemoney","rmod:acesubmarine","infinitespire:Satchel","Orrery","Calipers","Panache","Diplopia","Bag of Marbles","Toolbox","Master of Strategy","rmod:desperatesituation"],"campfire_rested":1,"item_purchase_floors":[0,0,0,0,0,0,0,4,4,4,4,4,4,17,17,28,28,28,28,45,45,45,45,45],"current_hp_per_floor":[80,80,80,90,90,11,59,59,59,59,59,59,59,59,59,30,149,157,157,144,153,153,143,143,137,137,131,131,131,131,131,131,63,163,145,145,145,150,144,144,131,131,131,131,131,121,92,92,117,40,163,163],"gold":464,"neow_bonus":"","is_daily":false,"chose_seed":false,"campfire_upgraded":5,"win_rate":0.0,"timestamp":1610182625,"path_taken":["M","?","?","$","M","E","R","?","T","?","E","R","?","M","R","BOSS","M","M","M","?","?","NM","M","E","T","M","$","M","?","M","R","BOSS","M","?","M","?","M","R","E","M","T","R","$","M","M","?","R","BOSS"],"items_purchased_type":["Relic","Relic","Card","Relic","Relic","Card","Card","Relic","Potion","Potion","Potion","Relic","Card","Card","Card","Relic","Relic","Relic","Card","Relic","Relic","Relic","Card","Card"],"build_version":"2020-12-22","purchased_purges":4,"victory":false,"max_hp_per_floor":[150,150,150,160,160,160,160,160,160,160,160,160,160,160,160,160,149,163,163,163,163,163,163,163,163,163,163,163,163,163,163,163,163,163,163,163,163,163,163,163,163,163,163,163,163,163,163,163,163,163,163,163],"card_choices":[{"not_picked":[],"picked":"DoctorFetus","floor":0.0},{"not_picked":["rmod:gendarmerie","rmod:fuelsupply"],"picked":"rmod:diamondstrike","floor":1.0},{"not_picked":["rmod:steelsupply","rmod:aluminumsupply","rmod:ammunitionsupply"],"picked":"SKIP","floor":5.0},{"not_picked":["rmod:sl","rmod:circuitoustactics"],"picked":"rmod:saltedfish","floor":6.0},{"not_picked":["rmod:unsinkable","rmod:victimresponsibility"],"picked":"rmod:goodfighter","floor":8.0},{"not_picked":["rmod:gendarmerie","rmod:ammunitionsupply"],"picked":"rmod:supportaircraftcarrier","floor":10.0},{"not_picked":["rmod:lonelyqueen","rmod:rockthrower"],"picked":"Bomb","floor":11.0},{"not_picked":["rmod:unsinkable","rmod:heivgo","rmod:goodsister"],"picked":"SKIP","floor":14.0},{"not_picked":["rmod:windflower","rmod:saltedfish"],"picked":"rmod:u235","floor":16},{"not_picked":["rmod:intelligenceanalysis+1","rmod:combined+1","rmod:ring+1"],"picked":"SKIP","floor":18},{"not_picked":["rmod:tearstotiara","rmod:firesupport"],"picked":"rmod:wife+1","floor":19},{"not_picked":["rmod:combined+1","rmod:advancebysurprise","rmod:firesupport"],"picked":"SKIP","floor":20},{"not_picked":["rmod:intelligenceanalysis+1","rmod:combined+1"],"picked":"rmod:lonelyqueen+1","floor":23},{"not_picked":["rmod:wolves","rmod:smokecover","rmod:aviationdawn","rmod:fuelsupply+1"],"picked":"SKIP","floor":24},{"not_picked":["rmod:tearstotiara","rmod:aluminumsupply","rmod:ammunitionsupply","rmod:unsinkable+1"],"picked":"SKIP","floor":25},{"not_picked":["rmod:rockthrower","rmod:diamondstrike","rmod:steelsupply"],"picked":"rmod:maintain+1","floor":27},{"not_picked":["rmod:windflower","rmod:victimresponsibility+1","rmod:tearstotiara"],"picked":"rmod:fletcherpendant","floor":28},{"not_picked":["rmod:intelligenceanalysis+1","rmod:ammunitionsupply","rmod:capitalist"],"picked":"rmod:abidefaith","floor":28},{"not_picked":["rmod:maintain","rmod:diamondstrike","rmod:supportescort+1"],"picked":"rmod:fletcherpendant+1","floor":28},{"not_picked":["rmod:steelsupply","rmod:fletcher","rmod:windflower"],"picked":"rmod:salvage+1","floor":28},{"not_picked":["rmod:fletcherpendant+1","rmod:tearstotiara","rmod:diamondstrike+1"],"picked":"rmod:circuitoustactics+1","floor":29},{"not_picked":["rmod:combined","rmod:intelligenceanalysis","rmod:fletcherpendant","rmod:luckystar"],"picked":"SKIP","floor":31},{"not_picked":["rmod:desperatesituation","rmod:stealaluminum","rmod:auspiciousomen"],"picked":"rmod:seals","floor":33},{"not_picked":["rmod:smokecover","rmod:diamondstrike","rmod:rockthrower","rmod:aluminumsupply"],"picked":"SKIP","floor":35},{"not_picked":["rmod:ammunitionsupply","rmod:diamondstrike+1","rmod:supportaircraftcarrier+1","rmod:circuitoustactics+1"],"picked":"SKIP","floor":37},{"not_picked":["rmod:supportescort","rmod:fuelsupply","rmod:auspiciousomen","rmod:luckystar+1"],"picked":"SKIP","floor":39},{"not_picked":["rmod:mineteam","rmod:intelligenceanalysis","rmod:tearstotiara","rmod:aluminumsupply"],"picked":"SKIP","floor":41},{"not_picked":["rmod:intelligenceanalysis+1","rmod:unsinkable+1","rmod:sl+1","rmod:fuelsupply+1"],"picked":"SKIP","floor":42},{"not_picked":["rmod:luckystar","rmod:tearstotiara+1","rmod:aluminumsupply+1","rmod:unsinkable+1"],"picked":"SKIP","floor":46},{"not_picked":["rmod:tearstotiara+1","rmod:wife","rmod:victimresponsibility+1"],"picked":"rmod:fletcher","floor":47},{"not_picked":["rmod:timeschanged","rmod:supriseattacks","rmod:seals"],"picked":"rmod:expeditionaryescort","floor":50}],"player_experience":12798,"relics_obtained":[{"floor":1.0,"key":"Baka"},{"floor":6.0,"key":"Incense Burner"},{"floor":11.0,"key":"AnarchistCookbook"},{"floor":13.0,"key":"GnawedLeaf"},{"floor":18,"key":"Mango"},{"floor":21,"key":"Nilry\u0027s Codex"},{"floor":22,"key":"Red Mask"},{"floor":23,"key":"Question Card"},{"floor":25,"key":"CrazyTorch:ReiMu"},{"floor":26,"key":"Orichalcum"},{"floor":29,"key":"Baka2"},{"floor":34,"key":"Tiny Chest"},{"floor":34,"key":"Meat on the Bone"},{"floor":34,"key":"EdensBlessing"},{"floor":36,"key":"infinitespire:Magic Flask"},{"floor":41,"key":"Whetstone"},{"floor":43,"key":"infinitespire:Beetle Shell"}],"event_choices":[{"damage_healed":0.0,"max_hp_gain":0.0,"max_hp_loss":0.0,"gold_gain":100.0,"event_name":"Golden Shrine","player_choice":"Pray","floor":2.0,"gold_loss":0.0,"damage_taken":0.0},{"damage_healed":0.0,"max_hp_gain":0.0,"max_hp_loss":0.0,"gold_gain":0.0,"event_name":"Dead Adventurer","player_choice":"Searched \u00273\u0027 times","floor":10.0,"gold_loss":0.0,"damage_taken":0.0,"relics_obtained":["SharpPlug"]},{"damage_healed":0,"gold_gain":0,"player_choice":"Obtained Book","damage_taken":16,"max_hp_gain":0,"max_hp_loss":0,"event_name":"Cursed Tome","floor":21,"gold_loss":0},{"damage_healed":0,"gold_gain":0,"player_choice":"Fought Bandits","damage_taken":0,"max_hp_gain":0,"max_hp_loss":0,"event_name":"Masked Bandits","floor":22,"gold_loss":0},{"damage_healed":0,"gold_gain":0,"player_choice":"Bet on Owner","damage_taken":0,"max_hp_gain":0,"max_hp_loss":0,"event_name":"The Joust","floor":30,"gold_loss":50},{"damage_healed":0,"gold_gain":0,"player_choice":"Fight","damage_taken":0,"max_hp_gain":0,"max_hp_loss":0,"event_name":"MindBloom","floor":36,"gold_loss":0},{"damage_healed":0,"gold_gain":0,"player_choice":"Embrace Madness","damage_taken":20,"max_hp_gain":0,"max_hp_loss":0,"event_name":"Winding Halls","floor":38,"gold_loss":0,"cards_obtained":["Madness","Madness"]},{"damage_healed":0,"gold_gain":222,"player_choice":"Wore Mask","damage_taken":0,"max_hp_gain":0,"max_hp_loss":0,"event_name":"Tomb of Lord Red Mask","floor":48,"gold_loss":0}],"is_beta":false,"boss_relics":[{"not_picked":["Runic Pyramid","infinitespire:Cupcake"],"picked":"Coffee Dripper"},{"not_picked":[]},{"not_picked":["EasyGame_NEW","rmod:monthlycard"],"picked":"Calling Bell"},{"not_picked":[]},{"not_picked":["Busted Crown","Tiny House"],"picked":"Philosopher\u0027s Stone"},{"not_picked":[]}],"items_purged_floors":[0,4,17,45],"is_endless":true,"potions_floor_spawned":[5,6,14,16,19,22,24,27,29,31,36,39,47,50],"ascension_level":0}}