{"host":"t7rtdu4954o308h4","time":1610196748,"event":{"mods":["ATMod(阿瑾Mod)","AchievementEnabler","Act Like it!","BaseMod","Conspire","GifTheSpireLib","Infinite Spire","Minty Spire (QoL Compilation)","MostiFishMod","Pale of the Ancients","Replay The Spire","StSLib","TestMod","Waifu the Spire","【功能Mod】聪明的最终Boss","【遗物卡牌】REMEMod"],"gold_per_floor":[113,129,149,249,266,266,279,291,291,24,39,39,214,229,229,325,325,340,340,439,439,431,445,429,80,80,115,126,126,126,136,136,238,238,251,271,284,296,315,315,327,537,537],"floor_reached":42,"playtime":1795,"items_purged":["Strike_R","Defend_R"],"score":824,"play_id":"35eef2f1-4a8e-4e2f-9f2a-f823edec2f59","local_time":"20210109205228","is_ascension_mode":true,"campfire_choices":[{"data":"MostiFishMod:CullingBlade","floor":6.0,"key":"SMITH"},{"data":"Reaper","floor":12.0,"key":"SMITH"},{"data":"Armaments","floor":15.0,"key":"SMITH"},{"data":"ReplayTheSpireMod:Strike From Hell","floor":30.0,"key":"SMITH"},{"data":"Infernal Blade","floor":32.0,"key":"SMITH"},{"data":"MostiFishMod:KnuckleDown","floor":40.0,"key":"SMITH"}],"circlet_count":0,"master_deck":["AscendersBane","Strike_R","Strike_R","Strike_R","Strike_R","Defend_R","Defend_R","Defend_R","Bash","conspire:HitWhereItHurts","AT_FamilyPortrait+1","MostiFishMod:CullingBlade+1","Evolve","Battle Trance","Dark Embrace","Defy Death","Seeing Red","ReplayTheSpireMod:Muscle Training","Reaper+1","Rupture","Armaments+1","Doubt","Corruption","CurseOfTheBell","Havoc+1","infinitespire:TheBestDefense","AT_IchimonjiDouble","ReplayTheSpireMod:Strike From Hell+1","Bloodletting","MostiFishMod:Mania+1","Spot Weakness","Infernal Blade+1","Double Tap","AT_BodySlamDance+1","MostiFishMod:KnuckleDown+1","Fiend Fire","infinitespire:Execution"],"relics":["Burning Blood","AT_ATBox","DaveBox","testmod-TestBox","REME_ComplimentaryCards","testmod-BatchProcessingSystem","RhineSuit","SynthV:TestCard","Calling Bell","testmod-OneHitWonder","infinitespire:FocusingShard","testmod-FatalChain","RhineCircuit","REME_OnlineShoppingPlatform","Bronze Scales","Omamori","Garlic","War Paint","Abe\u0027s Treasure","infinitespire:Eraser","Old Coin"],"acts_visited":["Exordium","TheCity","TheBeyond"],"potions_floor_usage":[],"damage_taken":[{"damage":6.0,"enemies":"Cultist","floor":1.0,"turns":3.0},{"damage":6.0,"enemies":"infinitespire:Voidling","floor":2.0,"turns":3.0},{"damage":0.0,"enemies":"conspire:RoseBush","floor":3.0,"turns":2.0},{"damage":2.0,"enemies":"Large Slime","floor":5.0,"turns":4.0},{"damage":0.0,"enemies":"2 Fungi Beasts","floor":7.0,"turns":3.0},{"damage":16.0,"enemies":"conspire:2 RoseBushes","floor":8.0,"turns":3.0},{"damage":2.0,"enemies":"Looter","floor":11.0,"turns":3.0},{"damage":10.0,"enemies":"Large Slime","floor":14.0,"turns":2.0},{"damage":23.0,"enemies":"The Guardian","floor":16.0,"turns":5.0},{"damage":25.0,"enemies":"3 Byrds","floor":18.0,"turns":3.0},{"damage":0.0,"enemies":"Chosen","floor":22.0,"turns":4.0},{"damage":19.0,"enemies":"Snecko","floor":23.0,"turns":3.0},{"damage":9.0,"enemies":"conspire:Head Lice","floor":24.0,"turns":4.0},{"damage":1.0,"enemies":"Slavers","floor":27.0,"turns":2.0},{"damage":3.0,"enemies":"3 Cultists","floor":28.0,"turns":2.0},{"damage":6.0,"enemies":"Centurion and Healer","floor":31.0,"turns":2.0},{"damage":43.0,"enemies":"Collector","floor":33.0,"turns":3.0},{"damage":0.0,"enemies":"Orb Walker","floor":35.0,"turns":1.0},{"damage":14.0,"enemies":"3 Darklings","floor":36.0,"turns":3.0},{"damage":19.0,"enemies":"Spire Growth","floor":37.0,"turns":3.0},{"damage":16.0,"enemies":"Maw","floor":38.0,"turns":3.0},{"damage":0.0,"enemies":"Jaw Worm Horde","floor":39.0,"turns":1.0},{"damage":22.0,"enemies":"Giant Head","floor":41.0,"turns":5.0},{"damage":0.0,"enemies":"infinitespire:Three Voidlings","floor":42.0,"turns":1.0},{"damage":95.0,"enemies":"Nightmare_Alpha","floor":42.0,"turns":6.0}],"seed_played":"-6356402822881281935","potions_obtained":[{"floor":1.0,"key":"LifebloodPotion"},{"floor":8.0,"key":"SteroidPotion"},{"floor":11.0,"key":"BlessingOfTheForge"}],"is_trial":false,"path_per_floor":["M","M","M","?","M","R","M","M","T","$","M","R","?","M","R","B",null,"M","?","?","AVR","M","M","E","$","T","E","M","?","R","M","R","B",null,"M","M","M","M","M","R","E","?"],"character_chosen":"IRONCLAD","items_purchased":["Reaper","Rupture","MostiFishMod:Mania+1","Omamori"],"campfire_rested":0,"item_purchase_floors":[10,10,25,25],"current_hp_per_floor":[72,77,80,80,80,80,80,70,70,70,80,80,80,76,76,59,75,56,36,36,36,52,39,78,78,78,80,80,65,65,83,83,48,76,82,74,61,59,65,65,85,0,0],"gold":537,"neow_bonus":"ONE_RANDOM_RARE_CARD","is_daily":false,"chose_seed":false,"campfire_upgraded":6,"win_rate":0.0,"timestamp":1610196748,"path_taken":["M","M","M","?","M","R","M","M","T","$","?","R","?","M","R","BOSS","M","?","?","AVR","M","M","E","$","T","E","M","?","R","M","R","BOSS","M","M","M","M","M","R","E","?"],"items_purchased_type":["Card","Card","Card","Relic"],"build_version":"2020-12-22","purchased_purges":2,"victory":false,"max_hp_per_floor":[80,80,80,80,80,80,80,80,80,80,80,80,80,80,80,80,80,80,80,80,80,80,80,80,80,80,80,80,85,85,85,85,85,85,85,85,85,85,85,85,85,90,90],"card_choices":[{"not_picked":["Clash","Replay:Undeath\u0027s Touch"],"picked":"Evolve","floor":1.0},{"not_picked":["Sword Boomerang","AT_GerminateFire","Dual Wield","Iron Wave"],"picked":"Battle Trance","floor":2.0},{"not_picked":["AT_IchimonjiDouble","Fire Breathing","ReplayTheSpireMod:Strike From Hell","Iron Wave"],"picked":"Dark Embrace","floor":3.0},{"not_picked":["MostiFishMod:#F4004","ReplayTheSpireMod:Stacked","Heavy Blade","Battle Trance"],"picked":"Defy Death","floor":5.0},{"not_picked":["Armaments","Bloodletting","Limit Break","Second Wind"],"picked":"Seeing Red","floor":7.0},{"not_picked":["Rage","Headbutt","Iron Wave","Clothesline"],"picked":"ReplayTheSpireMod:Muscle Training","floor":8.0},{"not_picked":["AT_ShrugMaster","Clash","Clothesline","AT_DrawKnifeCut"],"picked":"Armaments","floor":11.0},{"not_picked":["Havoc","Perfected Strike","Ghostly Armor","Pommel Strike","Carnage"],"picked":"SKIP","floor":14.0},{"not_picked":["MostiFishMod:OrdinaryWorld","Berserk","Immolate","AT_Dispersion"],"picked":"Corruption","floor":16.0},{"not_picked":["Clash+1","Thunderclap+1","True Grit","Anger"],"picked":"Havoc","floor":18.0},{"not_picked":["infinitespire:Gouge","infinitespire:DeathsTouch"],"picked":"infinitespire:TheBestDefense","floor":19.0},{"not_picked":["Clothesline+1","Sword Boomerang","Thunderclap","Warcry"],"picked":"AT_IchimonjiDouble","floor":22.0},{"not_picked":["Ghostly Armor","Perfected Strike","AT_IchimonjiDouble","Fire Breathing+1"],"picked":"ReplayTheSpireMod:Strike From Hell","floor":23.0},{"not_picked":["REME_TheLastStrike","Twin Strike","Run Through","Body Slam"],"picked":"Bloodletting","floor":24.0},{"not_picked":["Body Slam","Havoc","Thunderclap+1","Bloodletting"],"picked":"Spot Weakness","floor":27.0},{"not_picked":["AT_IchimonjiDouble","Clash+1","Carnage+1","Entrench","Shrug It Off"],"picked":"SKIP","floor":28.0},{"not_picked":["Life Link","Seeing Red","REME_Scribble","MostiFishMod:BrandingRite+1"],"picked":"Infernal Blade","floor":31.0},{"not_picked":["REME_TheLastStrike","MostiFishMod:PerfectStrikeMKII","MostiFishMod:Chiaki","Juggernaut"],"picked":"Double Tap","floor":33.0},{"not_picked":["Cleave","Clash","Replay:Undeath\u0027s Touch","Iron Wave","Shrug It Off+1"],"picked":"SKIP","floor":35.0},{"not_picked":["Feel No Pain","Sword Boomerang","REME_FearOfPain","Flex","Carnage+1"],"picked":"SKIP","floor":36.0},{"not_picked":["Cleave+1","AT_IchimonjiDouble","True Grit","AT_DrawKnifeCut+1"],"picked":"AT_BodySlamDance+1","floor":37.0},{"not_picked":["Uppercut+1","Armaments","ReplayTheSpireMod:Muscle Training","Clothesline","ReplayTheSpireMod:Strike From Hell"],"picked":"SKIP","floor":38.0},{"not_picked":["Flex+1","Havoc","Perfected Strike+1","Bloodletting+1"],"picked":"MostiFishMod:KnuckleDown","floor":39.0},{"not_picked":["Warcry+1","REME_FearOfPain+1","ReplayTheSpireMod:Strike From Hell+1","Iron Wave+1"],"picked":"Fiend Fire","floor":41.0},{"not_picked":["infinitespire:TheBestDefense","infinitespire:NeuralNetwork"],"picked":"infinitespire:Execution","floor":42}],"player_experience":43100,"relics_obtained":[{"floor":1.0,"key":"SynthV:TestCard"},{"floor":17.0,"key":"testmod-OneHitWonder"},{"floor":17.0,"key":"infinitespire:FocusingShard"},{"floor":17.0,"key":"testmod-FatalChain"},{"floor":24.0,"key":"Bronze Scales"},{"floor":26.0,"key":"Garlic"},{"floor":27.0,"key":"War Paint"},{"floor":41.0,"key":"infinitespire:Eraser"},{"floor":42,"key":"Old Coin"}],"event_choices":[{"damage_healed":0.0,"max_hp_gain":0.0,"max_hp_loss":0.0,"gold_gain":100.0,"event_name":"Wheel of Change","player_choice":"Gold","floor":4.0,"gold_loss":0.0,"damage_taken":0.0},{"damage_healed":0.0,"max_hp_gain":0.0,"max_hp_loss":0.0,"gold_gain":175.0,"event_name":"Liars Game","player_choice":"AGREE","floor":13.0,"gold_loss":0.0,"damage_taken":0.0,"cards_obtained":["Doubt"]},{"damage_healed":0.0,"max_hp_gain":0.0,"max_hp_loss":0.0,"gold_gain":99.0,"event_name":"Nest","player_choice":"Stole From Cult","floor":20.0,"gold_loss":0.0,"damage_taken":0.0},{"damage_healed":0.0,"max_hp_gain":5.0,"max_hp_loss":0.0,"gold_gain":0.0,"event_name":"Forgotten Altar","player_choice":"Shed Blood","floor":29.0,"gold_loss":0.0,"damage_taken":20.0}],"is_beta":false,"boss_relics":[{"not_picked":["GuanYuAspect","xbg"],"picked":"Calling Bell"},{"not_picked":["conspire:RunicOctahedron","SynthV:MejaisSoulstealer"],"picked":"Abe\u0027s Treasure"}],"items_purged_floors":[10,25],"is_endless":false,"potions_floor_spawned":[1,8,11,14,22,27,28,31,33,37,38,39,41],"killed_by":"Nightmare_Alpha","ascension_level":10}}