{"host":"qgrlfjrqk9z96gfi","time":1610160033,"event":{"mods":["BaseMod","Block Reminder","Colored Map","DeckTracker","Minty Spire (QoL Compilation)"],"gold_per_floor":[115,115,125,38,38,38,54,86,86,98,98,123,137,155,155,226,226,226,226,226,11,11,11,11,11,11,11,11,11,11,11,11,11,11],"floor_reached":33,"playtime":1141,"items_purged":[],"score":676,"play_id":"1f536442-94f9-443a-8d7e-ed268e96f735","local_time":"20210108164033","is_ascension_mode":true,"campfire_choices":[{"data":"Skewer","floor":6,"key":"SMITH"},{"floor":11,"key":"REST"},{"floor":15,"key":"REST"},{"data":"Burst","floor":23,"key":"SMITH"},{"floor":27,"key":"REST"},{"floor":32,"key":"REST"}],"circlet_count":0,"master_deck":["AscendersBane","Strike_G+1","Strike_G+1","Strike_G+1","Strike_G+1","Defend_G+1","Defend_G+1","Defend_G+1","Defend_G+1","Defend_G+1","Survivor+1","Neutralize","Blade Dance","Skewer+1","Infinite Blades","Crippling Poison+1","Noxious Fumes+1","Finisher","Burst+1","Backflip","Terror","Blade Dance","PiercingWail","Infinite Blades+1","Decay"],"relics":["Philosopher\u0027s Stone","Frozen Egg 2","War Paint","Singing Bowl","Gremlin Horn","Ectoplasm","PreservedInsect","Blue Candle","MealTicket","Juzu Bracelet","Anchor"],"acts_visited":["Exordium","TheCity"],"potions_floor_usage":[8,16,20,28,30,33],"damage_taken":[{"damage":5,"enemies":"Jaw Worm","floor":1,"turns":6},{"damage":0,"enemies":"Cultist","floor":3,"turns":4},{"damage":0,"enemies":"2 Louse","floor":7,"turns":3},{"damage":35,"enemies":"Lagavulin","floor":8,"turns":6},{"damage":0,"enemies":"Red Slaver","floor":10,"turns":3},{"damage":22,"enemies":"3 Sentries","floor":12,"turns":9},{"damage":13,"enemies":"3 Louse","floor":13,"turns":3},{"damage":7,"enemies":"Looter","floor":14,"turns":2},{"damage":15,"enemies":"Hexaghost","floor":16,"turns":9},{"damage":4,"enemies":"Chosen","floor":18,"turns":5},{"damage":28,"enemies":"3 Byrds","floor":20,"turns":4},{"damage":8,"enemies":"Book of Stabbing","floor":24,"turns":3},{"damage":18,"enemies":"Snake Plant","floor":25,"turns":5},{"damage":0,"enemies":"Gremlin Leader","floor":28,"turns":5},{"damage":27,"enemies":"Slavers","floor":30,"turns":5},{"damage":60,"enemies":"Collector","floor":33,"turns":7}],"seed_played":"1026082055926876305","potions_obtained":[{"floor":3,"key":"Explosive Potion"},{"floor":13,"key":"Poison Potion"},{"floor":14,"key":"Block Potion"},{"floor":16,"key":"Ancient Potion"},{"floor":25,"key":"GamblersBrew"},{"floor":28,"key":"Fire Potion"}],"is_trial":false,"path_per_floor":["M","?","M","$","T","R","M","E","T","M","R","E","M","M","R","B",null,"M","?","M","$","?","R","E","M","T","R","E","?","E","$","R","B"],"character_chosen":"THE_SILENT","items_purchased":["Infinite Blades","PreservedInsect","Blade Dance"],"campfire_rested":4,"item_purchase_floors":[4,21,21],"current_hp_per_floor":[54,54,54,54,54,54,54,19,19,21,41,19,8,1,22,7,54,50,70,42,42,42,42,34,18,18,39,39,39,14,29,51,0,0],"gold":11,"neow_bonus":"BOSS_RELIC","is_daily":false,"chose_seed":false,"campfire_upgraded":2,"win_rate":0.0,"timestamp":1610160033,"path_taken":["M","?","M","$","?","R","M","E","T","M","R","E","M","M","R","BOSS","M","?","?","$","?","R","E","M","T","R","E","?","E","?","R","BOSS"],"items_purchased_type":["Card","Relic","Card"],"build_version":"2020-12-22","purchased_purges":0,"victory":false,"max_hp_per_floor":[66,66,66,66,66,66,66,66,66,68,68,68,70,70,70,70,70,70,70,70,70,70,70,70,72,72,72,72,72,74,74,74,74,74],"card_choices":[{"not_picked":["Poisoned Stab","Bane"],"picked":"Blade Dance","floor":1},{"not_picked":["Acrobatics","Flying Knee"],"picked":"Skewer","floor":3},{"not_picked":["Dagger Throw","Acrobatics"],"picked":"Crippling Poison","floor":7},{"not_picked":["Night Terror","Tactician","Sucker Punch"],"picked":"SKIP","floor":8},{"not_picked":["Acrobatics","Reflex","Dagger Spray"],"picked":"Singing Bowl","floor":10},{"not_picked":["Outmaneuver","Predator"],"picked":"Noxious Fumes+1","floor":12},{"not_picked":["Caltrops+1","Underhanded Strike","All Out Attack"],"picked":"Singing Bowl","floor":13},{"not_picked":["Flying Knee","Quick Slash"],"picked":"Finisher","floor":14},{"not_picked":["Night Terror","Doppelganger"],"picked":"Burst","floor":16},{"not_picked":["Flechettes","Bane+1"],"picked":"Backflip","floor":18},{"not_picked":["Deadly Poison","Cloak And Dagger"],"picked":"Terror","floor":20},{"not_picked":["Dash","Backflip"],"picked":"PiercingWail","floor":24},{"not_picked":["Underhanded Strike","Eviscerate","Noxious Fumes+1"],"picked":"Singing Bowl","floor":25},{"not_picked":["Flying Knee","Outmaneuver"],"picked":"Infinite Blades+1","floor":28},{"not_picked":["Flechettes","Storm of Steel","Sucker Punch"],"picked":"Singing Bowl","floor":30}],"player_experience":980018,"relics_obtained":[{"floor":5,"key":"Frozen Egg 2"},{"floor":8,"key":"War Paint"},{"floor":9,"key":"Singing Bowl"},{"floor":12,"key":"Gremlin Horn"},{"floor":24,"key":"Blue Candle"},{"floor":26,"key":"MealTicket"},{"floor":28,"key":"Juzu Bracelet"},{"floor":30,"key":"Anchor"}],"event_choices":[{"cards_removed":["Strike_G"],"damage_healed":0,"gold_gain":0,"player_choice":"Purged","damage_taken":0,"max_hp_gain":0,"max_hp_loss":0,"event_name":"Purifier","floor":2,"gold_loss":0},{"damage_healed":20,"gold_gain":0,"player_choice":"Full Heal","damage_taken":0,"max_hp_gain":0,"max_hp_loss":0,"event_name":"Wheel of Change","floor":19,"gold_loss":0},{"damage_healed":0,"gold_gain":0,"player_choice":"Simplicity","damage_taken":0,"max_hp_gain":0,"max_hp_loss":0,"event_name":"Back to Basics","floor":22,"gold_loss":0,"cards_upgraded":["Strike_G","Strike_G","Strike_G","Strike_G","Defend_G","Defend_G","Defend_G","Defend_G","Defend_G"]},{"damage_healed":0,"gold_gain":0,"player_choice":"Smashed Altar","damage_taken":0,"max_hp_gain":0,"max_hp_loss":0,"event_name":"Forgotten Altar","floor":29,"gold_loss":0,"cards_obtained":["Decay"]}],"is_beta":false,"boss_relics":[{"not_picked":["HoveringKite","Coffee Dripper"],"picked":"Ectoplasm"}],"items_purged_floors":[],"is_endless":false,"potions_floor_spawned":[3,13,14,16,25,28],"killed_by":"Collector","ascension_level":20}}