{"host":"tcdxiwht2vajk3tk","time":1610159340,"event":{"mods":["AchievementEnabler","BaseMod","Beaked The Cultist","Conspire","Defuse TimeMaze Blight","Downfall","Halation","Hermit","Hubris","Infinite Spire","Lobotomy","Minty Spire (QoL Compilation)","Replay The Spire","Shop Mod","StSLib","The Cursed","The Disciple","vexMod"],"gold_per_floor":[113,113,127,142,154,189,189,189,189],"floor_reached":8,"playtime":711,"items_purged":[],"score":75,"play_id":"f2b91965-ff46-4fe8-bed8-55ae56b46a1f","local_time":"20210108212900","is_ascension_mode":true,"campfire_choices":[{"floor":7,"key":"REST"}],"circlet_count":0,"master_deck":["beaked:Strike_Y","beaked:Strike_Y","beaked:Strike_Y","beaked:Strike_Y","beaked:Strike_Y","beaked:Strike_Y","beaked:Defend_Y","beaked:Defend_Y","beaked:Defend_Y","beaked:Defend_Y","beaked:Ceremony","beaked:Ceremony","beaked:Ceremony+1","MHz","beaked:MachineSpirit","FieryBird","beaked:Foresight","LittleHelper","beaked:Cower","HeroicMonk","beaked:TuckingFeathers","OSAHOGD","beaked:Evade"],"relics":["beaked:MendingPlumage","CogitoBucket","Omamori"],"acts_visited":["Exordium"],"potions_floor_usage":[6,6,6],"damage_taken":[{"damage":11,"enemies":"Cultist","floor":1,"turns":4},{"damage":21,"enemies":"Small Slimes","floor":3,"turns":4},{"damage":21,"enemies":"2 Louse","floor":4,"turns":4},{"damage":43,"enemies":"Blue Slaver","floor":5,"turns":8},{"damage":35,"enemies":"Lagavulin","floor":6,"turns":9},{"damage":55,"enemies":"3 Sentries","floor":8,"turns":6}],"seed_played":"-7966777457554352770","potions_obtained":[{"floor":3,"key":"Flashbang"},{"floor":4,"key":"Strength Potion"},{"floor":5,"key":"Explosive Potion"}],"is_trial":false,"path_per_floor":["M","?","M","M","M","E","R","E"],"character_chosen":"BEAKED_THE_CULTIST","items_purchased":[],"campfire_rested":1,"item_purchase_floors":[],"current_hp_per_floor":[43,43,33,29,14,11,26,0,0],"gold":189,"neow_bonus":"","is_daily":false,"chose_seed":false,"campfire_upgraded":0,"win_rate":0.0,"timestamp":1610159340,"path_taken":["M","?","?","M","M","E","R","E"],"items_purchased_type":[],"build_version":"2020-12-22","purchased_purges":0,"victory":false,"max_hp_per_floor":[50,50,50,50,50,50,50,50,50],"card_choices":[{"not_picked":["WallGazer","OldLady","FairyFestival"],"picked":"Singing Bowl","floor":1},{"not_picked":["BeautyBeast","ShyLook"],"picked":"MHz","floor":1},{"not_picked":["beaked:Roost","beaked:Tradeoff"],"picked":"beaked:MachineSpirit","floor":1},{"not_picked":["OSAHOGD","SingingMachine"],"picked":"FieryBird","floor":3},{"not_picked":["beaked:StunningBlow","ReplayTheSpireMod:Wings of Steel"],"picked":"beaked:Foresight","floor":3},{"not_picked":["GreedKing","Wellcheers","WhitesApple"],"picked":"Singing Bowl","floor":4},{"not_picked":["Murderer","CherryBlossoms"],"picked":"LittleHelper","floor":4},{"not_picked":["beaked:Tradeoff","beaked:Poke"],"picked":"beaked:Cower","floor":4},{"not_picked":["Laetitia","BigBadWolf","Murderer"],"picked":"Singing Bowl","floor":5},{"not_picked":["OldLady","OSAHOGD"],"picked":"HeroicMonk","floor":5},{"not_picked":["ReplayTheSpireMod:Wings of Steel","beaked:Daydream"],"picked":"beaked:TuckingFeathers","floor":5},{"not_picked":["Rudolta","UniverseFragment","Scorched"],"picked":"Singing Bowl","floor":6},{"not_picked":["Bloodbath","Yin"],"picked":"OSAHOGD","floor":6},{"not_picked":["beaked:Struggle","beaked:Tradeoff"],"picked":"beaked:Evade","floor":6}],"player_experience":1536386,"relics_obtained":[{"floor":6,"key":"Omamori"}],"event_choices":[{"damage_healed":0,"gold_gain":0,"player_choice":"Upgraded","damage_taken":0,"max_hp_gain":0,"max_hp_loss":0,"event_name":"Upgrade Shrine","floor":2,"gold_loss":0,"cards_upgraded":["beaked:Ceremony"]}],"is_beta":false,"boss_relics":[],"items_purged_floors":[],"is_endless":false,"potions_floor_spawned":[3,4,5],"killed_by":"3 Sentries","ascension_level":6}}