{"host":"5wznv0010959mrmz","time":1610165802,"event":{"mods":["BaseMod","Highlight Path","Minty Spire (QoL Compilation)","Relic Stats"],"gold_per_floor":[10,25,43,63,78,103,103,123,123,135,135,145,171,171,171,245,245,261,280,293,293,57,85,95,95,95,95,106,124,124,140,140,212,212,230,255,270,285,303,337,337,337,337,369,105,122,122,135,135,135,135,135,135,49,78,78,78],"floor_reached":56,"playtime":2596,"items_purged":["Decay","Normality"],"score":2049,"play_id":"aabf6a8a-f78e-4d9a-86b4-f3b04bb4ad2c","local_time":"20210108221642","is_ascension_mode":true,"campfire_choices":[{"data":"Accuracy","floor":7,"key":"SMITH"},{"data":"Wraith Form v2","floor":11,"key":"SMITH"},{"data":"Malaise","floor":15,"key":"SMITH"},{"floor":25,"key":"REST"},{"data":"Cloak And Dagger","floor":27,"key":"SMITH"},{"floor":30,"key":"REST"},{"data":"Calculated Gamble","floor":32,"key":"SMITH"},{"data":"Adrenaline","floor":41,"key":"SMITH"},{"floor":49,"key":"RECALL"},{"data":"Calculated Gamble","floor":53,"key":"SMITH"}],"circlet_count":0,"master_deck":["AscendersBane","Strike_G","Strike_G","Strike_G","Strike_G","Strike_G","Defend_G","Defend_G","Defend_G","Defend_G","Defend_G","Survivor","Neutralize","Blade Dance+1","Dagger Throw","Wraith Form v2+1","Backstab","Accuracy+1","Terror","Calculated Gamble+1","Tactician","Blade Dance+1","Cloak And Dagger+1","Blade Dance","Malaise+1","Reflex","Adrenaline+1","Well Laid Plans+1","Backflip","Tools of the Trade","Decay","Dash","Calculated Gamble+1","Corpse Explosion","Acrobatics+1","Finisher+1","Adrenaline+1","Madness+1","Madness+1","Blur+1","Footwork"],"relics":["Ring of the Snake","Prayer Wheel","Mercury Hourglass","Gremlin Horn","Odd Mushroom","Cursed Key","War Paint","Tough Bandages","WristBlade","Unceasing Top","Toxic Egg 2","HornCleat","Lee\u0027s Waffle","Oddly Smooth Stone"],"acts_visited":["Exordium","TheCity","TheBeyond","TheEnding"],"potions_floor_usage":[4,6,6,13,23,33,33,40,50,50,56],"damage_taken":[{"damage":12,"enemies":"Jaw Worm","floor":1,"turns":7},{"damage":1,"enemies":"Small Slimes","floor":2,"turns":4},{"damage":0,"enemies":"2 Louse","floor":3,"turns":4},{"damage":8,"enemies":"Large Slime","floor":4,"turns":8},{"damage":0,"enemies":"2 Fungi Beasts","floor":5,"turns":3},{"damage":0,"enemies":"Lagavulin","floor":6,"turns":4},{"damage":1,"enemies":"Red Slaver","floor":8,"turns":3},{"damage":8,"enemies":"Exordium Wildlife","floor":10,"turns":3},{"damage":1,"enemies":"Looter","floor":12,"turns":2},{"damage":0,"enemies":"The Mushroom Lair","floor":13,"turns":2},{"damage":13,"enemies":"Hexaghost","floor":16,"turns":7},{"damage":0,"enemies":"Chosen","floor":18,"turns":3},{"damage":1,"enemies":"3 Byrds","floor":19,"turns":4},{"damage":32,"enemies":"Snake Plant","floor":20,"turns":4},{"damage":10,"enemies":"Book of Stabbing","floor":23,"turns":5},{"damage":0,"enemies":"3 Cultists","floor":24,"turns":4},{"damage":15,"enemies":"Centurion and Healer","floor":28,"turns":6},{"damage":0,"enemies":"Snecko","floor":29,"turns":3},{"damage":0,"enemies":"Chosen and Byrds","floor":31,"turns":3},{"damage":14,"enemies":"Automaton","floor":33,"turns":7},{"damage":0,"enemies":"3 Shapes","floor":35,"turns":2},{"damage":0,"enemies":"Mind Bloom Boss Battle","floor":36,"turns":5},{"damage":0,"enemies":"3 Darklings","floor":37,"turns":2},{"damage":8,"enemies":"4 Shapes","floor":38,"turns":2},{"damage":0,"enemies":"Maw","floor":39,"turns":5},{"damage":9,"enemies":"Nemesis","floor":40,"turns":5},{"damage":22,"enemies":"Giant Head","floor":44,"turns":6},{"damage":0,"enemies":"Sphere and 2 Shapes","floor":46,"turns":3},{"damage":0,"enemies":"3 Darklings","floor":48,"turns":2},{"damage":19,"enemies":"Awakened One","floor":50,"turns":5},{"damage":26,"enemies":"Time Eater","floor":51,"turns":7},{"damage":0,"enemies":"Shield and Spear","floor":55,"turns":5},{"damage":61,"enemies":"The Heart","floor":56,"turns":6}],"seed_played":"-1716074796485261152","potions_obtained":[{"floor":1,"key":"Energy Potion"},{"floor":3,"key":"EssenceOfSteel"},{"floor":5,"key":"CultistPotion"},{"floor":10,"key":"DistilledChaos"},{"floor":18,"key":"AttackPotion"},{"floor":28,"key":"CultistPotion"},{"floor":31,"key":"EssenceOfSteel"},{"floor":33,"key":"EssenceOfSteel"},{"floor":39,"key":"SkillPotion"},{"floor":40,"key":"CultistPotion"}],"is_trial":false,"path_per_floor":["M","M","M","M","M","E","R","M","T","M","R","M","?","?","R","B",null,"M","M","M","?","$","E","M","R","T","R","M","M","R","M","R","B",null,"M","?","M","M","M","E","R","?","T","E","$","M","?","M","R","B","B",null,"R","$","E","B"],"character_chosen":"THE_SILENT","items_purchased":["Tools of the Trade","Lee\u0027s Waffle","LiquidMemories"],"campfire_rested":2,"item_purchase_floors":[22,45,54],"current_hp_per_floor":[47,46,46,38,38,38,38,37,37,29,29,28,28,28,28,15,53,53,52,20,20,20,10,10,29,29,29,14,14,33,33,33,19,54,54,54,54,46,46,37,37,37,37,15,73,73,60,60,60,41,15,59,59,59,59,0,0],"gold":78,"neow_bonus":"ONE_RARE_RELIC","is_daily":false,"chose_seed":false,"campfire_upgraded":7,"win_rate":0.0,"timestamp":1610165802,"path_taken":["M","M","M","M","M","E","R","M","T","M","R","M","?","?","R","BOSS","M","M","M","?","$","E","M","R","T","R","M","M","R","M","R","BOSS","M","?","M","M","M","E","R","?","T","E","$","M","?","M","R","BOSS","BOSS","R","$","E","BOSS"],"items_purchased_type":["Card","Relic","Potion"],"build_version":"2020-12-22","purchased_purges":2,"victory":false,"max_hp_per_floor":[66,66,66,66,66,66,66,66,66,66,66,66,66,66,66,66,66,66,66,66,66,66,66,66,66,66,66,66,66,66,66,66,66,66,66,66,66,66,66,66,66,66,66,66,73,73,73,73,73,73,73,73,73,73,73,73,73],"relic_stats":{"Tough Bandages":[522],"Lee\u0027s Waffle":58,"Gremlin Horn":[20,20],"counters":[33,141],"Prayer Wheel":21,"War Paint":["Blade Dance","Blade Dance"],"Cursed Key":2,"obtain_stats":[{"Lee\u0027s Waffle":45,"Gremlin Horn":9,"Oddly Smooth Stone":55,"Odd Mushroom":13,"War Paint":23,"Cursed Key":17,"Mercury Hourglass":6,"Tough Bandages":26,"HornCleat":44,"WristBlade":34,"Prayer Wheel":0,"Toxic Egg 2":40,"Unceasing Top":36,"Ring of the Snake":0},{"Lee\u0027s Waffle":27,"Gremlin Horn":7,"Oddly Smooth Stone":32,"Odd Mushroom":10,"War Paint":15,"Cursed Key":11,"Mercury Hourglass":6,"Tough Bandages":16,"HornCleat":27,"WristBlade":20,"Prayer Wheel":0,"Toxic Egg 2":26,"Unceasing Top":22,"Ring of the Snake":0},{"Lee\u0027s Waffle":113,"Gremlin Horn":33,"Oddly Smooth Stone":135,"Odd Mushroom":40,"War Paint":63,"Cursed Key":47,"Mercury Hourglass":30,"Tough Bandages":67,"HornCleat":113,"WristBlade":86,"Prayer Wheel":0,"Toxic Egg 2":107,"Unceasing Top":93,"Ring of the Snake":0}],"Unceasing Top":[4],"Ring of the Snake":[66],"Mercury Hourglass":[444]},"card_choices":[{"not_picked":["Underhanded Strike","Backflip"],"picked":"Blade Dance","floor":1},{"not_picked":["Crippling Poison","Finisher"],"picked":"Dagger Throw","floor":1},{"not_picked":["Quick Slash","Deflect"],"picked":"Wraith Form v2","floor":2},{"not_picked":["Setup","Infinite Blades","Underhanded Strike"],"picked":"SKIP","floor":2},{"not_picked":["Dodge and Roll","Underhanded Strike"],"picked":"Backstab","floor":3},{"not_picked":["Heel Hook","Cloak And Dagger"],"picked":"Accuracy","floor":3},{"not_picked":["Backstab","Acrobatics"],"picked":"Terror","floor":4},{"not_picked":["Backstab","Distraction","Endless Agony"],"picked":"SKIP","floor":4},{"not_picked":["Skewer","Deadly Poison"],"picked":"Calculated Gamble","floor":5},{"not_picked":["Prepared","Deadly Poison","A Thousand Cuts"],"picked":"SKIP","floor":5},{"not_picked":["Dagger Throw","Bouncing Flask"],"picked":"Tactician","floor":6},{"not_picked":["Finisher","Well Laid Plans"],"picked":"Blade Dance","floor":8},{"not_picked":["Slice","Tactician","PiercingWail"],"picked":"SKIP","floor":8},{"not_picked":["Dodge and Roll","Acrobatics"],"picked":"Cloak And Dagger","floor":10},{"not_picked":["PiercingWail","Poisoned Stab","Bane"],"picked":"SKIP","floor":10},{"not_picked":["Backflip","Dagger Spray"],"picked":"Blade Dance","floor":12},{"not_picked":["Endless Agony","Concentrate"],"picked":"Malaise","floor":12},{"not_picked":["Poisoned Stab","Bane"],"picked":"Reflex","floor":13},{"not_picked":["Wraith Form v2","Phantasmal Killer"],"picked":"Adrenaline","floor":16},{"not_picked":["Prepared","Endless Agony","Deflect"],"picked":"SKIP","floor":18},{"not_picked":["Catalyst","Flying Knee","Slice"],"picked":"SKIP","floor":18},{"not_picked":["Sucker Punch+1","Deflect","Infinite Blades"],"picked":"SKIP","floor":19},{"not_picked":["Wraith Form v2","Dodge and Roll","Terror"],"picked":"SKIP","floor":19},{"not_picked":["Skewer","Masterful Stab"],"picked":"Well Laid Plans+1","floor":20},{"not_picked":["Eviscerate","Flying Knee"],"picked":"Backflip","floor":20},{"not_picked":["Accuracy","Expertise","Flechettes"],"picked":"SKIP","floor":23},{"not_picked":["Poisoned Stab","Backflip","Concentrate"],"picked":"SKIP","floor":24},{"not_picked":["Flying Knee+1","Terror","Outmaneuver+1"],"picked":"SKIP","floor":24},{"not_picked":["Slice","Sucker Punch"],"picked":"Dash","floor":28},{"not_picked":["Well Laid Plans","Footwork"],"picked":"Calculated Gamble","floor":28},{"not_picked":["Reflex","Envenom","Heel Hook"],"picked":"SKIP","floor":29},{"not_picked":["Sucker Punch+1","Quick Slash","Concentrate"],"picked":"SKIP","floor":29},{"not_picked":["Terror+1","Distraction","Bouncing Flask+1"],"picked":"SKIP","floor":31},{"not_picked":["Quick Slash","Cloak And Dagger","PiercingWail"],"picked":"SKIP","floor":31},{"not_picked":["Night Terror","Envenom"],"picked":"Corpse Explosion","floor":33},{"not_picked":["Cloak And Dagger","Slice"],"picked":"Acrobatics+1","floor":35},{"not_picked":["Heel Hook","Dagger Spray+1"],"picked":"Finisher+1","floor":35},{"not_picked":["Tactician","Distraction","Dodge and Roll"],"picked":"SKIP","floor":37},{"not_picked":["Accuracy","Bane","Dash+1"],"picked":"SKIP","floor":37},{"not_picked":["Bane","Concentrate","Finisher"],"picked":"SKIP","floor":38},{"not_picked":["Quick Slash","Dagger Spray","Acrobatics"],"picked":"SKIP","floor":38},{"not_picked":["Envenom","Dagger Throw","Choke+1"],"picked":"SKIP","floor":39},{"not_picked":["Poisoned Stab","Infinite Blades","PiercingWail"],"picked":"SKIP","floor":39},{"not_picked":["Reflex+1","Leg Sweep+1"],"picked":"Adrenaline+1","floor":40},{"not_picked":["Dagger Spray","Quick Slash+1","Bane"],"picked":"SKIP","floor":44},{"not_picked":["Flechettes+1","Eviscerate","Poisoned Stab"],"picked":"SKIP","floor":46},{"not_picked":["Slice","Terror+1","Dagger Spray+1"],"picked":"SKIP","floor":46},{"not_picked":["Predator+1","Dagger Spray"],"picked":"Blur+1","floor":48},{"not_picked":["Outmaneuver+1","Dash","Flying Knee+1"],"picked":"SKIP","floor":48},{"not_picked":["Backstab","Deflect+1"],"picked":"Footwork","floor":55}],"player_experience":419256,"relics_obtained":[{"floor":6,"key":"Mercury Hourglass"},{"floor":9,"key":"Gremlin Horn"},{"floor":13,"key":"Odd Mushroom"},{"floor":23,"key":"War Paint"},{"floor":26,"key":"Tough Bandages"},{"floor":36,"key":"Unceasing Top"},{"floor":40,"key":"Toxic Egg 2"},{"floor":44,"key":"HornCleat"},{"floor":55,"key":"Oddly Smooth Stone"}],"event_choices":[{"damage_healed":0,"gold_gain":0,"player_choice":"Fought Mushrooms","damage_taken":0,"max_hp_gain":0,"max_hp_loss":0,"event_name":"Mushrooms","floor":13,"gold_loss":0},{"damage_healed":0,"gold_gain":0,"player_choice":"Fled","damage_taken":0,"max_hp_gain":0,"max_hp_loss":0,"event_name":"Scrap Ooze","floor":14,"gold_loss":0},{"damage_healed":0,"gold_gain":0,"player_choice":"Smashed Altar","damage_taken":0,"max_hp_gain":0,"max_hp_loss":0,"event_name":"Forgotten Altar","floor":21,"gold_loss":0,"cards_obtained":["Decay"]},{"damage_healed":0,"gold_gain":0,"player_choice":"Fight","damage_taken":0,"max_hp_gain":0,"max_hp_loss":0,"event_name":"MindBloom","floor":36,"gold_loss":0},{"damage_healed":0,"gold_gain":0,"player_choice":"Memory 1","damage_taken":0,"max_hp_gain":0,"max_hp_loss":0,"event_name":"SensoryStone","floor":42,"gold_loss":0},{"damage_healed":0,"gold_gain":0,"player_choice":"Embrace Madness","damage_taken":13,"max_hp_gain":0,"max_hp_loss":0,"event_name":"Winding Halls","floor":47,"gold_loss":0,"cards_obtained":["Madness","Madness"]}],"is_beta":false,"boss_relics":[{"not_picked":["SlaversCollar","Astrolabe"],"picked":"Cursed Key"},{"not_picked":["Tiny House","Pandora\u0027s Box"],"picked":"WristBlade"}],"items_purged_floors":[22,45],"is_endless":false,"potions_floor_spawned":[1,3,5,10,18,28,31,33,39,40,46,48],"killed_by":"The Heart","ascension_level":20}}