{"host":"sav7uxregyirlf69","time":1610169835,"event":{"mods":["AchievementEnabler","BaseMod","Colored Map","DeckTracker","Keyboard Shortcuts","Minty Spire (QoL Compilation)","READ ME - Guardian Mod","StSLib","SuperFastMode"],"gold_per_floor":[111,111,130,130,140,140,154,154,154,186,186,198,211,226,226,305,305,325,337,182,232,232,261,261,261,261,12,0,34,47,59,59,59,59],"floor_reached":33,"playtime":493,"items_purged":["Strike_G"],"score":649,"play_id":"e057e4d9-02c8-4c04-b9fa-7e5dc1cdb78e","local_time":"20210109142355","is_ascension_mode":true,"campfire_choices":[{"data":"Bouncing Flask","floor":6.0,"key":"SMITH"},{"data":"Catalyst","floor":15.0,"key":"SMITH"},{"floor":24,"key":"REST"},{"floor":32,"key":"REST"}],"circlet_count":0,"master_deck":["AscendersBane","Strike_G","Strike_G","Strike_G","Defend_G","Defend_G","Defend_G","Defend_G","Defend_G+1","Survivor","Neutralize+1","Bouncing Flask+1","All Out Attack","Catalyst+1","Corpse Explosion","Noxious Fumes","Reflex"],"relics":["Ring of the Snake","Singing Bowl","Philosopher\u0027s Stone","Shovel","Girya","Potion Belt","The Specimen"],"acts_visited":["Exordium","TheCity"],"potions_floor_usage":[23,29,31,33],"damage_taken":[{"damage":0.0,"enemies":"Jaw Worm","floor":1.0,"turns":6.0},{"damage":7.0,"enemies":"Small Slimes","floor":3.0,"turns":4.0},{"damage":0.0,"enemies":"2 Louse","floor":5.0,"turns":3.0},{"damage":5.0,"enemies":"Exordium Thugs","floor":7.0,"turns":4.0},{"damage":6.0,"enemies":"Lagavulin","floor":10.0,"turns":5.0},{"damage":0.0,"enemies":"2 Fungi Beasts","floor":12.0,"turns":2.0},{"damage":3.0,"enemies":"Looter","floor":13.0,"turns":3.0},{"damage":4.0,"enemies":"Large Slime","floor":14.0,"turns":6.0},{"damage":2.0,"enemies":"The Guardian","floor":16.0,"turns":7.0},{"damage":0.0,"enemies":"Chosen","floor":18.0,"turns":3.0},{"damage":31.0,"enemies":"3 Byrds","floor":19.0,"turns":3.0},{"damage":23,"enemies":"Book of Stabbing","floor":23,"turns":4},{"damage":27,"enemies":"Slavers","floor":29,"turns":3},{"damage":0,"enemies":"Snake Plant","floor":30,"turns":2},{"damage":12,"enemies":"Centurion and Healer","floor":31,"turns":3},{"damage":50,"enemies":"Collector","floor":33,"turns":5}],"seed_played":"-336855512429451435","potions_obtained":[{"floor":1.0,"key":"Poison Potion"},{"floor":5.0,"key":"CunningPotion"},{"floor":11.0,"key":"SkillPotion"},{"floor":11.0,"key":"EssenceOfSteel"},{"floor":19.0,"key":"GamblersBrew"},{"floor":23,"key":"SkillPotion"},{"floor":30,"key":"GhostInAJar"}],"is_trial":false,"path_per_floor":["M","?","M","?","M","R","M","?","T","E","?","M","M","M","R","B",null,"M","M","$","?","?","E","R","?","T","$","?","E","M","M","R","B"],"character_chosen":"THE_SILENT","items_purchased":["DuplicationPotion","Reflex","Potion Belt"],"campfire_rested":2,"item_purchase_floors":[20,27,27],"current_hp_per_floor":[65,70,63,40,40,40,35,35,35,31,31,33,30,28,28,26,69,71,40,40,40,40,19,45,45,45,45,45,20,22,12,39,0,0],"gold":59,"neow_bonus":"TEN_PERCENT_HP_BONUS","is_daily":false,"chose_seed":false,"campfire_upgraded":2,"win_rate":0.0,"timestamp":1610169835,"path_taken":["M","?","M","?","M","R","M","?","T","E","?","M","?","M","R","BOSS","M","M","$","?","?","E","R","?","T","$","?","E","M","?","R","BOSS"],"items_purchased_type":["Potion","Card","Relic"],"build_version":"2020-12-22","purchased_purges":1,"victory":false,"max_hp_per_floor":[72,77,77,77,77,77,77,77,77,79,79,81,81,83,83,83,83,85,85,85,85,85,87,87,87,87,87,87,89,91,93,93,93,93],"card_choices":[{"not_picked":["Dagger Throw","Deflect"],"picked":"Bouncing Flask","floor":1.0},{"not_picked":["Blade Dance","Slice","Deflect"],"picked":"SKIP","floor":3.0},{"not_picked":["Blade Dance","Backflip","Acrobatics"],"picked":"SKIP","floor":5.0},{"not_picked":["Blur","Concentrate"],"picked":"All Out Attack","floor":7.0},{"not_picked":["Riddle With Holes","Cloak And Dagger","Acrobatics"],"picked":"Singing Bowl","floor":10.0},{"not_picked":["Quick Slash","Dagger Spray","Envenom"],"picked":"Singing Bowl","floor":12.0},{"not_picked":["Outmaneuver","Bouncing Flask"],"picked":"Catalyst","floor":13.0},{"not_picked":["Backflip","Underhanded Strike","PiercingWail"],"picked":"Singing Bowl","floor":14.0},{"not_picked":["Bullet Time","Storm of Steel"],"picked":"Corpse Explosion","floor":16.0},{"not_picked":["Cloak And Dagger","Choke","Flying Knee"],"picked":"Singing Bowl","floor":18.0},{"not_picked":["Footwork","Endless Agony"],"picked":"Noxious Fumes","floor":19.0},{"not_picked":["Skewer","Accuracy","Outmaneuver"],"picked":"Singing Bowl","floor":23},{"not_picked":["Outmaneuver","Acrobatics","Choke"],"picked":"Singing Bowl","floor":29},{"not_picked":["Sucker Punch","Outmaneuver","Poisoned Stab"],"picked":"Singing Bowl","floor":30},{"not_picked":["Endless Agony","Dagger Throw","Backstab+1"],"picked":"Singing Bowl","floor":31}],"player_experience":1210067,"relics_obtained":[{"floor":10.0,"key":"Singing Bowl"},{"floor":23,"key":"Shovel"},{"floor":26,"key":"Girya"},{"floor":29,"key":"The Specimen"}],"event_choices":[{"damage_healed":0.0,"max_hp_gain":5.0,"max_hp_loss":0.0,"gold_gain":0.0,"event_name":"Big Fish","player_choice":"Donut","floor":2.0,"gold_loss":0.0,"damage_taken":0.0},{"damage_healed":0.0,"max_hp_gain":0.0,"max_hp_loss":0.0,"gold_gain":0.0,"event_name":"Shining Light","player_choice":"Entered Light","floor":4.0,"gold_loss":0.0,"damage_taken":23.0,"cards_upgraded":["Defend_G","Neutralize"]},{"damage_healed":0.0,"max_hp_gain":0.0,"max_hp_loss":0.0,"gold_gain":0.0,"event_name":"Dead Adventurer","player_choice":"Searched \u00270\u0027 times","floor":8.0,"gold_loss":0.0,"damage_taken":0.0},{"damage_healed":0.0,"max_hp_gain":0.0,"max_hp_loss":0.0,"gold_gain":0.0,"event_name":"Lab","player_choice":"Got Potions","floor":11.0,"gold_loss":0.0,"damage_taken":0.0},{"damage_healed":0.0,"max_hp_gain":0.0,"max_hp_loss":0.0,"gold_gain":50.0,"event_name":"Nest","player_choice":"Stole From Cult","floor":21.0,"gold_loss":0.0,"damage_taken":0.0},{"damage_healed":0,"gold_gain":0,"player_choice":"Ignored","damage_taken":0,"max_hp_gain":0,"max_hp_loss":0,"event_name":"Cursed Tome","floor":22,"gold_loss":0},{"cards_removed":["Strike_G"],"damage_healed":0,"gold_gain":0,"player_choice":"Elegance","damage_taken":0,"max_hp_gain":0,"max_hp_loss":0,"event_name":"Back to Basics","floor":25,"gold_loss":0},{"damage_healed":0,"gold_gain":0,"player_choice":"Paid Fearfully","damage_taken":0,"max_hp_gain":0,"max_hp_loss":0,"event_name":"Masked Bandits","floor":28,"gold_loss":12}],"is_beta":false,"boss_relics":[{"not_picked":["WristBlade","Snecko Eye"],"picked":"Philosopher\u0027s Stone"}],"items_purged_floors":[20],"is_endless":false,"potions_floor_spawned":[1,5,12,13,14,19,23,30],"killed_by":"Collector","ascension_level":20}}