{"host":"Connor","time":1610152912,"event":{"mods":["Aspiration","BaseMod","Downfall","Hubris","Marisa????????","Minty Spire (QoL Compilation)","Replay The Spire","StSLib","The Cursed","The Jungle","The Servant 0.9.4"],"gold_per_floor":[118,28,46,56,6,6,23,23,23,49,74,74,114,135,135,221,221,250,54,82,82,82,156,156,208,263,263,33,84,84,84,84,173,173,193,235,235,335,371,426,39,101,154,154,196,259,114,144,144,174,174,174,24,66,78],"floor_reached":56,"playtime":3692,"items_purged":["Strike_R","Strike_R"],"score":2147,"play_id":"a31fb928-5d55-4b34-b397-c46a689f2396","local_time":"20210108164152","is_ascension_mode":true,"campfire_choices":[{"floor":6,"key":"RECALL"},{"data":"Strike_R","floor":15,"key":"PURGE"},{"data":"Magnetism","floor":24,"key":"SMITH"},{"data":"Iron Wave","floor":30,"key":"SMITH"},{"floor":32,"key":"DIG"},{"data":"expansioncontent:Corrupt","floor":44,"key":"SMITH"},{"data":"Barricade","floor":52,"key":"SMITH"}],"circlet_count":0,"master_deck":["AscendersBane","Strike_R","Defend_R","Defend_R","Defend_R","Bash","Ghostly Armor","Rage","Rampage","Iron Wave+1","ReplayTheSpireMod:Strike From Hell","Berserk","Hemogenesis","CurseOfTheBell","Havoc","Magnetism+1","Rampage","Necronomicurse","Pot Of Greed","Pot Of Greed","True Grit","Battle Trance","Barricade+1","expansioncontent:Corrupt+1","Pot Of Greed","expansioncontent:Collect"],"relics":["Burning Blood","White Beast Statue","aspiration:FrozenJewel","Replay:Bandana","hubris:Icosahedron","TungstenRod","Calling Bell","Anchor","Kunai","hubris:Zylophone","Necronomicon","Grinning Jar","Juzu Bracelet","MutagenicStrength","Sling","Singing Bowl","hubris:PeanutButter","Busted Crown","hubris:Towel","Ice Cream","ReplayTheSpireMod:Lightbulb","Smiling Mask","Replay:Baseball","Boot","CatCart","ClockworkSouvenir","Replay:Rubber Ducky"],"acts_visited":["Exordium","TheCity","TheBeyond","TheEnding"],"potions_floor_usage":[7,10,10,13,16,16,20,23,23,23,23,25,33,33,40,42,50,55,55],"damage_taken":[{"damage":6,"enemies":"Cultist","floor":1,"turns":3},{"damage":23,"enemies":"Jaw Worm","floor":3,"turns":5},{"damage":10,"enemies":"Small Slimes","floor":4,"turns":4},{"damage":5,"enemies":"Exordium Thugs","floor":7,"turns":6},{"damage":8,"enemies":"3 Sentries","floor":10,"turns":15},{"damage":0,"enemies":"2 Fungi Beasts","floor":11,"turns":4},{"damage":35,"enemies":"Lagavulin","floor":13,"turns":10},{"damage":3,"enemies":"3 Louse","floor":14,"turns":5},{"damage":27,"enemies":"Fading Forest","floor":16,"turns":11},{"damage":23,"enemies":"Chosen","floor":18,"turns":8},{"damage":8,"enemies":"3 Byrds","floor":20,"turns":7},{"damage":0,"enemies":"Slavers","floor":23,"turns":5},{"damage":21,"enemies":"Gremlin Leader","floor":25,"turns":9},{"damage":10,"enemies":"Replay:Snechameleon","floor":29,"turns":4},{"damage":24,"enemies":"Collector","floor":33,"turns":11},{"damage":0,"enemies":"3 Shapes","floor":35,"turns":8},{"damage":0,"enemies":"Orb Walker","floor":36,"turns":2},{"damage":2,"enemies":"3 Darklings","floor":39,"turns":10},{"damage":0,"enemies":"R_Hoarder","floor":40,"turns":7},{"damage":9,"enemies":"Nemesis","floor":42,"turns":5},{"damage":14,"enemies":"R_Hoarder","floor":45,"turns":6},{"damage":4,"enemies":"Orin","floor":46,"turns":9},{"damage":0,"enemies":"Maw","floor":48,"turns":7},{"damage":0,"enemies":"hubris:GrandSnecko","floor":50,"turns":18},{"damage":110,"enemies":"Shield and Spear","floor":54,"turns":9},{"damage":51,"enemies":"The Heart","floor":55,"turns":13}],"seed_played":"-9146555054448319913","potions_obtained":[{"floor":3,"key":"Block Potion"},{"floor":4,"key":"AttackPotion"},{"floor":7,"key":"LifebloodPotion"},{"floor":10,"key":"Energy Potion"},{"floor":11,"key":"Block Potion"},{"floor":13,"key":"champ:CounterPotion"},{"floor":14,"key":"Elixir"},{"floor":16,"key":"SpeedPotion"},{"floor":18,"key":"champ:CounterPotion"},{"floor":20,"key":"EntropicBrew"},{"floor":23,"key":"Strength Potion"},{"floor":25,"key":"FearPotion"},{"floor":29,"key":"Dexterity Potion"},{"floor":33,"key":"SteroidPotion"},{"floor":35,"key":"LifebloodPotion"},{"floor":36,"key":"Energy Potion"},{"floor":40,"key":"sneckomod:MuddlingPotion"},{"floor":42,"key":"Strength Potion"},{"floor":45,"key":"SkillPotion"},{"floor":54,"key":"Swift Potion"}],"is_trial":false,"path_per_floor":["M","?","M","M","?","R","M","?","T","E","M","?","E","M","R","B",null,"M","$","M","?","?","E","R","E","T","?","$","E","R","$","R","B",null,"M","M","?","?","M","E","$","E","T","R","E","?","$","M","R","B",null,"R","$","E","B",null],"character_chosen":"IRONCLAD","items_purchased":["Magnetism","Sling","ReplayTheSpireMod:Lightbulb","expansioncontent:Corrupt","expansioncontent:Collect","ClockworkSouvenir"],"campfire_rested":0,"item_purchase_floors":[19,28,41,41,47,53],"current_hp_per_floor":[80,80,63,59,59,59,60,60,60,58,64,64,35,38,38,25,72,60,60,63,47,35,51,51,46,46,46,46,54,54,54,54,46,83,97,99,99,99,101,103,103,102,102,102,99,103,103,111,111,111,111,111,111,27,34],"gold":78,"neow_bonus":"TEN_PERCENT_HP_BONUS","is_daily":false,"chose_seed":false,"campfire_upgraded":4,"win_rate":0.0,"timestamp":1610152912,"path_taken":["M","?","M","?","?","R","M","?","T","E","?","?","E","M","R","BOSS","M","$","M","?","?","E","R","E","T","?","$","E","R","?","R","BOSS","M","M","?","?","M","E","$","E","T","R","E","?","$","M","R","BOSS","R","$","E","BOSS"],"items_purchased_type":["Card","Relic","Relic","Card","Card","Relic"],"build_version":"2020-12-18","purchased_purges":2,"victory":true,"max_hp_per_floor":[88,88,88,88,88,88,88,88,88,88,88,88,88,88,88,88,88,88,88,88,93,93,93,93,93,93,93,93,95,95,95,95,95,95,97,99,99,99,101,103,103,105,105,105,107,109,109,111,111,111,111,111,111,113,113],"card_choices":[{"not_picked":["Headbutt","Run Through"],"picked":"Ghostly Armor","floor":1},{"not_picked":["Clothesline","Massacre","Anger"],"picked":"SKIP","floor":3},{"not_picked":["hubris:ReadiedAction","Shrug It Off"],"picked":"Rage","floor":4},{"not_picked":["Infernal Blade","ReplayReversal"],"picked":"Rampage","floor":7},{"not_picked":["Twin Strike","Battle Trance"],"picked":"Iron Wave","floor":10},{"not_picked":["Run Through","Sword Boomerang"],"picked":"ReplayTheSpireMod:Strike From Hell","floor":11},{"not_picked":["ReplayReversal","Intimidate"],"picked":"Berserk","floor":13},{"not_picked":["Sword Boomerang","Abandon","Replay:Undeath\u0027s Touch"],"picked":"SKIP","floor":14},{"not_picked":["Exhume","Immolate"],"picked":"Hemogenesis","floor":16},{"not_picked":["ReplayTheSpireMod:Strike From Hell","Replay:Undeath\u0027s Touch"],"picked":"Havoc","floor":18},{"not_picked":["Clash","Cleave"],"picked":"Rampage","floor":20},{"not_picked":["Sword Boomerang","hubris:SharpeningStone"],"picked":"True Grit","floor":23},{"not_picked":["Heavy Blade","Corruption"],"picked":"Battle Trance","floor":25},{"not_picked":["Pommel Strike","hubris:ReadiedAction","Berserk"],"picked":"Singing Bowl","floor":29},{"not_picked":["Limit Break","Berserk"],"picked":"Barricade","floor":33},{"not_picked":["Warcry"],"picked":"Singing Bowl","floor":35},{"not_picked":["Power Through"],"picked":"Singing Bowl","floor":36},{"not_picked":["Flex"],"picked":"Singing Bowl","floor":39},{"not_picked":["Havoc"],"picked":"Singing Bowl","floor":40},{"not_picked":["Second Wind"],"picked":"Singing Bowl","floor":42},{"not_picked":["Clothesline"],"picked":"Singing Bowl","floor":45},{"not_picked":["Warcry"],"picked":"Singing Bowl","floor":46},{"not_picked":["Warcry+1"],"picked":"Singing Bowl","floor":48},{"not_picked":["Massacre"],"picked":"Singing Bowl","floor":54}],"player_experience":564061,"relics_obtained":[{"floor":9,"key":"aspiration:FrozenJewel"},{"floor":10,"key":"Replay:Bandana"},{"floor":13,"key":"TungstenRod"},{"floor":17,"key":"Anchor"},{"floor":17,"key":"Kunai"},{"floor":17,"key":"hubris:Zylophone"},{"floor":22,"key":"Necronomicon"},{"floor":23,"key":"Grinning Jar"},{"floor":25,"key":"Juzu Bracelet"},{"floor":29,"key":"Singing Bowl"},{"floor":32,"key":"hubris:PeanutButter"},{"floor":40,"key":"Ice Cream"},{"floor":42,"key":"Smiling Mask"},{"floor":43,"key":"Replay:Baseball"},{"floor":45,"key":"Boot"},{"floor":46,"key":"CatCart"},{"floor":54,"key":"Replay:Rubber Ducky"}],"event_choices":[{"damage_healed":0,"gold_gain":0,"player_choice":"Paid Gold","damage_taken":0,"relics_obtained":["White Beast Statue"],"max_hp_gain":0,"max_hp_loss":0,"event_name":"WeMeetAgain","floor":2,"gold_loss":90},{"cards_removed":["Strike_R"],"damage_healed":0,"gold_gain":0,"player_choice":"Card Removal","damage_taken":0,"max_hp_gain":0,"max_hp_loss":0,"event_name":"The Cleric","floor":5,"gold_loss":50},{"cards_removed":["Defend_R"],"damage_healed":0,"gold_gain":0,"player_choice":"Offered Basic","damage_taken":0,"max_hp_gain":0,"max_hp_loss":0,"event_name":"Bonfire Elementals","floor":8,"gold_loss":0},{"damage_healed":0,"gold_gain":0,"player_choice":"Shed Blood","damage_taken":22,"max_hp_gain":5,"max_hp_loss":0,"event_name":"Forgotten Altar","floor":21,"gold_loss":0},{"damage_healed":0,"gold_gain":0,"player_choice":"Obtained Book","damage_taken":16,"max_hp_gain":0,"max_hp_loss":0,"event_name":"Cursed Tome","floor":22,"gold_loss":0},{"damage_healed":0,"gold_gain":0,"player_choice":"Inject Mutagens","damage_taken":0,"relics_obtained":["MutagenicStrength"],"max_hp_gain":0,"max_hp_loss":0,"event_name":"Drug Dealer","floor":27,"gold_loss":0},{"damage_healed":0,"gold_gain":100,"player_choice":"Pray","damage_taken":0,"max_hp_gain":0,"max_hp_loss":0,"event_name":"Golden Shrine","floor":38,"gold_loss":0},{"damage_healed":0,"gold_gain":0,"player_choice":"Fight","damage_taken":0,"max_hp_gain":0,"max_hp_loss":0,"event_name":"OrinTheCat","floor":46,"gold_loss":0}],"is_beta":true,"boss_relics":[{"not_picked":["Astrolabe","Kintsugi"],"picked":"Calling Bell"},{"not_picked":["Tiny House","Black Blood"],"picked":"Busted Crown"}],"items_purged_floors":[28,47],"is_endless":false,"potions_floor_spawned":[3,4,7,10,11,13,14,16,18,20,23,25,29,33,35,36,39,40,42,45,46,48,54],"ascension_level":13}}