{"host":"mitsb0f2d3kywzzp","time":1610226629,"event":{"mods":["AchievementEnabler","BaseMod","Colored Map","Colored Powertips","Downfall","Hermit","Highlight Path","Marisa????????","Minty Spire (QoL Compilation)","READ ME - Guardian Mod","Rare Cards Sparkle","Replay The Spire","StSLib","SuperFastMode","The Cursed","The Necromancer","The Servant 0.9.4"],"gold_per_floor":[116,116,129,139,139,168,168,188,188,188,79,95,113,158,158,262,362,375,375,394,394,405,442,442,457,457,475,492,511,621,720,720,824,824,848,848,873,449,449,449,499,499,499,511,511,560,610,633,633,638],"floor_reached":51,"playtime":14440,"items_purged":["hermit:Strike_Hermit","Slimebound:Tackle+1"],"score":694,"play_id":"1012d390-4d1d-4376-8d68-8fe7e8b84f6b","local_time":"20210109161029","is_ascension_mode":false,"campfire_choices":[{"data":"hermit:Covet","floor":7.0,"key":"SMITH"},{"floor":10.0,"key":"REST"},{"floor":15.0,"key":"REST"},{"floor":24,"key":"REST"},{"floor":32,"key":"REST"},{"floor":40,"key":"REST"},{"floor":42,"key":"REST"},{"data":"hermit:Combo","floor":45,"key":"SMITH"},{"floor":49,"key":"REST"}],"circlet_count":0,"master_deck":["hermit:Defend_Hermit","hermit:Snapshot","hermit:Covet+1","hermit:Ricochet","hermit:Quickdraw","hermit:Quickdraw","hermit:Scavenge","hermit:Glare","hermit:Combo+1","hermit:TrackingShot","hermit:Dive","hermit:EyeOfTheStorm","hermit:Headshot","hermit:FatalDesire","Slimebound:Tackle+1","hermit:CalledShot+1","hermit:EyeOfTheStorm","hermit:Quickdraw+1","hermit:ShadowCloak+1","hermit:TakeAim+1","hermit:Malice+1","hermit:ShadowCloak+1","hermit:Brawl"],"relics":["hermit:Momento","NeowsBlessing","Mirror","Toy Ornithopter","Dream Catcher","Replay:Rubber Ducky","Replay:Wanted Poster","MutagenicStrength","HornCleat","Replay:Mystery Machine","Du-Vu Doll","Bottled Flame","Replay:Grab Bag","Sozu","Busted Crown","Astrolabe","Golden Egg","Lizard Tail","White Beast Statue","Pen Nib","CatCart"],"acts_visited":["Exordium","TheCity","TheBeyond"],"potions_floor_usage":[30,30,33,33],"damage_taken":[{"damage":0.0,"enemies":"Small Slimes","floor":1.0,"turns":1.0},{"damage":0.0,"enemies":"Cultist","floor":3.0,"turns":1.0},{"damage":0.0,"enemies":"Jaw Worm","floor":4.0,"turns":1.0},{"damage":13.0,"enemies":"Lagavulin","floor":6.0,"turns":7.0},{"damage":6.0,"enemies":"Lots of Slimes","floor":8.0,"turns":3.0},{"damage":12.0,"enemies":"Gremlin Gang","floor":12.0,"turns":4.0},{"damage":3.0,"enemies":"3 Louse","floor":13.0,"turns":3.0},{"damage":23.0,"enemies":"Fading Forest","floor":16.0,"turns":11.0},{"damage":11.0,"enemies":"2 Thieves","floor":18.0,"turns":2.0},{"damage":0,"enemies":"Shell Parasite","floor":20,"turns":4},{"damage":14,"enemies":"Snake Plant","floor":22,"turns":4},{"damage":4,"enemies":"Replay:Snechameleon","floor":23,"turns":5},{"damage":9,"enemies":"Chosen and Byrds","floor":25,"turns":7},{"damage":7,"enemies":"Snecko","floor":27,"turns":4},{"damage":9,"enemies":"Snake Plant","floor":28,"turns":3},{"damage":9,"enemies":"Shelled Parasite and Fungi","floor":29,"turns":5},{"damage":6,"enemies":"Colosseum Slavers","floor":30,"turns":4},{"damage":13,"enemies":"Colosseum Nobs","floor":30,"turns":4},{"damage":15,"enemies":"Collector","floor":33,"turns":12},{"damage":2,"enemies":"3 Darklings","floor":35,"turns":5},{"damage":28,"enemies":"3 Shapes","floor":37,"turns":3},{"damage":17,"enemies":"2 Orb Walkers","floor":41,"turns":3},{"damage":3,"enemies":"Sphere and 2 Shapes","floor":44,"turns":4},{"damage":0,"enemies":"Orin","floor":47,"turns":8},{"damage":12,"enemies":"Spire Growth","floor":48,"turns":3},{"damage":25,"enemies":"Donu and Deca","floor":50,"turns":8}],"seed_played":"1221008987293737911","potions_obtained":[{"floor":3.0,"key":"SkillPotion"},{"floor":4.0,"key":"Languid Potion"},{"floor":8.0,"key":"Reflective Coating"},{"floor":12.0,"key":"LiquidMemories"},{"floor":14.0,"key":"SteroidPotion"},{"floor":22,"key":"BlessingOfTheForge"},{"floor":28,"key":"Doom Potion"},{"floor":30,"key":"Dexterity Potion"},{"floor":33,"key":"SmokeBomb"}],"is_trial":false,"path_per_floor":["M","?","M","M","T","E","R","M","T","R","$","M","M","?","R","B",null,"M","?","M","?","M","E","R","M","T","M","M","M","?","?","R","B",null,"M","?","M","$","?","R","?","R","T","M","R","T","?","M","R","B",null],"character_chosen":"HERMIT","items_purchased":["hermit:Combo","Golden Egg","hermit:ShadowCloak"],"campfire_rested":7,"item_purchase_floors":[11,38,38],"current_hp_per_floor":[75,75,75,75,75,62,62,56,56,75,75,63,60,42,64,51,75,64,64,64,64,50,46,68,59,59,52,43,34,25,25,47,42,75,73,73,45,45,45,67,50,72,72,69,69,69,69,57,75,50],"gold":638,"neow_bonus":"THREE_ENEMY_KILL","is_daily":false,"chose_seed":false,"campfire_upgraded":2,"win_rate":0.0,"timestamp":1610226629,"path_taken":["M","?","?","?","?","E","R","?","T","R","$","M","?","?","R","BOSS","M","?","M","?","M","E","R","M","T","M","M","M","?","?","R","BOSS","M","?","?","$","?","R","?","R","T","M","R","?","?","M","R","BOSS"],"items_purchased_type":["Card","Relic","Card"],"build_version":"2020-12-22","purchased_purges":2,"victory":true,"max_hp_per_floor":[75,75,75,75,75,75,75,75,75,75,75,75,75,75,75,75,75,75,75,75,75,75,75,75,75,75,75,75,75,75,75,75,75,75,75,75,75,75,75,75,75,75,75,75,75,75,75,75,75,75],"card_choices":[{"not_picked":["hermit:HoleUp","hermit:GoldenBullet"],"picked":"hermit:Ricochet","floor":1.0},{"not_picked":["hermit:HoleUp","hermit:Dive"],"picked":"hermit:Quickdraw","floor":3.0},{"not_picked":["hermit:Gestalt","hermit:CalledShot"],"picked":"hermit:Quickdraw","floor":4.0},{"not_picked":["hermit:LuckOfTheDraw","hermit:Maintenance","hermit:Malice"],"picked":"SKIP","floor":6.0},{"not_picked":["hermit:PistolWhip","hermit:Roulette"],"picked":"hermit:Scavenge","floor":8.0},{"not_picked":["hermit:Feint","hermit:BodyArmor"],"picked":"hermit:Glare","floor":10.0},{"not_picked":["hermit:CursedWeapon","hermit:Feint"],"picked":"hermit:TrackingShot","floor":12.0},{"not_picked":["hermit:Misfire","hermit:GhostlyPresence"],"picked":"hermit:Dive","floor":13.0},{"not_picked":["hermit:Coalescence","hermit:Magnum"],"picked":"hermit:EyeOfTheStorm","floor":14.0},{"not_picked":["hermit:Desperado","hermit:CalledShot"],"picked":"hermit:Headshot","floor":14.0},{"not_picked":["hermit:Dissolve","hermit:HeroicBravado"],"picked":"hermit:FatalDesire","floor":16.0},{"not_picked":["hermit:LowProfile+1","hermit:Shortfuse","hermit:Glare"],"picked":"SKIP","floor":18.0},{"not_picked":["hermit:DeadMansHand","hermit:CalledShot","hermit:Roulette+1"],"picked":"SKIP","floor":20},{"not_picked":["hermit:Misfire+1","hermit:CalledShot","hermit:Ricochet"],"picked":"SKIP","floor":22},{"not_picked":["hermit:SprayPray","hermit:CalledShot","hermit:Dissolve"],"picked":"SKIP","floor":23},{"not_picked":["hermit:Manifest","hermit:HighCaliber+1"],"picked":"hermit:CalledShot+1","floor":24},{"not_picked":["hermit:HoleUp","hermit:Brawl","hermit:Malice"],"picked":"SKIP","floor":25},{"not_picked":["hermit:TrackingShot","hermit:Headshot+1","hermit:TakeCover"],"picked":"SKIP","floor":27},{"not_picked":["hermit:WideOpen+1","hermit:Deadeye"],"picked":"hermit:EyeOfTheStorm","floor":28},{"not_picked":["hermit:Dive","hermit:Maintenance","hermit:Determination"],"picked":"SKIP","floor":29},{"not_picked":["hermit:TrackingShot"],"picked":"SKIP","floor":35},{"not_picked":[],"picked":"hermit:Malice+1","floor":37},{"not_picked":["hermit:Snipe"],"picked":"SKIP","floor":44},{"not_picked":[],"picked":"hermit:Brawl","floor":48}],"player_experience":347201,"relics_obtained":[{"floor":5.0,"key":"Mirror"},{"floor":6.0,"key":"Toy Ornithopter"},{"floor":9.0,"key":"Dream Catcher"},{"floor":14.0,"key":"Replay:Rubber Ducky"},{"floor":23,"key":"HornCleat"},{"floor":26,"key":"Replay:Mystery Machine"},{"floor":30,"key":"Du-Vu Doll"},{"floor":30,"key":"Bottled Flame"},{"floor":41,"key":"Lizard Tail"},{"floor":43,"key":"White Beast Statue"},{"floor":46,"key":"Pen Nib"},{"floor":47,"key":"CatCart"}],"event_choices":[{"damage_healed":0.0,"max_hp_gain":0.0,"max_hp_loss":0.0,"gold_gain":0.0,"event_name":"The Woman in Blue","player_choice":"Bought 0 Potions","floor":2.0,"gold_loss":0.0,"damage_taken":0.0},{"damage_healed":0,"gold_gain":0,"player_choice":"Inject Mutagens","damage_taken":0,"relics_obtained":["MutagenicStrength"],"max_hp_gain":0,"max_hp_loss":0,"event_name":"Drug Dealer","floor":19,"gold_loss":0},{"damage_healed":0,"gold_gain":0,"player_choice":"Fight","damage_taken":0,"max_hp_gain":0,"max_hp_loss":0,"event_name":"Colosseum","floor":30,"gold_loss":0},{"damage_healed":0,"gold_gain":0,"player_choice":"Fought Nobs","damage_taken":0,"max_hp_gain":0,"max_hp_loss":0,"event_name":"Colosseum","floor":30,"gold_loss":0},{"damage_healed":0,"gold_gain":99,"player_choice":"Stole From Cult","damage_taken":0,"max_hp_gain":0,"max_hp_loss":0,"event_name":"Nest","floor":31,"gold_loss":0},{"cards_removed":["hermit:Defend_Hermit"],"damage_healed":0,"gold_gain":0,"player_choice":"Purged","damage_taken":0,"max_hp_gain":0,"max_hp_loss":0,"event_name":"Purifier","floor":36,"gold_loss":0},{"damage_healed":0,"gold_gain":0,"player_choice":"Ignored","damage_taken":0,"max_hp_gain":0,"max_hp_loss":0,"event_name":"Tomb of Lord Red Mask","floor":39,"gold_loss":0},{"damage_healed":0,"gold_gain":0,"player_choice":"Fight","damage_taken":0,"max_hp_gain":0,"max_hp_loss":0,"event_name":"Mysterious Sphere","floor":41,"gold_loss":0},{"damage_healed":0,"gold_gain":0,"player_choice":"Fight","damage_taken":0,"max_hp_gain":0,"max_hp_loss":0,"event_name":"OrinTheCat","floor":47,"gold_loss":0}],"is_beta":false,"boss_relics":[{"not_picked":["Honey Jar","ChewingGum"],"picked":"Replay:Wanted Poster"},{"not_picked":["Tiny House","Runic Dome"],"picked":"Replay:Grab Bag"},{"not_picked":["Fusion Hammer","Philosopher\u0027s Stone"],"picked":"Sozu"},{"not_picked":["Painkiller Herb","Velvet Choker"],"picked":"Busted Crown"},{"not_picked":["SlaversCollar","Runic Pyramid"],"picked":"Astrolabe"}],"items_purged_floors":[11,38],"is_endless":false,"potions_floor_spawned":[3,4,8,12,22,28,29,30,33,35,44,47,48],"ascension_level":0}}