{"host":"19r1ww88x2tc73i0","time":1610178155,"event":{"mods":["BaseMod","BetterRewards","Colored Map","Minty Spire (QoL Compilation)","Relic Stats","StSLib","SuperFastMode","slay the spire mod where everything is the same but ironclad has a cowboy hat"],"gold_per_floor":[119,15,26,37,52,52,64,29,75,102,189,201,213,225,237,323,335,327,354,366,147,157,157,157,176,199,199,199],"floor_reached":27,"playtime":796,"items_purged":["Zap","Thunder Strike+1"],"score":410,"play_id":"676e5940-72e7-4ce9-81f7-f9909f52a59f","local_time":"25640109144235","is_ascension_mode":true,"campfire_choices":[{"data":"Genetic Algorithm","floor":6.0,"key":"SMITH"},{"data":"Reinforced Body","floor":15.0,"key":"SMITH"},{"data":"Echo Form","floor":23.0,"key":"SMITH"}],"circlet_count":0,"master_deck":["AscendersBane","Defend_B","Defend_B","Defend_B","Defend_B","Dualcast","Rip and Tear+1","Echo Form+1","Go for the Eyes+1","Finesse","Auto Shields","Reinforced Body+1","Beam Cell+1","Rip and Tear+1","Genetic Algorithm+1","Sweeping Beam+1","All For One+1","Reprogram+1","Beam Cell+1","Gash+1","BootSequence","Conserve Battery","Buffer"],"relics":["Cracked Core","Membership Card","Molten Egg 2","Oddly Smooth Stone","Chemical X","MawBank","Astrolabe","TungstenRod","Regal Pillow"],"acts_visited":["Exordium","TheCity"],"potions_floor_usage":[],"damage_taken":[{"damage":0.0,"enemies":"2 Louse","floor":1.0,"turns":2.0},{"damage":0.0,"enemies":"Jaw Worm","floor":3.0,"turns":3.0},{"damage":0.0,"enemies":"Small Slimes","floor":4.0,"turns":2.0},{"damage":11.0,"enemies":"3 Louse","floor":5.0,"turns":3.0},{"damage":3.0,"enemies":"Exordium Wildlife","floor":7.0,"turns":4.0},{"damage":0.0,"enemies":"Blue Slaver","floor":10.0,"turns":2.0},{"damage":20.0,"enemies":"The Guardian","floor":16.0,"turns":10.0},{"damage":12.0,"enemies":"2 Thieves","floor":18.0,"turns":4.0},{"damage":9.0,"enemies":"Shell Parasite","floor":19.0,"turns":4.0},{"damage":4.0,"enemies":"Centurion and Healer","floor":22.0,"turns":5.0},{"damage":31,"enemies":"Cultist and Chosen","floor":25,"turns":8},{"damage":0,"enemies":"Snake Plant","floor":27,"turns":3}],"seed_played":"-410455104180273082","potions_obtained":[{"floor":3.0,"key":"Explosive Potion"},{"floor":5.0,"key":"SteroidPotion"},{"floor":7.0,"key":"DistilledChaos"},{"floor":19.0,"key":"Fire Potion"}],"is_trial":false,"path_per_floor":["M","$","M","M","M","R","M","?","T","M","?","?","?","?","R","B",null,"M","M","?","$","M","R","?","M","T","M"],"character_chosen":"DEFECT","items_purchased":["Membership Card","Molten Egg 2","Oddly Smooth Stone","Rip and Tear+1","Echo Form","Go for the Eyes+1","Reinforced Body","Chemical X","TungstenRod","BootSequence"],"campfire_rested":0,"item_purchase_floors":[0,0,0,0,0,0,2,2,21,21],"current_hp_per_floor":[32,32,32,32,21,21,18,35,35,35,24,29,29,22,22,2,58,46,37,37,37,33,33,33,2,2,2,2],"gold":199,"neow_bonus":"","is_daily":false,"chose_seed":false,"campfire_upgraded":3,"win_rate":0.0,"timestamp":1610178155,"path_taken":["M","$","M","M","M","R","M","?","T","M","?","?","?","?","R","BOSS","M","M","?","$","M","R","?","M","T","M"],"items_purchased_type":["Relic","Relic","Relic","Card","Card","Card","Card","Relic","Relic","Card"],"build_version":"2020-12-22","purchased_purges":2,"victory":false,"max_hp_per_floor":[71,71,71,71,71,71,71,71,71,71,71,76,76,76,76,76,76,76,76,76,76,76,76,76,76,76,76,76],"relic_stats":{"Regal Pillow":0,"counters":[211,980],"Astrolabe":["Reprogram","Thunder Strike","Beam Cell"],"Chemical X":[6],"MawBank":144,"obtain_stats":[{"Ice Cream":0,"Calipers":31,"Nilry\u0027s Codex":19,"CeramicFish":0,"Vajra":31,"Spirit Poop":45,"Runic Capacitor":21,"Ginger":37,"Whetstone":9,"Bottled Tornado":21,"Old Coin":48,"Blood Vial":24,"Sozu":17,"Lizard Tail":0,"Centennial Puzzle":40,"Strawberry":23,"MealTicket":46,"Fusion Hammer":34,"Kunai":44,"Toxic Egg 2":0,"Girya":0,"Happy Flower":0,"Dead Branch":0,"Blue Candle":40,"Astrolabe":17,"Oddly Smooth Stone":0,"Eternal Feather":28,"Letter Opener":9,"War Paint":27,"Question Card":39,"Akabeko":8,"Cables":46,"OrangePellets":39,"SlaversCollar":17,"Bottled Flame":30,"Shuriken":43,"Bronze Scales":9,"Bird Faced Urn":4,"Molten Egg 2":0,"Pandora\u0027s Box":17,"Symbiotic Virus":0,"Unceasing Top":0,"Pocketwatch":0,"Darkstone Periapt":20,"Lantern":36,"Regal Pillow":6,"Singing Bowl":0,"Torii":0,"Mango":0,"StoneCalendar":0,"Incense Burner":10,"Juzu Bracelet":14,"Bag of Preparation":29,"Ancient Tea Set":44,"Cursed Key":34,"Smiling Mask":40,"ClockworkSouvenir":0,"Emotion Chip":26,"Dream Catcher":27,"Nunchaku":27,"Matryoshka":4,"Shovel":0,"Mummified Hand":9,"Gambling Chip":0,"Tiny Chest":12,"WingedGreaves":0,"Chemical X":38,"Cracked Core":0,"Runic Pyramid":17,"Potion Belt":20,"Lee\u0027s Waffle":0,"Inserter":17,"Golden Idol":10,"Thread and Needle":0,"PreservedInsect":26,"Omamori":0,"Frozen Egg 2":0,"Orichalcum":41,"MawBank":8,"Medical Kit":0,"White Beast Statue":40,"Mercury Hourglass":26,"Nuclear Battery":17,"Peace Pipe":45,"Anchor":0,"CaptainsWheel":0,"DataDisk":39,"Ornamental Fan":29,"Turnip":0,"Coffee Dripper":34,"Art of War":23,"Bag of Marbles":42,"Membership Card":0,"Bottled Lightning":32,"TungstenRod":43,"FossilizedHelix":0},{"Ice Cream":57,"Calipers":47,"Nilry\u0027s Codex":119,"CeramicFish":83,"Vajra":16,"Spirit Poop":105,"Runic Capacitor":9,"Ginger":19,"Whetstone":192,"Bottled Tornado":9,"Old Coin":24,"Blood Vial":11,"Sozu":66,"Lizard Tail":0,"Centennial Puzzle":21,"Strawberry":41,"MealTicket":80,"Fusion Hammer":75,"Kunai":54,"Toxic Egg 2":0,"Girya":140,"Happy Flower":0,"Dead Branch":26,"Blue Candle":52,"Astrolabe":206,"Oddly Smooth Stone":26,"Eternal Feather":71,"Letter Opener":113,"War Paint":70,"Question Card":20,"Akabeko":31,"Cables":105,"OrangePellets":103,"SlaversCollar":160,"Bottled Flame":125,"Shuriken":22,"Bronze Scales":4,"Bird Faced Urn":142,"Molten Egg 2":26,"Pandora\u0027s Box":92,"Symbiotic Virus":26,"Unceasing Top":57,"Pocketwatch":26,"Darkstone Periapt":9,"Lantern":18,"Regal Pillow":87,"Singing Bowl":57,"Torii":83,"Mango":0,"StoneCalendar":0,"Incense Burner":5,"Juzu Bracelet":7,"Bag of Preparation":14,"Ancient Tea Set":79,"Cursed Key":101,"Smiling Mask":104,"ClockworkSouvenir":26,"Emotion Chip":11,"Dream Catcher":12,"Nunchaku":43,"Matryoshka":2,"Shovel":57,"Mummified Hand":4,"Gambling Chip":57,"Tiny Chest":33,"WingedGreaves":0,"Chemical X":51,"Cracked Core":0,"Runic Pyramid":8,"Potion Belt":9,"Lee\u0027s Waffle":26,"Inserter":36,"Golden Idol":87,"Thread and Needle":26,"PreservedInsect":42,"Omamori":0,"Frozen Egg 2":0,"Orichalcum":22,"MawBank":4,"Medical Kit":57,"White Beast Statue":132,"Mercury Hourglass":70,"Nuclear Battery":148,"Peace Pipe":23,"Anchor":0,"CaptainsWheel":26,"DataDisk":51,"Ornamental Fan":180,"Turnip":108,"Coffee Dripper":17,"Art of War":69,"Bag of Marbles":133,"Membership Card":0,"Bottled Lightning":74,"TungstenRod":53,"FossilizedHelix":57},{"Ice Cream":287,"Calipers":231,"Nilry\u0027s Codex":549,"CeramicFish":402,"Vajra":80,"Spirit Poop":498,"Runic Capacitor":46,"Ginger":98,"Whetstone":901,"Bottled Tornado":46,"Old Coin":129,"Blood Vial":56,"Sozu":316,"Lizard Tail":0,"Centennial Puzzle":109,"Strawberry":206,"MealTicket":380,"Fusion Hammer":360,"Kunai":264,"Toxic Egg 2":0,"Girya":633,"Happy Flower":0,"Dead Branch":155,"Blue Candle":255,"Astrolabe":956,"Oddly Smooth Stone":155,"Eternal Feather":339,"Letter Opener":530,"War Paint":334,"Question Card":102,"Akabeko":169,"Cables":498,"OrangePellets":489,"SlaversCollar":740,"Bottled Flame":571,"Shuriken":116,"Bronze Scales":15,"Bird Faced Urn":638,"Molten Egg 2":155,"Pandora\u0027s Box":446,"Symbiotic Virus":155,"Unceasing Top":287,"Pocketwatch":155,"Darkstone Periapt":46,"Lantern":93,"Regal Pillow":418,"Singing Bowl":287,"Torii":402,"Mango":0,"StoneCalendar":0,"Incense Burner":22,"Juzu Bracelet":32,"Bag of Preparation":69,"Ancient Tea Set":377,"Cursed Key":484,"Smiling Mask":494,"ClockworkSouvenir":155,"Emotion Chip":56,"Dream Catcher":61,"Nunchaku":214,"Matryoshka":7,"Shovel":287,"Mummified Hand":15,"Gambling Chip":287,"Tiny Chest":174,"WingedGreaves":0,"Chemical X":250,"Cracked Core":0,"Runic Pyramid":41,"Potion Belt":46,"Lee\u0027s Waffle":155,"Inserter":183,"Golden Idol":418,"Thread and Needle":155,"PreservedInsect":210,"Omamori":0,"Frozen Egg 2":0,"Orichalcum":116,"MawBank":15,"Medical Kit":287,"White Beast Statue":595,"Mercury Hourglass":334,"Nuclear Battery":676,"Peace Pipe":123,"Anchor":0,"CaptainsWheel":155,"DataDisk":250,"Ornamental Fan":850,"Turnip":518,"Coffee Dripper":88,"Art of War":330,"Bag of Marbles":599,"Membership Card":0,"Bottled Lightning":349,"TungstenRod":259,"FossilizedHelix":287}],"TungstenRod":3},"card_choices":[{"not_picked":["Gash+1","Steam Power"],"picked":"Auto Shields","floor":1.0},{"not_picked":["Streamline+1","Rebound+1"],"picked":"Beam Cell+1","floor":3.0},{"not_picked":["Ball Lightning+1","Go for the Eyes+1"],"picked":"Rip and Tear+1","floor":4.0},{"not_picked":["Turbo","Consume"],"picked":"Genetic Algorithm","floor":5.0},{"not_picked":["Cold Snap+1","Auto Shields"],"picked":"Sweeping Beam+1","floor":7.0},{"not_picked":["Stack","Storm","Chill"],"picked":"SKIP","floor":10.0},{"not_picked":["Amplify","Electrodynamics"],"picked":"All For One+1","floor":16.0},{"not_picked":["Rebound+1","Streamline+1","Go for the Eyes+1"],"picked":"SKIP","floor":18.0},{"not_picked":["Static Discharge","Chill"],"picked":"Gash+1","floor":19.0},{"not_picked":["Sweeping Beam+1","Double Energy"],"picked":"Conserve Battery","floor":22.0},{"not_picked":["Force Field","Turbo","Defragment"],"picked":"SKIP","floor":25}],"player_experience":888136,"relics_obtained":[{"floor":9.0,"key":"MawBank"},{"floor":26,"key":"Regal Pillow"}],"event_choices":[{"damage_healed":17.0,"max_hp_gain":0.0,"max_hp_loss":0.0,"gold_gain":0.0,"event_name":"The Cleric","player_choice":"Healed","floor":8.0,"gold_loss":35.0,"damage_taken":0.0},{"damage_healed":0.0,"max_hp_gain":0.0,"max_hp_loss":0.0,"gold_gain":75.0,"event_name":"World of Goop","player_choice":"Gather Gold","floor":11.0,"gold_loss":0.0,"damage_taken":11.0},{"damage_healed":0.0,"max_hp_gain":5.0,"max_hp_loss":0.0,"gold_gain":0.0,"event_name":"Big Fish","player_choice":"Donut","floor":12.0,"gold_loss":0.0,"damage_taken":0.0},{"damage_healed":0.0,"max_hp_gain":0.0,"max_hp_loss":0.0,"gold_gain":0.0,"event_name":"Shining Light","player_choice":"Ignored","floor":13.0,"gold_loss":0.0,"damage_taken":0.0},{"cards_removed":["Strike_B"],"damage_healed":0.0,"max_hp_gain":0.0,"max_hp_loss":0.0,"gold_gain":0.0,"event_name":"Golden Wing","player_choice":"Card Removal","floor":14.0,"gold_loss":0.0,"damage_taken":7.0},{"damage_healed":0.0,"max_hp_gain":0.0,"max_hp_loss":0.0,"gold_gain":0.0,"event_name":"Ghosts","player_choice":"Ignored","floor":20.0,"gold_loss":0.0,"damage_taken":0.0},{"damage_healed":0.0,"max_hp_gain":0.0,"max_hp_loss":0.0,"gold_gain":0.0,"event_name":"Match and Keep!","player_choice":"1 cards matched","floor":24.0,"gold_loss":0.0,"damage_taken":0.0,"cards_obtained":["Buffer"]}],"is_beta":false,"boss_relics":[{"not_picked":["Busted Crown","Fusion Hammer"],"picked":"Astrolabe"}],"items_purged_floors":[0,21],"is_endless":false,"potions_floor_spawned":[3,5,7,10,19,25],"killed_by":"Snake Plant","ascension_level":20}}