{"host":"jqln3q8z91cyrmpl","time":1610205204,"event":{"mods":["AchievementEnabler","BaseMod","Colored Map","DeckTracker","Keyboard Shortcuts","Minty Spire (QoL Compilation)","SuperFastMode"],"gold_per_floor":[114,128,8,83,95,122,122,148,174,174,187,207,217,217,217,319,319,330,17,36,47,58,90,90,110,133,153,68,68,80,408,408,509,509,521,541,591,610,610,643,655,655,708,708,231,242,242,268,268,268,268,268,118,153,153,153],"floor_reached":55,"playtime":2241,"items_purged":["Strike_R","Strike_R","Decay","Writhe"],"score":1121,"play_id":"5b5c99a1-1903-4150-a365-dd9b9b5a560c","local_time":"20210110001324","is_ascension_mode":true,"campfire_choices":[{"data":"Blood for Blood","floor":7.0,"key":"SMITH"},{"data":"Power Through","floor":10.0,"key":"SMITH"},{"data":"Juggernaut","floor":15.0,"key":"SMITH"},{"data":"Evolve","floor":24.0,"key":"SMITH"},{"data":"Fire Breathing","floor":32.0,"key":"SMITH"},{"floor":44.0,"key":"RECALL"},{"floor":47.0,"key":"REST"},{"floor":49.0,"key":"REST"},{"data":"Body Slam","floor":52.0,"key":"SMITH"}],"circlet_count":0,"master_deck":["Bash","Juggernaut+1","Power Through+1","Iron Wave","Shrug It Off","Blood for Blood+1","Metallicize","Cleave","Metallicize","Metallicize","Juggernaut","Fire Breathing+1","Flame Barrier","Evolve+1","Power Through+1","Battle Trance","Burning Pact+1","Barricade","Dropkick","Reaper","Carnage","Immolate","Brutality","Infernal Blade","Inflame","Feel No Pain+1","Parasite","Body Slam+1","Fire Breathing+1"],"relics":["Burning Blood","Tiny Chest","Art of War","Nunchaku","Cursed Key","Omamori","Self Forming Clay","Bronze Scales","InkBottle","HornCleat","Old Coin","Pandora\u0027s Box","Champion Belt","War Paint","Ancient Tea Set","ClockworkSouvenir","Bottled Flame","Paper Frog"],"acts_visited":["Exordium","TheCity","TheBeyond","TheEnding"],"potions_floor_usage":[],"damage_taken":[{"damage":14.0,"enemies":"Jaw Worm","floor":1.0,"turns":5.0},{"damage":8.0,"enemies":"2 Louse","floor":2.0,"turns":3.0},{"damage":1.0,"enemies":"Cultist","floor":5.0,"turns":4.0},{"damage":1.0,"enemies":"Gremlin Nob","floor":6.0,"turns":4.0},{"damage":7.0,"enemies":"Lagavulin","floor":8.0,"turns":7.0},{"damage":11.0,"enemies":"Looter","floor":11.0,"turns":2.0},{"damage":2.0,"enemies":"Exordium Wildlife","floor":12.0,"turns":4.0},{"damage":4.0,"enemies":"Blue Slaver","floor":13.0,"turns":5.0},{"damage":11.0,"enemies":"Slime Boss","floor":16.0,"turns":12.0},{"damage":20.0,"enemies":"2 Thieves","floor":18.0,"turns":4.0},{"damage":0.0,"enemies":"Chosen","floor":20.0,"turns":4.0},{"damage":15.0,"enemies":"Centurion and Healer","floor":21.0,"turns":7.0},{"damage":24.0,"enemies":"Chosen and Byrds","floor":22.0,"turns":5.0},{"damage":23.0,"enemies":"Book of Stabbing","floor":23.0,"turns":6.0},{"damage":6.0,"enemies":"Sentry and Sphere","floor":25.0,"turns":5.0},{"damage":0.0,"enemies":"Snake Plant","floor":27.0,"turns":4.0},{"damage":7.0,"enemies":"3 Cultists","floor":30.0,"turns":5.0},{"damage":4.0,"enemies":"Gremlin Leader","floor":31.0,"turns":6.0},{"damage":41.0,"enemies":"Collector","floor":33.0,"turns":8.0},{"damage":1.0,"enemies":"Orb Walker","floor":35.0,"turns":4.0},{"damage":33.0,"enemies":"3 Darklings","floor":36.0,"turns":5.0},{"damage":12.0,"enemies":"Mind Bloom Boss Battle","floor":37.0,"turns":7.0},{"damage":27.0,"enemies":"Writhing Mass","floor":38.0,"turns":6.0},{"damage":0.0,"enemies":"Nemesis","floor":40.0,"turns":7.0},{"damage":12.0,"enemies":"Maw","floor":41.0,"turns":8.0},{"damage":31.0,"enemies":"3 Darklings","floor":46.0,"turns":4.0},{"damage":39.0,"enemies":"Giant Head","floor":48.0,"turns":9.0},{"damage":43.0,"enemies":"Time Eater","floor":50.0,"turns":10.0},{"damage":65.0,"enemies":"Shield and Spear","floor":54.0,"turns":6.0},{"damage":14,"enemies":"The Heart","floor":55,"turns":2}],"seed_played":"5324599223853593105","potions_obtained":[{"floor":1.0,"key":"Swift Potion"},{"floor":2.0,"key":"DistilledChaos"},{"floor":11.0,"key":"BloodPotion"},{"floor":12.0,"key":"AttackPotion"},{"floor":13.0,"key":"Weak Potion"},{"floor":20.0,"key":"PowerPotion"},{"floor":22.0,"key":"BloodPotion"},{"floor":23.0,"key":"DistilledChaos"},{"floor":25.0,"key":"Block Potion"},{"floor":27.0,"key":"Regen Potion"},{"floor":33.0,"key":"BloodPotion"},{"floor":37.0,"key":"Energy Potion"},{"floor":38.0,"key":"Weak Potion"},{"floor":48.0,"key":"SmokeBomb"},{"floor":54.0,"key":"Explosive Potion"}],"is_trial":false,"path_per_floor":["M","M","$","?","M","E","R","E","T","R","M","M","M","?","R","B",null,"M","$","M","M","M","E","R","M","T","M","?","T","M","E","R","B",null,"M","M","?","M","?","E","M","?","T","R","$","M","R","E","R","B",null,"R","$","E","B"],"character_chosen":"IRONCLAD","items_purchased":["Shrug It Off","Fire Breathing","Omamori","Body Slam","Ancient Tea Set","ClockworkSouvenir"],"campfire_rested":2,"item_purchase_floors":[3,19,19,45,45,45],"current_hp_per_floor":[43,41,41,30,35,40,40,39,39,39,34,38,40,40,40,35,69,55,55,61,52,34,33,33,33,33,39,39,39,50,52,52,33,68,75,54,57,36,36,42,36,56,56,56,56,43,67,56,80,43,71,71,71,12,0,0],"gold":153,"neow_bonus":"THREE_RARE_CARDS","is_daily":false,"chose_seed":false,"campfire_upgraded":6,"win_rate":0.0,"timestamp":1610205204,"path_taken":["M","M","$","?","M","E","R","E","T","R","M","M","M","?","R","BOSS","M","$","M","M","M","E","R","?","T","M","?","?","M","E","R","BOSS","M","M","?","M","?","E","M","?","T","R","$","M","R","E","R","BOSS","R","$","E","BOSS"],"items_purchased_type":["Card","Card","Relic","Card","Relic","Relic"],"build_version":"2020-12-22","purchased_purges":4,"victory":false,"max_hp_per_floor":[80,80,80,80,80,80,80,80,80,80,80,80,80,80,80,80,80,80,80,80,80,80,80,80,80,80,80,80,80,80,80,80,80,80,80,80,80,80,80,80,80,80,80,80,80,80,80,80,80,80,80,80,80,80,80,80],"card_choices":[{"not_picked":["Exhume","Fiend Fire"],"picked":"Juggernaut","floor":0.0},{"not_picked":["Rampage","Carnage"],"picked":"Power Through","floor":1.0},{"not_picked":["True Grit","Whirlwind"],"picked":"Iron Wave","floor":2.0},{"not_picked":["Armaments","Perfected Strike"],"picked":"Blood for Blood","floor":5.0},{"not_picked":["Armaments","Clothesline"],"picked":"Metallicize","floor":6.0},{"not_picked":["Dropkick","Searing Blow"],"picked":"Cleave","floor":8.0},{"not_picked":["Cleave","Flex","Infernal Blade"],"picked":"SKIP","floor":11.0},{"not_picked":["Perfected Strike","Cleave"],"picked":"Metallicize","floor":12.0},{"not_picked":["Thunderclap","Heavy Blade"],"picked":"Metallicize","floor":13.0},{"not_picked":["Limit Break","Demon Form"],"picked":"Juggernaut","floor":16.0},{"not_picked":["Sword Boomerang","Uppercut","Rampage"],"picked":"SKIP","floor":18.0},{"not_picked":["Dark Embrace","True Grit"],"picked":"Flame Barrier","floor":20.0},{"not_picked":["Iron Wave","Disarm+1","Heavy Blade"],"picked":"SKIP","floor":21.0},{"not_picked":["Cleave","Uppercut","Sword Boomerang"],"picked":"SKIP","floor":22.0},{"not_picked":["Shrug It Off","Headbutt"],"picked":"Evolve","floor":23.0},{"not_picked":["Flex","Spot Weakness+1"],"picked":"Power Through","floor":25.0},{"not_picked":["Berserk","Perfected Strike"],"picked":"Battle Trance","floor":27.0},{"not_picked":["Sword Boomerang","Blood for Blood","Dual Wield"],"picked":"SKIP","floor":30.0},{"not_picked":["Sword Boomerang","Reckless Charge"],"picked":"Burning Pact","floor":31.0},{"not_picked":["Double Tap","Demon Form"],"picked":"Barricade","floor":33.0},{"not_picked":["Bloodletting+1","Heavy Blade+1","Iron Wave"],"picked":"SKIP","floor":35.0},{"not_picked":["Evolve","Twin Strike+1"],"picked":"Feel No Pain+1","floor":36.0},{"not_picked":["Power Through","Whirlwind+1","Cleave"],"picked":"SKIP","floor":38.0},{"not_picked":["Sword Boomerang+1","Twin Strike+1","Heavy Blade+1"],"picked":"SKIP","floor":40.0},{"not_picked":["Wild Strike","Shrug It Off","Heavy Blade+1"],"picked":"SKIP","floor":41.0},{"not_picked":["Rupture","Havoc","Thunderclap"],"picked":"SKIP","floor":46.0},{"not_picked":["Limit Break","Cleave+1","Sword Boomerang"],"picked":"SKIP","floor":48.0},{"not_picked":["Twin Strike","Flex"],"picked":"Fire Breathing+1","floor":54.0}],"player_experience":362895,"relics_obtained":[{"floor":6.0,"key":"Tiny Chest"},{"floor":8.0,"key":"Art of War"},{"floor":9.0,"key":"Nunchaku"},{"floor":23.0,"key":"Self Forming Clay"},{"floor":26.0,"key":"Bronze Scales"},{"floor":29.0,"key":"HornCleat"},{"floor":31.0,"key":"Old Coin"},{"floor":37.0,"key":"Champion Belt"},{"floor":40.0,"key":"War Paint"},{"floor":48.0,"key":"Bottled Flame"},{"floor":54.0,"key":"Paper Frog"}],"event_choices":[{"damage_healed":0.0,"max_hp_gain":0.0,"max_hp_loss":0.0,"gold_gain":75.0,"event_name":"World of Goop","player_choice":"Gather Gold","floor":4.0,"gold_loss":0.0,"damage_taken":11.0},{"damage_healed":0.0,"max_hp_gain":0.0,"max_hp_loss":0.0,"gold_gain":0.0,"event_name":"Match and Keep!","player_choice":"0 cards matched","floor":14.0,"gold_loss":0.0,"damage_taken":0.0,"cards_obtained":[]},{"damage_healed":0.0,"max_hp_gain":0.0,"max_hp_loss":0.0,"gold_gain":0.0,"event_name":"Addict","player_choice":"Obtained Relic","floor":28.0,"gold_loss":85.0,"damage_taken":0.0,"relics_obtained":["InkBottle"]},{"damage_healed":0.0,"max_hp_gain":0.0,"max_hp_loss":0.0,"gold_gain":0.0,"event_name":"MindBloom","player_choice":"Fight","floor":37.0,"gold_loss":0.0,"damage_taken":0.0},{"damage_healed":0.0,"max_hp_gain":0.0,"max_hp_loss":0.0,"gold_gain":0.0,"event_name":"Tomb of Lord Red Mask","player_choice":"Ignored","floor":39.0,"gold_loss":0.0,"damage_taken":0.0},{"damage_healed":20.0,"max_hp_gain":0.0,"max_hp_loss":0.0,"gold_gain":0.0,"event_name":"Winding Halls","player_choice":"Writhe","floor":42.0,"gold_loss":0.0,"damage_taken":0.0,"cards_obtained":["Writhe"]}],"is_beta":false,"boss_relics":[{"not_picked":["Runic Pyramid","Snecko Eye"],"picked":"Cursed Key"},{"not_picked":["Runic Cube","Astrolabe"],"picked":"Pandora\u0027s Box"}],"items_purged_floors":[3,19,45,53],"is_endless":false,"potions_floor_spawned":[1,2,11,12,13,20,22,23,25,27,33,37,38,48,54],"killed_by":"The Heart","ascension_level":9}}