{"host":"hl2lcm3kcu0x5jvn","time":1610189886,"event":{"mods":["AchievementEnabler","BaseMod","Conspire","Downfall","Friendly Minions","Highlight Path","Hubris","Infinite Spire","Lobotomy","Minty Spire (QoL Compilation)","Replay The Spire","Shop Mod","StSLib","everything is the same but u backflip on backflip","vexMod"],"gold_per_floor":[114,129,144,159,159,159,159,159,209,209,224,224,239,254,254,354,354,369,384,384,384,384],"floor_reached":20,"playtime":1018,"items_purged":[],"score":193,"play_id":"dda76555-f401-4177-ac85-913a5b311085","local_time":"20210109175806","daily_mods":["Chimera","Red Cards","downfall:Enraging"],"is_ascension_mode":false,"campfire_choices":[{"floor":6,"key":"REST"},{"floor":10,"key":"REST"},{"floor":15,"key":"REST"}],"circlet_count":0,"master_deck":["Bash","Survivor","Zap","Eruption","Strike_R","Strike_G","Strike_B","Defend_R","Defend_G","Defend_P","Slimebound:SlimeSpikes","Slimebound:RollThrough","Anger","Dropkick","Whirlwind","Slimebound:ServeAndProtect","Cleave","Slimebound:RallyTheTroops","Slimebound:FormOfPuddle","Slimebound:SplitAcid+1"],"relics":["Slimebound:AbsorbEndCombat","Du-Vu Doll","ReplayFunnel","Mango","ChewingGum"],"acts_visited":["Exordium","TheCity"],"potions_floor_usage":[16],"damage_taken":[{"damage":13,"enemies":"conspire:RoseBush","floor":1,"turns":3},{"damage":2,"enemies":"Small Slimes","floor":2,"turns":4},{"damage":8,"enemies":"2 Louse","floor":3,"turns":3},{"damage":26,"enemies":"Exordium Wildlife","floor":4,"turns":6},{"damage":8,"enemies":"Looter","floor":11,"turns":3},{"damage":9,"enemies":"Gremlin Gang","floor":13,"turns":2},{"damage":2,"enemies":"2 Fungi Beasts","floor":14,"turns":4},{"damage":64,"enemies":"Slime Boss","floor":16,"turns":11},{"damage":0,"enemies":"3 Byrds","floor":18,"turns":4},{"damage":55,"enemies":"Shell Parasite","floor":19,"turns":10},{"damage":26,"enemies":"Sentry and Sphere","floor":20,"turns":3}],"seed_played":"579003938715623652","potions_obtained":[{"floor":2,"key":"sneckomod:MuddlingPotion"},{"floor":11,"key":"hexamod:EctoCoolerPotion"},{"floor":14,"key":"Reflective Coating"},{"floor":16,"key":"Elixir"},{"floor":18,"key":"GamblersBrew"}],"is_trial":false,"path_per_floor":["M","M","M","M","?","R","?","?","T","R","M","?","M","M","R","B",null,"M","M","M"],"character_chosen":"SLIMEBOUND","items_purchased":[],"campfire_rested":3,"item_purchase_floors":[],"current_hp_per_floor":[47,45,37,11,11,29,29,32,32,50,42,56,47,45,68,4,77,77,22,0,0,0],"gold":384,"neow_bonus":"","is_daily":true,"chose_seed":false,"campfire_upgraded":0,"win_rate":0.0,"timestamp":1610189886,"path_taken":["M","M","M","M","?","R","?","?","T","R","?","?","?","M","R","BOSS","M","M","M"],"items_purchased_type":[],"build_version":"2020-12-22","purchased_purges":0,"victory":false,"max_hp_per_floor":[60,60,60,60,60,60,60,63,63,63,63,77,77,77,77,77,77,77,77,77,77,77],"card_choices":[{"not_picked":["Twin Strike","Armaments"],"picked":"Slimebound:SlimeSpikes","floor":1},{"not_picked":["Slimebound:ServeAndProtect","Slimebound:DivideAndConquer"],"picked":"Slimebound:RollThrough","floor":2},{"not_picked":["Battle Trance","ReplayTheSpireMod:Corrosion Curse"],"picked":"Anger","floor":3},{"not_picked":["Slimebound:Equalize","Slimebound:Prepare"],"picked":"Dropkick","floor":4},{"not_picked":["Slimebound:GrowthPunch","Slimebound:LeechingTouch"],"picked":"Whirlwind","floor":11},{"not_picked":["Slimebound:BestDefense","Anger"],"picked":"Slimebound:ServeAndProtect","floor":13},{"not_picked":["hubris:ReadiedAction","Perfected Strike"],"picked":"Cleave","floor":14},{"not_picked":["Slimebound:SlimeSlap","Slimebound:WasteNot"],"picked":"Slimebound:RallyTheTroops","floor":16},{"not_picked":["Perfected Strike+1","Uppercut"],"picked":"Slimebound:FormOfPuddle","floor":18},{"not_picked":["Slimebound:Equalize","Sword Boomerang"],"picked":"Slimebound:SplitAcid+1","floor":19}],"player_experience":92872,"relics_obtained":[{"floor":5,"key":"Du-Vu Doll"},{"floor":9,"key":"ReplayFunnel"}],"event_choices":[{"damage_healed":0,"gold_gain":0,"player_choice":"Ignored","damage_taken":0,"max_hp_gain":0,"max_hp_loss":0,"event_name":"Shining Light","floor":7,"gold_loss":0},{"damage_healed":0,"gold_gain":0,"player_choice":"Gave Potion","damage_taken":0,"relics_obtained":["Mango"],"max_hp_gain":0,"max_hp_loss":0,"event_name":"WeMeetAgain","floor":12,"gold_loss":0}],"is_beta":false,"boss_relics":[{"not_picked":["hubris:RunicObelisk","Empty Cage"],"picked":"ChewingGum"}],"items_purged_floors":[],"is_endless":false,"potions_floor_spawned":[2,11,14,16,18],"killed_by":"Sentry and Sphere","ascension_level":0}}