{"host":"5e0jz0sn42a2vhx9","time":1610173224,"event":{"mods":["ATMod(°¢èªMod)","Act Like it!","BaseMod","Downfall","Hallownest","Lobotomy","Minty Spire (QoL Compilation)","Replay The Spire","StSLib","The Bug Knight","The Cursed","The Hierophant"],"gold_per_floor":[99,9999,10015,10025,9305,9305,9305,9305,9326,9400,9476,9476,9476,9497,9515,8696,8711,8719,8719,8719],"floor_reached":18,"playtime":1019,"items_purged":[],"score":104,"play_id":"fad8b1a2-b480-4cc9-b629-09904278d18b","local_time":"20210109142024","is_ascension_mode":false,"campfire_choices":[{"floor":1,"key":"DIG"},{"data":"Slimebound:RallyTheTroops","floor":6,"key":"SMITH"},{"floor":8,"key":"RECALL"}],"circlet_count":0,"master_deck":["Slimebound:Strike_Slimebound","Slimebound:Strike_Slimebound","Slimebound:Strike_Slimebound","Slimebound:Tackle","Slimebound:Defend_Slimebound","Slimebound:Defend_Slimebound","Slimebound:Defend_Slimebound","Slimebound:Defend_Slimebound","Slimebound:Split","Slimebound:CorrosiveSpit","Slimebound:SplitAcid","Slimebound:SplitLeeching","Slimebound:LevelUp","Slimebound:RallyTheTroops+1","ReplayTheSpireMod:Uncanny Aura","Slimebound:SlimeBrawl","Slimebound:SplitBruiser","Slimebound:ProtectTheBoss","Slimebound:LeadByExample","Chrysalis","Madness","Slimebound:LeechLife"],"relics":["Slimebound:AbsorbEndCombat","AT_ATBox","Replay:Bottled Snecko","Vajra","Replay:Bandana","Toolbox","Art of War","Strawberry","AT_ChloranthyRing","Question Card","Medical Kit"],"acts_visited":["Exordium"],"potions_floor_usage":[5,14,14,14,16,18],"damage_taken":[{"damage":7,"enemies":"2 Louse","floor":2,"turns":2},{"damage":10,"enemies":"Small Slimes","floor":3,"turns":4},{"damage":13,"enemies":"Jaw Worm","floor":4,"turns":3},{"damage":13,"enemies":"downfall:FleeingMerchant","floor":5,"turns":4},{"damage":9,"enemies":"Exordium Wildlife","floor":9,"turns":2},{"damage":4,"enemies":"Exordium Thugs","floor":14,"turns":2},{"damage":19,"enemies":"3 Louse","floor":15,"turns":3},{"damage":18,"enemies":"downfall:FleeingMerchant","floor":16,"turns":4},{"damage":19,"enemies":"Gremlin Gang","floor":17,"turns":5},{"damage":74,"enemies":"downfall:Ironclad","floor":18,"turns":5}],"seed_played":"976488964486468146","potions_obtained":[{"floor":4,"key":"PowerPotion"},{"floor":10,"key":"Adrenaline Potion"},{"floor":10,"key":"Fire Potion"},{"floor":14,"key":"LiquidMemories"},{"floor":17,"key":"AttackPotion"}],"is_trial":false,"path_per_floor":["R","M","M","M","$","R","T","R","M","?","T","PTL","PTL","M","M","$","M","B"],"character_chosen":"SLIMEBOUND","items_purchased":["Vajra","Replay:Bandana","Toolbox","ReplayTheSpireMod:Uncanny Aura","BlessingOfTheForge","Dexterity Potion","LiquidMemories","AT_ChloranthyRing","Question Card","Medical Kit","Chrysalis","Madness"],"campfire_rested":0,"item_purchase_floors":[5,5,5,5,5,5,5,16,16,16,16,16],"current_hp_per_floor":[66,66,66,66,65,65,65,65,64,71,71,71,71,73,70,68,65,0,0,0],"gold":8719,"neow_bonus":"TEN_PERCENT_HP_BONUS","is_daily":false,"chose_seed":false,"campfire_upgraded":1,"win_rate":0.0,"timestamp":1610173224,"path_taken":["R","M","M","M","$","R","T","R","M","?","?","PTL","PTL","M","M","$","M","BOSS"],"items_purchased_type":["Relic","Relic","Relic","Card","Potion","Potion","Potion","Relic","Relic","Relic","Card","Card"],"build_version":"2020-12-22","purchased_purges":0,"victory":false,"max_hp_per_floor":[66,66,66,66,66,66,66,66,66,73,73,73,73,73,73,73,73,73,73,73],"card_choices":[{"not_picked":["Slimebound:SpikyOuterGoop","Slimebound:LeechingTouch"],"picked":"Slimebound:SplitAcid","floor":2},{"not_picked":["Slimebound:Schlurp","Slimebound:ComboTackle"],"picked":"Slimebound:SplitLeeching","floor":3},{"not_picked":["Slimebound:GoopTackle","Slimebound:SamplingLick"],"picked":"Slimebound:LevelUp","floor":4},{"not_picked":["Slimebound:RainOfGoop","Slimebound:SlimeSpikes"],"picked":"Slimebound:RallyTheTroops","floor":5},{"not_picked":["Slimebound:ComboTackle","Slimebound:HauntingLick"],"picked":"Slimebound:SlimeBrawl","floor":9},{"not_picked":["Slimebound:PressTheAttack","Slimebound:LeechEnergy"],"picked":"Slimebound:SplitBruiser","floor":10},{"not_picked":["Slimebound:HauntingLick","Slimebound:Schlurp"],"picked":"Slimebound:ProtectTheBoss","floor":14},{"not_picked":["Slimebound:Nibble","Slimebound:ViciousTackle","Slimebound:GoopSpray"],"picked":"SKIP","floor":15},{"not_picked":["Slimebound:DisruptingSlam","Slimebound:ComboTackle"],"picked":"Slimebound:LeadByExample","floor":16},{"not_picked":["Slimebound:SlimeSpikes","Slimebound:RollThrough","Slimebound:SplitLeeching"],"picked":"Slimebound:LeechLife","floor":17}],"player_experience":367053,"relics_obtained":[{"floor":1,"key":"Replay:Bottled Snecko"},{"floor":7,"key":"Art of War"},{"floor":10,"key":"Strawberry"}],"event_choices":[],"is_beta":false,"boss_relics":[],"items_purged_floors":[],"is_endless":false,"potions_floor_spawned":[4,14,17],"killed_by":"downfall:Ironclad","ascension_level":0}}