{"host":"4mxntv5hh20ijfso","time":1610200649,"event":{"mods":["AchievementEnabler","Act Like it!","BaseMod","CapriCore","Chen","Energized Spire","Gensokyo","Halation","Infinite Spire","Koishi","Marisa????????","Minty Spire (QoL Compilation)","Onozuka Komachi Mod","Quick Restart","Random Character Button","Rare Cards Sparkle","Reimu??????","Remilia??????","Shop Mod","Spicy Shops","StSLib","The Administrix","The Immortal","The Servant 0.9.4","TheVelvet","Uncapped","Waifu the Spire","Yakumo Yukari mod","Yuri Mod","Yuyuko"],"gold_per_floor":[109,125,125,18,33,376,476,476,476,36,45,45,64,73,73,187,250,275,675,675,695,719,719,759,119,145,145,145,145,145,165,165,165,165],"floor_reached":33,"playtime":2865,"items_purged":[],"score":286,"play_id":"2227aa74-8f2b-4682-ab20-12a190782dc5","local_time":"20210109085729","is_ascension_mode":false,"campfire_choices":[{"floor":12,"key":"REST"},{"data":"Potential","floor":15,"key":"SMITH"},{"floor":23,"key":"REST"},{"floor":27,"key":"REST"},{"floor":29,"key":"REST"},{"floor":32,"key":"RECALL"}],"circlet_count":0,"master_deck":["KidneyShot","Exchange","FanOfKnives","Gouge","Potential+1","Ricochet","Snipe","Injury","Read","Clumsy","Initiator","TheWorld","FlawlessForm","Revamp","TimeWarp","FanOfKnives","TimeWarp","Ricochet","Defy+1","Defy","InstantArmor","ReturningBlade+1","Gensokyo:ScrapIron","Gensokyo:Shovel","Gensokyo:Doppelganger","Gensokyo:LockedMedkit","RealityMarble"],"relics":["Uniform","CeramicFish","Sundial","Gensokyo:PortableGap","infinitespire:Joker Card","halation:OrihimeAndHikoboshiSamaAndTears","Gensokyo:NagashiBinaDoll","Pandora\u0027s Box","Potion Belt","Orichalcum","AntiCross","TentaclePot:ReiMu","halation:Sosunser"],"acts_visited":["Gensokyo:Gensokyo","Gensokyo:Gensokyoer"],"potions_floor_usage":[6,16,18,24,33,33],"damage_taken":[{"damage":6,"enemies":"Gensokyo:2_Kodama","floor":1,"turns":5},{"damage":4,"enemies":"Gensokyo:Python","floor":2,"turns":4},{"damage":6,"enemies":"Gensokyo:Gryphon","floor":5,"turns":5},{"damage":41,"enemies":"Gensokyo:Aya","floor":6,"turns":10},{"damage":0,"enemies":"Gensokyo:LivingMonolith","floor":13,"turns":3},{"damage":13,"enemies":"Gensokyo:Reimu","floor":16,"turns":12},{"damage":28,"enemies":"Gensokyo:CosmicMonolith","floor":18,"turns":4},{"damage":6,"enemies":"Gensokyo:3_Dogs","floor":21,"turns":4},{"damage":14,"enemies":"Gensokyo:Chomper_and_Gloop","floor":22,"turns":6},{"damage":22,"enemies":"Gensokyo:Tenshi","floor":24,"turns":4},{"damage":12,"enemies":"Gensokyo:Wraith","floor":31,"turns":5},{"damage":26,"enemies":"Gensokyo:Kaguya","floor":33,"turns":5}],"seed_played":"-2825311550769822353","potions_obtained":[{"floor":1,"key":"Fire Potion"},{"floor":13,"key":"BlessingOfTheForge"},{"floor":16,"key":"PowerPotion"},{"floor":22,"key":"AttackPotion"},{"floor":24,"key":"Ancient Potion"},{"floor":31,"key":"PowerPotion"}],"is_trial":false,"path_per_floor":["M","M","?","COS","M","E","?","?","T","$","?","R","M","?","R","B",null,"M","?","?","M","M","R","E","COS","T","R","$","R","HB","M","R","B"],"character_chosen":"THE_SERVANT","items_purchased":["halation:OrihimeAndHikoboshiSamaAndTears","Snipe"],"campfire_rested":4,"item_purchase_floors":[10,10],"current_hp_per_floor":[65,61,61,61,55,14,14,14,14,14,14,32,32,32,35,22,64,36,36,36,30,16,33,11,11,11,27,27,43,28,16,16,0,0],"gold":165,"neow_bonus":"TEN_PERCENT_HP_BONUS","is_daily":false,"chose_seed":false,"campfire_upgraded":1,"win_rate":0.0,"timestamp":1610200649,"path_taken":["M","M","?","COS","M","E","?","?","T","$","?","R","M","?","R","BOSS","M","?","?","M","?","R","E","COS","T","R","?","R","HB","M","R","BOSS"],"items_purchased_type":["Relic","Card"],"build_version":"2020-12-22","purchased_purges":0,"victory":false,"max_hp_per_floor":[71,71,71,71,71,71,71,64,64,64,64,64,64,64,64,64,64,64,64,59,59,59,59,56,56,56,56,56,56,28,28,28,28,28],"card_choices":[{"not_picked":["TimeWarp","FastForward"],"picked":"FanOfKnives","floor":1},{"not_picked":["FastForward","FanOfKnives"],"picked":"Gouge","floor":2},{"not_picked":["Unruled","Replace"],"picked":"Potential","floor":5},{"not_picked":["Gouge","StarChef"],"picked":"Ricochet","floor":6},{"not_picked":["DualDimension","BottledTime"],"picked":"Read","floor":13},{"not_picked":["Deny","Solidify"],"picked":"Initiator","floor":16},{"not_picked":["Rewind","Ricochet"],"picked":"Defy+1","floor":18},{"not_picked":["Replace","Ricochet"],"picked":"Defy","floor":21},{"not_picked":["Starlight","Advance+1"],"picked":"InstantArmor","floor":22},{"not_picked":["Ricochet+1","Potential+1"],"picked":"ReturningBlade+1","floor":24},{"not_picked":["TimeWarp","FlawlessForm"],"picked":"RealityMarble","floor":31}],"player_experience":13283,"relics_obtained":[{"floor":6,"key":"Sundial"},{"floor":9,"key":"infinitespire:Joker Card"},{"floor":24,"key":"AntiCross"}],"event_choices":[],"is_beta":false,"boss_relics":[{"not_picked":["energizedSpire:SpiderWeb","Runic Pyramid"],"picked":"Pandora\u0027s Box"}],"items_purged_floors":[],"is_endless":false,"potions_floor_spawned":[1,13,16,22,24,31],"killed_by":"Gensokyo:Kaguya","ascension_level":0}}