{"host":"mfnyjbfkyfsz33u9","time":1610159441,"event":{"mods":["2.2 Compatiblity","BaseMod","Colored Powertips","Downfall","Marisa£¨Ùöéë¡¡Øª×âÞÞ£©","Minty Spire (QoL Compilation)","Rare Cards Sparkle","Replay The Spire","StSLib","SuperFastMode","The Cursed"],"gold_per_floor":[99,112,122,135,135,153,153,153,153,153,153,153,153,179,190,294,294,294,294,294,294,294,204,204,204,204,89,89,89,89,89,89,89,89,89,89,89,89,89,89,89,89,89,89,89,89,89,89,89,89,89,89,50,50,50],"floor_reached":56,"playtime":2213,"items_purged":["Shame","Regret"],"score":1578,"play_id":"95e75f8d-21c6-4ec0-8e3e-9c6bbb46162a","local_time":"20210109113041","is_ascension_mode":true,"campfire_choices":[{"data":"Slimebound:SlimeSlap","floor":1,"key":"SMITH"},{"data":"Slimebound:CorrosiveSpit","floor":8,"key":"SMITH"},{"data":"Slimebound:Split","floor":11,"key":"SMITH"},{"floor":13,"key":"RECALL"},{"data":"Slimebound:LeechEnergy","floor":18,"key":"SMITH"},{"data":"Slimebound:SlimeTap","floor":28,"key":"SMITH"},{"data":"Looming Evil","floor":35,"key":"PURGE"},{"data":"Slimebound:DuplicatedForm","floor":54,"key":"SMITH"}],"circlet_count":0,"master_deck":["Slimebound:Strike_Slimebound+1","Slimebound:Tackle","Slimebound:Defend_Slimebound","Slimebound:Defend_Slimebound","Slimebound:Defend_Slimebound","Slimebound:Defend_Slimebound","Slimebound:Split+1","Slimebound:CorrosiveSpit+1","Slimebound:SlimeSlap+1","Slimebound:SplitLeeching+1","Slimebound:SplitAcid","Slimebound:DivideAndConquer+1","Slimebound:RallyTheTroops+1","Slimebound:SplitMire","Slimebound:LeechEnergy+1","Slimebound:MassFeed","Slimebound:SplitBruiser","Slimebound:SlimeTap+1","Slimebound:ProtectTheBoss","Slimebound:DuplicatedForm+1","Slimebound:OneTwoCombo","Replay:SS_fish_2","Slimebound:Darklings","Slimebound:SlimeSpikes+1","Slimebound:TagTeam","Slimebound:PressTheAttack","Slimebound:PrepareCrush","Slimebound:SpikyOuterGoop"],"relics":["Slimebound:AbsorbEndCombat","Ring of Searing","Kunai","downfall:Hecktoplasm","downfall:HeartBlessingRed","downfall:HeartBlessingGreen","Omamori","downfall:RedIOU","Potion Belt","Mummified Hand","downfall:HeartBlessingBlue","WingedGreaves","SlaversCollar","Thread and Needle","Pen Nib","Pantograph","Replay:Baseball","Gambling Chip","Lantern"],"acts_visited":["Exordium","TheCity","TheBeyond","TheEnding"],"potions_floor_usage":[16,31,31,33,39,44,55,55,55],"damage_taken":[{"damage":4,"enemies":"2 Louse","floor":2,"turns":2},{"damage":8,"enemies":"Small Slimes","floor":3,"turns":3},{"damage":19,"enemies":"Jaw Worm","floor":4,"turns":2},{"damage":11,"enemies":"2 Fungi Beasts","floor":6,"turns":3},{"damage":26,"enemies":"3 Sentries","floor":14,"turns":3},{"damage":21,"enemies":"Exordium Wildlife","floor":15,"turns":2},{"damage":66,"enemies":"downfall:Silent","floor":16,"turns":5},{"damage":28,"enemies":"Chosen","floor":19,"turns":3},{"damage":38,"enemies":"downfall:FleeingMerchant","floor":23,"turns":4},{"damage":61,"enemies":"Slavers","floor":26,"turns":3},{"damage":26,"enemies":"downfall:FleeingMerchant","floor":27,"turns":4},{"damage":28,"enemies":"Centurion and Healer","floor":29,"turns":4},{"damage":43,"enemies":"Shelled Parasite and Fungi","floor":30,"turns":4},{"damage":25,"enemies":"Book of Stabbing","floor":31,"turns":3},{"damage":40,"enemies":"Snake Plant","floor":32,"turns":2},{"damage":78,"enemies":"downfall:Watcher","floor":33,"turns":6},{"damage":29,"enemies":"Orb Walker","floor":36,"turns":3},{"damage":44,"enemies":"3 Darklings","floor":38,"turns":3},{"damage":49,"enemies":"2 Orb Walkers","floor":39,"turns":4},{"damage":44,"enemies":"Nemesis","floor":43,"turns":5},{"damage":37,"enemies":"4 Shapes","floor":44,"turns":2},{"damage":47,"enemies":"R_Hoarder","floor":45,"turns":4},{"damage":12,"enemies":"downfall:FleeingMerchant","floor":46,"turns":1},{"damage":63,"enemies":"Reptomancer","floor":47,"turns":4},{"damage":52,"enemies":"Maw","floor":48,"turns":4},{"damage":26,"enemies":"3 Darklings","floor":49,"turns":3},{"damage":57,"enemies":"downfall:Ironclad","floor":50,"turns":5},{"damage":55,"enemies":"downfall:CharBossMerchant","floor":52,"turns":5},{"damage":68,"enemies":"downfall:NeowBoss","floor":55,"turns":18}],"seed_played":"1923556088472724630","potions_obtained":[{"floor":3,"key":"LiquidBronze"},{"floor":15,"key":"champ:CounterPotion"},{"floor":16,"key":"FearPotion"},{"floor":29,"key":"Explosive Potion"},{"floor":30,"key":"Block Potion"},{"floor":32,"key":"PowerPotion"},{"floor":39,"key":"Toxic Potion"},{"floor":43,"key":"Swift Potion"},{"floor":44,"key":"Fire Potion"},{"floor":47,"key":"FearPotion"},{"floor":49,"key":"Weak Potion"}],"is_trial":false,"path_per_floor":["R","M","M","M","?","M","T","R","?","?","R","?","R","E","M","B",null,"R","M","?","?","?","$","T","T","E","$","R","M","M","E","M","B",null,"R","M","?","M","?","?","T","?","E","M","E","$","E","M","M","B",null,"E","$","R","B",null],"character_chosen":"SLIMEBOUND","items_purchased":["Slimebound:SpikyOuterGoop"],"campfire_rested":0,"item_purchase_floors":[53],"current_hp_per_floor":[60,60,60,60,60,57,57,57,57,57,57,62,62,63,60,30,65,65,61,61,61,61,55,55,55,30,44,54,65,57,68,59,44,81,81,68,68,72,47,47,47,47,78,72,77,81,77,77,79,84,84,84,84,84,84],"gold":50,"neow_bonus":"ONE_RANDOM_RARE_CARD","is_daily":false,"chose_seed":false,"campfire_upgraded":6,"win_rate":0.0,"timestamp":1610159441,"path_taken":["R","M","M","M","?","M","T","R","?","?","R","?","R","E","M","BOSS","R","M","?","?","?","$","T","?","E","$","R","M","?","E","M","BOSS","R","M","?","M","?","?","T","?","E","?","E","$","E","M","M","BOSS","E","$","R","BOSS"],"items_purchased_type":["Card"],"build_version":"2020-12-22","purchased_purges":2,"victory":true,"max_hp_per_floor":[60,60,60,60,60,60,60,60,60,60,60,65,65,65,65,65,65,65,65,65,65,65,65,65,65,65,65,75,78,81,81,81,81,81,81,81,81,81,81,81,81,81,81,81,81,81,81,81,81,84,84,84,84,84,84],"card_choices":[{"not_picked":["Slimebound:FinishingTackle","Slimebound:Schlurp"],"picked":"Slimebound:SplitLeeching","floor":2},{"not_picked":["Slimebound:SamplingLick","Slimebound:Schlurp"],"picked":"Slimebound:SplitAcid","floor":3},{"not_picked":["Slimebound:SlimeBarrage","Slimebound:ServeAndProtect"],"picked":"Slimebound:DivideAndConquer","floor":4},{"not_picked":["Slimebound:Replication","Slimebound:RollThrough"],"picked":"Slimebound:SplitMire","floor":6},{"not_picked":["Slimebound:Schlurp","Slimebound:SplitMire","Slimebound:SlimeBarrage"],"picked":"SKIP","floor":14},{"not_picked":["Slimebound:ServeAndProtect","Slimebound:TongueLash"],"picked":"Slimebound:LeechEnergy","floor":15},{"not_picked":["Slimebound:TagTeam","Slimebound:OozeBath"],"picked":"Slimebound:MassFeed","floor":16},{"not_picked":["Slimebound:GoopTackle","Slimebound:Schlurp","Slimebound:SlimeSpikes"],"picked":"SKIP","floor":19},{"not_picked":["Slimebound:LeadByExample","Slimebound:PressTheAttack+1"],"picked":"Slimebound:SplitBruiser","floor":23},{"not_picked":["Slimebound:GrowthPunch","Slimebound:DisruptingSlam"],"picked":"Slimebound:SlimeTap","floor":26},{"not_picked":["Slimebound:PressTheAttack","Slimebound:ForwardTackle","Slimebound:ViciousTackle"],"picked":"SKIP","floor":27},{"not_picked":["Slimebound:LeechEnergy","Slimebound:DivideAndConquer"],"picked":"Slimebound:ProtectTheBoss","floor":29},{"not_picked":["Slimebound:ViciousTackle+1","Slimebound:LevelUp","Slimebound:PressTheAttack"],"picked":"SKIP","floor":30},{"not_picked":["Slimebound:RollThrough+1","Slimebound:LevelUp+1"],"picked":"Slimebound:DuplicatedForm","floor":31},{"not_picked":["Slimebound:LevelUp","Slimebound:FlameTackle+1","Slimebound:SplitBruiser+1"],"picked":"SKIP","floor":32},{"not_picked":["Slimebound:Darklings","Slimebound:Teamwork"],"picked":"Slimebound:OneTwoCombo","floor":33},{"not_picked":["Slimebound:SplitBruiser+1","Slimebound:LeechEnergy+1","Slimebound:Schlurp+1"],"picked":"SKIP","floor":36},{"not_picked":["Slimebound:ComboTackle","Slimebound:SlimeTap+1","Slimebound:FinishingTackle"],"picked":"SKIP","floor":38},{"not_picked":["expansioncontent:CaCaw","expansioncontent:Hexaburn"],"picked":"Replay:SS_fish_2","floor":40},{"not_picked":["Slimebound:RollThrough+1","Slimebound:GrowthPunch+1","Slimebound:PressTheAttack"],"picked":"SKIP","floor":43},{"not_picked":["Slimebound:SamplingLick","Slimebound:FinishingTackle"],"picked":"Slimebound:Darklings","floor":44},{"not_picked":["Slimebound:PrepareCrush","Slimebound:FinishingTackle+1"],"picked":"Slimebound:SlimeSpikes+1","floor":45},{"not_picked":["Slimebound:SlimeSlap","Slimebound:FinishingTackle+1"],"picked":"Slimebound:TagTeam","floor":46},{"not_picked":["Slimebound:LeechEnergy","Slimebound:ProtectTheBoss"],"picked":"Slimebound:PressTheAttack","floor":47},{"not_picked":["Slimebound:SplitBruiser+1","Slimebound:Chomp+1","Slimebound:Dissolve"],"picked":"SKIP","floor":48},{"not_picked":["Slimebound:LivingWall","Slimebound:Schlurp","Slimebound:ViciousTackle+1"],"picked":"SKIP","floor":49},{"not_picked":["Slimebound:LeechEnergy","Slimebound:ForwardTackle"],"picked":"Slimebound:PrepareCrush","floor":52}],"player_experience":31668,"relics_obtained":[{"floor":7,"key":"Bag of Preparation"},{"floor":9,"key":"Ring of Searing"},{"floor":14,"key":"Kunai"},{"floor":25,"key":"Potion Belt"},{"floor":26,"key":"Mummified Hand"},{"floor":31,"key":"WingedGreaves"},{"floor":39,"key":"Thread and Needle"},{"floor":41,"key":"Pen Nib"},{"floor":43,"key":"Pantograph"},{"floor":45,"key":"Replay:Baseball"},{"floor":47,"key":"Gambling Chip"},{"floor":52,"key":"Lantern"}],"event_choices":[{"damage_healed":0,"gold_gain":0,"player_choice":"Donut","damage_taken":0,"max_hp_gain":5,"max_hp_loss":0,"event_name":"Big Fish","floor":12,"gold_loss":0},{"damage_healed":0,"gold_gain":0,"player_choice":"Stole Relic","damage_taken":0,"relics_obtained":["Omamori"],"max_hp_gain":0,"max_hp_loss":0,"event_name":"Addict","floor":20,"gold_loss":0,"cards_obtained":["Shame"]},{"damage_healed":0,"gold_gain":0,"player_choice":"Fight","damage_taken":0,"max_hp_gain":0,"max_hp_loss":0,"event_name":"Mysterious Sphere","floor":39,"gold_loss":0},{"cards_removed":["Slimebound:Strike_Slimebound"],"damage_healed":0,"gold_gain":0,"player_choice":"Offered Basic","damage_taken":0,"max_hp_gain":0,"max_hp_loss":0,"event_name":"Bonfire Elementals","floor":42,"gold_loss":0}],"is_beta":false,"boss_relics":[{"not_picked":["Astrolabe","Philosopher\u0027s Stone"],"picked":"downfall:Hecktoplasm"},{"not_picked":["Tiny House","Replay:Drink Me"],"picked":"SlaversCollar"}],"items_purged_floors":[23,27],"is_endless":false,"potions_floor_spawned":[3,15,16,29,30,32,39,43,44,47,49],"ascension_level":1}}