{"host":"c5452fuijzdtmpqe","time":1610153308,"event":{"mods":["Aspiration","BaseMod","Better Third Choice","BetterRewards","Colored Map","Colored Powertips","Downfall","Evolution","Googly Eyes","Highlight Path","Minty Spire (QoL Compilation)","Shop Mod","StSLib","SuperFastMode"],"gold_per_floor":[113,213,232,249,269,303,314,344,344,359,385,385,385,234,234,335,335,354,354,367,124,124,142,142,175,175,210,210,85,85,104,104,205,205,220,220,270,116,134,134,164,212,212,212,212,212,224,234,234,234,234,234,155,183,183],"floor_reached":56,"playtime":1394,"items_purged":["Defend_G","Poisoned Stab","Defend_G"],"score":1883,"play_id":"eb1c30bd-2ed0-44eb-a685-4bc4ee183eab","local_time":"20210108194828","is_ascension_mode":false,"campfire_choices":[{"data":"Accuracy","floor":12,"key":"SMITH"},{"floor":15,"key":"REST"},{"data":"Accuracy","floor":24,"key":"SMITH"},{"floor":28,"key":"RECALL"},{"data":"Blade Dance","floor":32,"key":"SMITH"},{"data":"Slice","floor":40,"key":"SMITH"},{"data":"Endless Agony","floor":44,"key":"SMITH"},{"data":"Flying Knee","floor":46,"key":"SMITH"},{"data":"Neutralize","floor":49,"key":"SMITH"},{"data":"Survivor","floor":52,"key":"SMITH"}],"circlet_count":0,"master_deck":["Sucker Punch","Sucker Punch","Sucker Punch","Sucker Punch","Sucker Punch","Backflip","Backflip+1","Backflip+1","Survivor+1","Neutralize+1","Flying Knee+1","Slice+1","Slice+1","Blade Dance+1","Accuracy+1","Endless Agony+1","Accuracy+1","Terror+1"],"relics":["Ring of the Snake","EVO:Axolotl","Kunai","Gremlin Horn","aspiration:StickyExplosives_weak","Letter Opener","War Paint","aspiration:PoetsPen_weak","Anchor","aspiration:RitualStick","FossilizedHelix","Toxic Egg 2","Bottled Flame","MutagenicStrength","Busted Crown","Peace Pipe","Oddly Smooth Stone","aspiration:Lifesprig","Torii","Ninja Scroll"],"acts_visited":["Exordium","TheCity","TheBeyond","TheEnding"],"potions_floor_usage":[16,16,27,27,50,50,55,55],"damage_taken":[{"damage":1,"enemies":"2 Louse","floor":1,"turns":3},{"damage":0,"enemies":"Cultist","floor":3,"turns":3},{"damage":0,"enemies":"Small Slimes","floor":4,"turns":2},{"damage":0,"enemies":"Looter","floor":5,"turns":3},{"damage":8,"enemies":"3 Sentries","floor":6,"turns":8},{"damage":1,"enemies":"Blue Slaver","floor":7,"turns":3},{"damage":10,"enemies":"Gremlin Nob","floor":8,"turns":3},{"damage":0,"enemies":"Exordium Wildlife","floor":10,"turns":1},{"damage":5,"enemies":"Lagavulin","floor":11,"turns":4},{"damage":0,"enemies":"Slime Boss","floor":16,"turns":5},{"damage":0,"enemies":"3 Byrds","floor":18,"turns":2},{"damage":0,"enemies":"Chosen","floor":20,"turns":2},{"damage":6,"enemies":"Snecko","floor":23,"turns":3},{"damage":0,"enemies":"Gremlin Leader","floor":25,"turns":4},{"damage":0,"enemies":"Slavers","floor":27,"turns":3},{"damage":0,"enemies":"Centurion and Healer","floor":31,"turns":2},{"damage":0,"enemies":"Automaton","floor":33,"turns":5},{"damage":0,"enemies":"3 Shapes","floor":35,"turns":1},{"damage":0,"enemies":"Mind Bloom Boss Battle","floor":37,"turns":2},{"damage":0,"enemies":"3 Darklings","floor":39,"turns":3},{"damage":0,"enemies":"Reptomancer","floor":41,"turns":3},{"damage":0,"enemies":"2 Orb Walkers","floor":42,"turns":2},{"damage":0,"enemies":"Sphere and 2 Shapes","floor":47,"turns":2},{"damage":0,"enemies":"Jaw Worm Horde","floor":48,"turns":1},{"damage":0,"enemies":"Awakened One","floor":50,"turns":5},{"damage":0,"enemies":"Shield and Spear","floor":54,"turns":4},{"damage":32,"enemies":"The Heart","floor":55,"turns":6}],"seed_played":"-1797738670587815463","potions_obtained":[{"floor":4,"key":"AttackPotion"},{"floor":6,"key":"SteroidPotion"},{"floor":11,"key":"LiquidMemories"},{"floor":16,"key":"Weak Potion"},{"floor":20,"key":"Explosive Potion"},{"floor":27,"key":"GamblersBrew"},{"floor":31,"key":"PowerPotion"}],"is_trial":false,"path_per_floor":["M","?","M","M","M","E","M","E","T","M","E","R","?","$","R","B",null,"M","?","M","$","?","M","R","E","T","E","R","$","?","M","R","B",null,"M","?","?","$","M","R","E","?","T","R","?","R","M","M","R","B",null,"R","$","E","B",null],"character_chosen":"THE_SILENT","items_purchased":["Kunai","Endless Agony","Anchor","Oddly Smooth Stone","DistilledChaos"],"campfire_rested":1,"item_purchase_floors":[0,14,21,38,53],"current_hp_per_floor":[69,69,69,69,69,61,60,50,50,50,45,45,45,45,66,66,70,70,62,62,62,48,42,42,42,42,42,42,42,42,42,42,42,70,70,66,66,66,66,66,66,66,66,66,66,66,66,66,66,66,66,66,66,66,34],"gold":183,"neow_bonus":"","is_daily":false,"chose_seed":false,"campfire_upgraded":8,"win_rate":0.0,"timestamp":1610153308,"path_taken":["M","?","M","?","M","E","M","E","T","M","E","R","?","$","R","BOSS","M","?","M","$","?","M","R","E","T","E","R","$","?","M","R","BOSS","M","?","?","$","M","R","E","?","T","R","?","R","M","M","R","BOSS","R","$","E","BOSS"],"items_purchased_type":["Relic","Card","Relic","Relic","Potion"],"build_version":"2020-12-22","purchased_purges":3,"victory":true,"max_hp_per_floor":[70,70,70,70,70,70,70,70,70,70,70,70,70,70,70,70,70,70,70,70,70,70,70,70,70,70,70,70,70,70,70,70,70,70,70,66,66,66,66,66,66,66,66,66,66,66,66,66,66,66,66,66,66,66,66],"card_choices":[{"not_picked":["Cloak And Dagger","Prepared"],"picked":"Flying Knee","floor":1},{"not_picked":["Bane","Deadly Poison"],"picked":"Poisoned Stab","floor":3},{"not_picked":["Underhanded Strike","Dodge and Roll"],"picked":"Slice","floor":4},{"not_picked":["Sucker Punch","Terror"],"picked":"Slice","floor":5},{"not_picked":["Bane","Venomology","aspiration:Lunge"],"picked":"SKIP","floor":6},{"not_picked":["Flying Knee","Calculated Gamble"],"picked":"Blade Dance","floor":7},{"not_picked":["Flying Knee","Concentrate","Choke"],"picked":"SKIP","floor":8},{"not_picked":["Outmaneuver","Bouncing Flask"],"picked":"Accuracy","floor":10},{"not_picked":["Predator","Backflip","Flying Knee"],"picked":"SKIP","floor":11},{"not_picked":["Predator","Dagger Throw","Quick Slash"],"picked":"SKIP","floor":18},{"not_picked":["Underhanded Strike","Flying Knee"],"picked":"Accuracy","floor":20},{"not_picked":["Dodge and Roll","Dagger Spray","PiercingWail+1"],"picked":"SKIP","floor":23},{"not_picked":["Corpse Explosion","Underhanded Strike","Predator+1"],"picked":"SKIP","floor":25},{"not_picked":["aspiration:Lunge","Underhanded Strike+1"],"picked":"Terror+1","floor":27},{"not_picked":["Concentrate+1","Sucker Punch","Expertise+1"],"picked":"SKIP","floor":31},{"not_picked":["PiercingWail+1"],"picked":"SKIP","floor":35},{"not_picked":["Flying Knee+1"],"picked":"SKIP","floor":39},{"not_picked":["Poisoned Stab"],"picked":"SKIP","floor":41},{"not_picked":["Flying Knee"],"picked":"SKIP","floor":47},{"not_picked":["Dagger Spray"],"picked":"SKIP","floor":48},{"not_picked":["Reflex+1"],"picked":"SKIP","floor":54}],"player_experience":512256,"relics_obtained":[{"floor":6,"key":"Gremlin Horn"},{"floor":8,"key":"aspiration:StickyExplosives_weak"},{"floor":9,"key":"Letter Opener"},{"floor":11,"key":"War Paint"},{"floor":25,"key":"FossilizedHelix"},{"floor":26,"key":"Toxic Egg 2"},{"floor":27,"key":"Bottled Flame"},{"floor":37,"key":"Peace Pipe"},{"floor":41,"key":"aspiration:Lifesprig"},{"floor":42,"key":"Torii"},{"floor":54,"key":"Ninja Scroll"}],"event_choices":[{"damage_healed":0,"gold_gain":100,"player_choice":"Pray","damage_taken":0,"max_hp_gain":0,"max_hp_loss":0,"event_name":"Golden Shrine","floor":2,"gold_loss":0},{"damage_healed":0,"gold_gain":0,"player_choice":"Ignored","damage_taken":0,"max_hp_gain":0,"max_hp_loss":0,"event_name":"Golden Idol","floor":13,"gold_loss":0},{"damage_healed":0,"gold_gain":0,"player_choice":"Inject Mutagens","damage_taken":0,"relics_obtained":["MutagenicStrength"],"max_hp_gain":0,"max_hp_loss":0,"event_name":"Drug Dealer","floor":30,"gold_loss":0},{"damage_healed":0,"gold_gain":0,"player_choice":"Max HP","damage_taken":0,"max_hp_gain":0,"max_hp_loss":4,"event_name":"Winding Halls","floor":36,"gold_loss":0},{"damage_healed":0,"gold_gain":0,"player_choice":"Fight","damage_taken":0,"max_hp_gain":0,"max_hp_loss":0,"event_name":"MindBloom","floor":37,"gold_loss":0},{"damage_healed":0,"gold_gain":0,"player_choice":"Fight","damage_taken":0,"max_hp_gain":0,"max_hp_loss":0,"event_name":"Mysterious Sphere","floor":42,"gold_loss":0},{"damage_healed":0,"gold_gain":0,"player_choice":"Upgraded","damage_taken":0,"max_hp_gain":0,"max_hp_loss":0,"event_name":"Upgrade Shrine","floor":45,"gold_loss":0,"cards_upgraded":["Slice"]}],"is_beta":false,"boss_relics":[{"not_picked":["aspiration:SecretTechniqueScroll","Snecko Eye"],"picked":"aspiration:PoetsPen_weak"},{"not_picked":["SlaversCollar","Runic Dome"],"picked":"Busted Crown"}],"items_purged_floors":[14,21,29],"is_endless":false,"potions_floor_spawned":[4,6,11,16,20,27,31,33,35,41,48],"ascension_level":0}}