{"host":"v9ordiuf4xzdpttp","time":1610218117,"event":{"mods":["AchievementEnabler","Act Like it!","AlwaysNeverKeys","Aspiration","Bard","Bartender","BaseMod","Better Third Choice","Better Vampires","BetterRewards","Colored Map","Conspire","Dio Mod","Downfall","Energized Spire","Gold Saver","GungeonMod","Halation","Hubris","Infinite Spire","Ironclad Rager","Jedi Mod","Marked Mod","Melee Mod","Minty Spire (QoL Compilation)","Pale of the Ancients","Remove Card Discount Mod","Replay The Spire","Robot Space Explorer","SOS???????","Shop Mod","Small Relic Pack","Somnambulant","Spicy Shops","StSLib","The Bladedancer","The Bug Knight","The Construct","The Death Knight","The Exalted","The Hayseed","The Hierophant","The Jungle","The Mystic","The Runesmith","The Saiyan","The Senshi","The Servant 0.9.4","The Wild Card","TheBandit","vexMod","??????REMEMod"],"gold_per_floor":[582,582,5,30,48,48,58,58,81,101,131,141,169,83,83,181,181,201,201,201,220,93,93,126,143,192,218,229,4,16,42,42,141,141,161,161,161,17,28,28,57,57,57,67,67,196,213,282,282,382,382,397,411,411,490,490,502,502,109,109,211,211,211],"floor_reached":62,"playtime":3582,"items_purged":["Strike_R","Strike_R","Strike_R","Defend_R","Defend_R","Strike_R","Defend_R","Defend_R","Bash","infinitespire:Pacifist","Looming Evil"],"score":2218,"play_id":"3b995b80-ccec-4f76-b84a-5eafc70de76f","local_time":"20210109134837","is_ascension_mode":true,"campfire_choices":[{"data":"Spot Weakness","floor":6,"key":"SMITH"},{"data":"Evolve","floor":8,"key":"SMITH"},{"floor":15,"key":"DIG"},{"data":"jedi:MakeshiftSword","floor":23,"key":"SMITH"},{"data":"theWildCard:Odin","floor":32,"key":"SMITH"},{"floor":40,"key":"RECALL"},{"floor":42,"key":"REST"},{"data":"jedi:MakeshiftSword","floor":49,"key":"SMITH"},{"data":"dioMod:Pluck","floor":56,"key":"SMITH"},{"data":"Body Slam","floor":58,"key":"SMITH"}],"circlet_count":0,"master_deck":["Strike_R","Anger","theWildCard:Odin+1","Spot Weakness+1","jedi:MakeshiftSword+1","Shrug It Off+1","Inflame","Evolve+1","Shrug It Off+1","Anger","REME_Fury+1","Wild Strike","Pommel Strike","Anger","Body Slam+1","jedi:MakeshiftSword+1","True Grit+1","Armaments+1","hubris:ReadiedAction+1","ReplayTheSpireMod:Splinters","Inflame","hubris:NaturalOne","dioMod:Pluck+1","dioMod:WRYYY","hubris:Fate+1","Anger","Intimidate+1","REME_Cut","ReplayTheSpireMod:Stacked+1","Violence+1"],"relics":["Burning Blood","REME_ComplimentaryCards","Toxic Egg 2","hubris:TenFootPole","ReplayFunnel","DemoMod:PoisonVial","hubris:Metronome","infinitespire:ShieldingShard","Busted Crown","vexMod:InvisibilityCloak","MerchantsRug","Snack Pack","MealTicket","HollowMod:PaleOreRelic","Gremlin Horn","conspire:RunicOctahedron","Membership Card","DemoMod:WhiteGuonStone","infinitespire:Lucky Rock","hubris:Icosahedron","hubris:DisguiseKit","War Paint","Mark of Pain","paleoftheancients:Timepiece","paleoftheancients:KeyRelic","Oddly Smooth Stone","paleoftheancients:SoulOfTheSilent","hubris:MysteriousPyramids","DemoMod:GlassGuonStoneRelic","REME_HandOfSuture"],"acts_visited":["Exordium","TheCity","TheBeyond","paleoftheancients:PaleOfTheAncients","Exordium"],"potions_floor_usage":[31],"damage_taken":[{"damage":3,"enemies":"Jaw Worm","floor":1,"turns":3},{"damage":0,"enemies":"Cultist","floor":5,"turns":3},{"damage":6,"enemies":"2 Louse","floor":7,"turns":2},{"damage":0,"enemies":"Looter","floor":10,"turns":4},{"damage":7,"enemies":"Gremlin Nob","floor":11,"turns":5},{"damage":3,"enemies":"2 Fungi Beasts","floor":12,"turns":4},{"damage":5,"enemies":"3 Sentries","floor":13,"turns":4},{"damage":0,"enemies":"Slime Boss","floor":16,"turns":5},{"damage":0,"enemies":"Spheric Guardian","floor":18,"turns":4},{"damage":0,"enemies":"3 Byrds","floor":21,"turns":4},{"damage":24,"enemies":"Slavers","floor":24,"turns":5},{"damage":0,"enemies":"Snake Plant","floor":25,"turns":3},{"damage":0,"enemies":"HollowMod:Nosk","floor":27,"turns":4},{"damage":0,"enemies":"Chosen and Byrds","floor":28,"turns":3},{"damage":0,"enemies":"Cultist and Chosen","floor":30,"turns":3},{"damage":3,"enemies":"Nightmare","floor":31,"turns":5},{"damage":0,"enemies":"conspire:MysteriousRune","floor":33,"turns":4},{"damage":0,"enemies":"3 Darklings","floor":35,"turns":1},{"damage":0,"enemies":"3 Shapes","floor":39,"turns":2},{"damage":26,"enemies":"Nemesis","floor":41,"turns":3},{"damage":1,"enemies":"Writhing Mass","floor":44,"turns":3},{"damage":0,"enemies":"Giant Head","floor":46,"turns":4},{"damage":0,"enemies":"3 Darklings","floor":47,"turns":2},{"damage":14,"enemies":"infinitespire:MassOfShapes","floor":50,"turns":4},{"damage":2,"enemies":"infinitespire:MassOfShapes","floor":52,"turns":3},{"damage":0,"enemies":"infinitespire:MassOfShapes","floor":53,"turns":3},{"damage":0,"enemies":"infinitespire:MassOfShapes","floor":57,"turns":2},{"damage":0,"enemies":"paleoftheancients:N","floor":61,"turns":3}],"seed_played":"583018191486163034","potions_obtained":[{"floor":7,"key":"ColorlessPotion"},{"floor":10,"key":"Adrenaline Potion"},{"floor":12,"key":"sneckomod:MuddlingPotion"},{"floor":31,"key":"Swift Potion"},{"floor":35,"key":"DeathKnight:RimePotion"}],"is_trial":false,"path_per_floor":["M","?","$","T","M","R","M","R","T","M","E","M","E","$","R_BF","B",null,"M","?","?","M","$","R","E","M","T","E","M","$","M","NM","R","B",null,"M","?","?","$","M","R","E","R","T","M","?","E","M","?","R","B",null,"M","M","?","T","R","M","R","$","?","B",null],"character_chosen":"IRONCLAD","items_purchased":["jedi:MakeshiftSword","Toxic Egg 2","hubris:TenFootPole","Shrug It Off+1","halation:BottledHappiness","MerchantsRug","jedi:MakeshiftSword","Membership Card","REME_HandOfSuture","Anger","Intimidate+1","REME_Cut","ReplayTheSpireMod:Stacked+1","Violence+1"],"campfire_rested":1,"item_purchase_floors":[3,3,3,3,14,22,29,38,59,59,59,59,59,59],"current_hp_per_floor":[75,75,75,75,80,80,80,80,80,80,79,80,80,80,80,80,80,80,80,80,80,80,80,62,70,70,80,80,80,80,80,80,80,80,80,80,80,80,80,80,62,80,80,80,80,80,80,80,80,80,84,84,84,84,84,84,84,84,84,84,84,84,84],"gold":211,"neow_bonus":"THREE_CARDS","is_daily":false,"chose_seed":false,"campfire_upgraded":7,"win_rate":0.0,"timestamp":1610218117,"path_taken":["M","?","$","?","M","R","?","R","T","M","E","M","E","$","R_BF","BOSS","M","?","?","M","$","R","E","M","T","E","M","?","M","NM","R","BOSS","M","?","?","$","?","R","E","R","T","M","?","E","M","?","R","BOSS","M","M","?","T","R","M","R","$","?","BOSS"],"items_purchased_type":["Card","Relic","Relic","Card","Relic","Relic","Card","Relic","Relic","Card","Card","Card","Card","Card"],"build_version":"2020-12-22","purchased_purges":11,"victory":false,"max_hp_per_floor":[80,80,80,80,80,80,80,80,80,80,80,80,80,80,80,80,80,80,80,80,80,80,80,80,80,80,80,80,80,80,80,80,80,80,80,80,80,80,80,80,80,80,80,80,80,80,80,80,80,80,84,84,84,84,84,84,84,84,84,84,84,84,84],"card_choices":[{"not_picked":["Shrug It Off","Heavy Blade"],"picked":"Anger","floor":0},{"not_picked":["Disarm","Twin Strike"],"picked":"Spot Weakness","floor":1},{"not_picked":["Heavy Blade","Carnage"],"picked":"Inflame","floor":5},{"not_picked":["Warcry+1","Fiend Fire"],"picked":"Evolve","floor":7},{"not_picked":["ReplayTheSpireMod:Strike From Hell","Entrench+1","Abandon+1"],"picked":"SKIP","floor":10},{"not_picked":["Run Through","jedi:collectorstrike"],"picked":"Shrug It Off+1","floor":11},{"not_picked":["REME_Cut","ReplayTheSpireMod:Strike From Hell"],"picked":"Thunderclap","floor":12},{"not_picked":["Corruption","Iron Wave"],"picked":"Anger","floor":13},{"not_picked":["REME_TheLastStrike","conspire:HitWhereItHurts"],"picked":"REME_Fury+1","floor":16},{"not_picked":[],"picked":"Wild Strike","floor":18},{"not_picked":[],"picked":"Pommel Strike","floor":21},{"not_picked":[],"picked":"Anger","floor":24},{"not_picked":[],"picked":"Feel No Pain","floor":25},{"not_picked":["Wild Strike"],"picked":"SKIP","floor":27},{"not_picked":[],"picked":"Body Slam","floor":28},{"not_picked":[],"picked":"True Grit+1","floor":30},{"not_picked":["REME_TheLastStrike"],"picked":"SKIP","floor":31},{"not_picked":[],"picked":"Armaments+1","floor":35},{"not_picked":[],"picked":"hubris:ReadiedAction+1","floor":39},{"not_picked":["conspire:ExplosiveBarrier+1"],"picked":"SKIP","floor":41},{"not_picked":["Battle Trance+1"],"picked":"SKIP","floor":44},{"not_picked":["Corruption"],"picked":"SKIP","floor":46},{"not_picked":["Blood for Blood","dioMod:LaserVision"],"picked":"SKIP","floor":47},{"not_picked":["dioMod:Muda"],"picked":"Inflame","floor":48},{"not_picked":["Offering+1"],"picked":"dioMod:Pluck","floor":50},{"not_picked":["Headbutt+1"],"picked":"dioMod:WRYYY","floor":52},{"not_picked":["Shrug It Off+1","dioMod:ComposedMuda"],"picked":"SKIP","floor":53},{"not_picked":["ReplayTheSpireMod:Black Plague","infinitespire:Starlight"],"picked":"hubris:Fate","floor":54},{"not_picked":["Thunderclap","dioMod:DaggerSpree"],"picked":"SKIP","floor":57}],"player_experience":255886,"relics_obtained":[{"floor":4,"key":"ReplayFunnel"},{"floor":11,"key":"DemoMod:PoisonVial"},{"floor":13,"key":"hubris:Metronome"},{"floor":15,"key":"infinitespire:ShieldingShard"},{"floor":24,"key":"Snack Pack"},{"floor":26,"key":"MealTicket"},{"floor":27,"key":"HollowMod:PaleOreRelic"},{"floor":31,"key":"Gremlin Horn"},{"floor":41,"key":"DemoMod:WhiteGuonStone"},{"floor":43,"key":"infinitespire:Lucky Rock"},{"floor":46,"key":"hubris:DisguiseKit"},{"floor":48,"key":"War Paint"},{"floor":52,"key":"paleoftheancients:SoulOfTheSilent"},{"floor":53,"key":"paleoftheancients:SoulOfTheWatcher"},{"floor":55,"key":"hubris:MysteriousPyramids"},{"floor":57,"key":"paleoftheancients:SoulOfTheHexaghost"}],"event_choices":[{"damage_healed":0,"gold_gain":0,"player_choice":"Leave","damage_taken":0,"max_hp_gain":0,"max_hp_loss":0,"event_name":"conspire:Investor","floor":2,"gold_loss":0},{"cards_removed":["Thunderclap"],"damage_healed":0,"gold_gain":0,"player_choice":"Removed Attack","damage_taken":0,"max_hp_gain":0,"max_hp_loss":0,"event_name":"Falling","floor":36,"gold_loss":0},{"cards_removed":["Feel No Pain"],"damage_healed":0,"gold_gain":0,"player_choice":"Offered Uncommon","damage_taken":0,"max_hp_gain":0,"max_hp_loss":0,"event_name":"Bonfire Elementals","floor":37,"gold_loss":0}],"is_beta":false,"boss_relics":[{"not_picked":["hubris:BlackHole","Coffee Dripper"],"picked":"Busted Crown"},{"not_picked":["halation:CatFaceCupcake","hubris:ScarierMask"],"picked":"conspire:RunicOctahedron"},{"not_picked":["Electric Blood","aspiration:RitualDagger"],"picked":"Mark of Pain"},{"not_picked":["halation:HeavySnake","Honey Jar","energizedSpire:EnergizedDie"]}],"items_purged_floors":[14,14,14,14,14,22,22,22,22,59,59],"is_endless":true,"potions_floor_spawned":[7,10,12,18,25,28,30,31,35,41,50,57],"ascension_level":8}}