{"host":"fnk117zi8wf5078t","time":1610204035,"event":{"mods":["AchievementEnabler","BaseMod","Colored Map","Minty Spire (QoL Compilation)","Rare Cards Sparkle","SuperFastMode","everything is the same but u backflip on backflip"],"gold_per_floor":[131,168,199,42,56,56,96,96,96,109,67,133,208,208,208,208,208],"floor_reached":16,"playtime":439,"items_purged":[],"score":183,"play_id":"835de6ed-d16a-469b-b93e-7769d67fe38f","local_time":"20210109235355","is_ascension_mode":true,"campfire_choices":[{"data":"HandOfGreed","floor":6,"key":"SMITH"},{"floor":8,"key":"REST"},{"floor":15,"key":"REST"}],"circlet_count":0,"master_deck":["AscendersBane","Strike_R","Strike_R","Strike_R","Strike_R","Strike_R","Defend_R","Defend_R","Defend_R","Defend_R","Bash","HandOfGreed+1","Dropkick","Pummel","Juggernaut","Rage","Iron Wave","Pummel","Shockwave","Shrug It Off"],"relics":["Burning Blood","Happy Flower","White Beast Statue"],"acts_visited":["Exordium"],"potions_floor_usage":[5,12,16],"damage_taken":[{"damage":17,"enemies":"Cultist","floor":1,"turns":4},{"damage":9,"enemies":"Jaw Worm","floor":2,"turns":4},{"damage":16,"enemies":"Small Slimes","floor":3,"turns":4},{"damage":19,"enemies":"Exordium Wildlife","floor":5,"turns":4},{"damage":16,"enemies":"Blue Slaver","floor":7,"turns":3},{"damage":12,"enemies":"Exordium Thugs","floor":10,"turns":5},{"damage":8,"enemies":"Gremlin Gang","floor":12,"turns":5},{"damage":42,"enemies":"The Guardian","floor":16,"turns":8}],"seed_played":"-7414332297497641705","potions_obtained":[{"floor":1,"key":"ColorlessPotion"},{"floor":7,"key":"Dexterity Potion"},{"floor":10,"key":"CultistPotion"},{"floor":12,"key":"CultistPotion"}],"is_trial":false,"path_per_floor":["M","M","M","$","M","R","M","R","T","M","$","M","?","?","R","B"],"character_chosen":"IRONCLAD","items_purchased":["Happy Flower","Shockwave"],"campfire_rested":2,"item_purchase_floors":[4,11],"current_hp_per_floor":[57,54,44,44,31,31,21,41,41,35,35,33,22,22,42,0,0],"gold":208,"neow_bonus":"RANDOM_COLORLESS_2","is_daily":false,"chose_seed":false,"campfire_upgraded":1,"win_rate":0.0,"timestamp":1610204035,"path_taken":["M","M","M","$","?","R","?","R","T","M","$","M","?","?","R","BOSS"],"items_purchased_type":["Relic","Card"],"build_version":"2020-12-22","purchased_purges":0,"victory":false,"max_hp_per_floor":[68,68,68,68,68,68,68,68,68,68,68,68,68,68,68,68,68],"card_choices":[{"not_picked":["Master of Strategy","Mayhem"],"picked":"HandOfGreed","floor":0},{"not_picked":["Shrug It Off","Pommel Strike"],"picked":"Dropkick","floor":1},{"not_picked":["Uppercut","Warcry"],"picked":"Pummel","floor":2},{"not_picked":["Sentinel","Heavy Blade"],"picked":"Juggernaut","floor":3},{"not_picked":["Warcry","Cleave"],"picked":"Rage","floor":5},{"not_picked":["Pommel Strike","Clash"],"picked":"Iron Wave","floor":7},{"not_picked":["Feel No Pain","Armaments"],"picked":"Pummel","floor":10},{"not_picked":["Carnage","Whirlwind"],"picked":"Shrug It Off","floor":12}],"player_experience":365488,"relics_obtained":[{"floor":9,"key":"White Beast Statue"}],"event_choices":[{"damage_healed":0,"gold_gain":75,"player_choice":"Gather Gold","damage_taken":11,"max_hp_gain":0,"max_hp_loss":0,"event_name":"World of Goop","floor":13,"gold_loss":0},{"damage_healed":0,"gold_gain":0,"player_choice":"Searched \u00270\u0027 times","damage_taken":0,"max_hp_gain":0,"max_hp_loss":0,"event_name":"Dead Adventurer","floor":14,"gold_loss":0}],"is_beta":false,"boss_relics":[],"items_purged_floors":[],"is_endless":false,"potions_floor_spawned":[1,7,10,12],"killed_by":"The Guardian","ascension_level":19}}