{"host":"w9yruvs4bqht6bhw","time":1610221921,"event":{"mods":["BaseMod","Colored Powertips","Minty Spire (QoL Compilation)"],"gold_per_floor":[12,12,12,25,48,48,48,59,59,71,85,103,121,131,131,233,233,233,233,233,246,258,258,273,291,291,291,206,51,51,65,65,65,65],"floor_reached":33,"playtime":1196,"items_purged":[],"score":340,"play_id":"0ac13d7a-58a4-4bdf-afd9-f720382abbcc","local_time":"20210109145201","is_ascension_mode":true,"campfire_choices":[{"data":"Discovery","floor":6,"key":"SMITH"},{"data":"Armaments","floor":15,"key":"SMITH"},{"floor":23,"key":"REST"},{"floor":30,"key":"REST"},{"data":"Uppercut","floor":32,"key":"SMITH"}],"circlet_count":0,"master_deck":["Strike_R","Strike_R","Strike_R","Strike_R","Defend_R","Defend_R","Defend_R","Iron Wave","Discovery+1","Armaments+1","Uppercut+1","Iron Wave","Reaper","Spot Weakness+1","Sword Boomerang+1","Heavy Blade","Body Slam+1","Thunderclap+1"],"relics":["Burning Blood","Ice Cream","Lantern","Ancient Tea Set","Astrolabe","Nilry\u0027s Codex","Champion Belt","Bird Faced Urn","Vajra"],"acts_visited":["Exordium","TheCity"],"potions_floor_usage":[4,14,18,22,22,25,25],"damage_taken":[{"damage":9,"enemies":"Jaw Worm","floor":1,"turns":5},{"damage":6,"enemies":"Cultist","floor":4,"turns":4},{"damage":2,"enemies":"Small Slimes","floor":8,"turns":3},{"damage":11,"enemies":"Blue Slaver","floor":10,"turns":5},{"damage":9,"enemies":"Exordium Thugs","floor":11,"turns":4},{"damage":0,"enemies":"Large Slime","floor":12,"turns":6},{"damage":3,"enemies":"3 Louse","floor":13,"turns":3},{"damage":4,"enemies":"Exordium Wildlife","floor":14,"turns":6},{"damage":31,"enemies":"The Guardian","floor":16,"turns":8},{"damage":3,"enemies":"3 Byrds","floor":18,"turns":4},{"damage":23,"enemies":"Spheric Guardian","floor":21,"turns":5},{"damage":42,"enemies":"Centurion and Healer","floor":22,"turns":9},{"damage":19,"enemies":"Snake Plant","floor":24,"turns":3},{"damage":26,"enemies":"3 Cultists","floor":25,"turns":4},{"damage":20,"enemies":"Centurion and Healer","floor":31,"turns":5},{"damage":51,"enemies":"Collector","floor":33,"turns":6}],"seed_played":"-4127615126933015469","potions_obtained":[{"floor":1,"key":"FearPotion"},{"floor":8,"key":"SmokeBomb"},{"floor":11,"key":"PowerPotion"},{"floor":13,"key":"CultistPotion"},{"floor":16,"key":"Strength Potion"},{"floor":22,"key":"Strength Potion"},{"floor":24,"key":"SkillPotion"},{"floor":31,"key":"ElixirPotion"}],"is_trial":false,"path_per_floor":["M","?","$","M","T","R","$","M","T","M","M","M","M","M","R","B",null,"M","?","?","M","M","R","M","M","T","?","?","$","R","M","R","B"],"character_chosen":"IRONCLAD","items_purchased":["Vajra"],"campfire_rested":2,"item_purchase_floors":[29],"current_hp_per_floor":[69,69,69,69,69,69,69,73,73,68,65,71,74,76,76,51,73,76,60,60,43,18,42,37,35,35,35,35,35,59,45,45,0,0],"gold":65,"neow_bonus":"ONE_RARE_RELIC","is_daily":false,"chose_seed":false,"campfire_upgraded":3,"win_rate":0.0,"timestamp":1610221921,"path_taken":["M","?","?","?","?","R","$","M","T","M","M","?","?","M","R","BOSS","M","?","?","M","?","R","M","M","T","?","?","$","R","?","R","BOSS"],"items_purchased_type":["Relic"],"build_version":"2020-12-22","purchased_purges":0,"victory":false,"max_hp_per_floor":[80,80,80,80,80,80,80,80,80,80,80,80,80,80,80,80,80,80,80,80,80,80,80,80,80,80,80,80,80,80,80,80,80,80],"card_choices":[{"not_picked":["Sentinel","Dropkick"],"picked":"Iron Wave","floor":1},{"not_picked":["Hemokinesis","Body Slam","Burning Pact"],"picked":"SKIP","floor":4},{"not_picked":["Anger","Clothesline"],"picked":"Armaments","floor":8},{"not_picked":["Thunderclap","Pommel Strike"],"picked":"Uppercut","floor":10},{"not_picked":["Whirlwind","Dark Embrace","Blood for Blood"],"picked":"SKIP","floor":11},{"not_picked":["Anger","Intimidate","Fire Breathing"],"picked":"SKIP","floor":12},{"not_picked":["Bloodletting","Havoc","Sword Boomerang"],"picked":"SKIP","floor":13},{"not_picked":["Havoc","Flex"],"picked":"Iron Wave","floor":14},{"not_picked":["Barricade","Berserk"],"picked":"Reaper","floor":16},{"not_picked":["Armaments","Sword Boomerang","Pommel Strike"],"picked":"SKIP","floor":21},{"not_picked":["Anger","Second Wind"],"picked":"Body Slam+1","floor":22},{"not_picked":["Cleave","Inflame"],"picked":"Thunderclap+1","floor":24},{"not_picked":["Metallicize+1","Heavy Blade+1","Sword Boomerang"],"picked":"SKIP","floor":25},{"not_picked":["Cleave","Thunderclap+1","Burning Pact"],"picked":"SKIP","floor":31}],"player_experience":354494,"relics_obtained":[{"floor":5,"key":"Lantern"},{"floor":9,"key":"Ancient Tea Set"},{"floor":19,"key":"Nilry\u0027s Codex"},{"floor":26,"key":"Champion Belt"}],"event_choices":[{"damage_healed":0,"gold_gain":0,"player_choice":"1 cards matched","damage_taken":0,"max_hp_gain":0,"max_hp_loss":0,"event_name":"Match and Keep!","floor":2,"gold_loss":0,"cards_obtained":["Discovery"]},{"damage_healed":0,"gold_gain":0,"player_choice":"Obtained Book","damage_taken":16,"max_hp_gain":0,"max_hp_loss":0,"event_name":"Cursed Tome","floor":19,"gold_loss":0},{"damage_healed":0,"gold_gain":0,"cards_transformed":["Havoc"],"player_choice":"Transformed","damage_taken":0,"max_hp_gain":0,"max_hp_loss":0,"event_name":"Transmorgrifier","floor":20,"gold_loss":0,"cards_obtained":["Heavy Blade"]},{"damage_healed":0,"gold_gain":0,"player_choice":"Ignored","damage_taken":0,"max_hp_gain":0,"max_hp_loss":0,"event_name":"The Mausoleum","floor":27,"gold_loss":0},{"damage_healed":0,"gold_gain":0,"player_choice":"Obtained Relic","damage_taken":0,"relics_obtained":["Bird Faced Urn"],"max_hp_gain":0,"max_hp_loss":0,"event_name":"Addict","floor":28,"gold_loss":85}],"is_beta":false,"boss_relics":[{"not_picked":["Pandora\u0027s Box","Ectoplasm"],"picked":"Astrolabe"}],"items_purged_floors":[],"is_endless":false,"potions_floor_spawned":[1,8,11,13,16,18,22,24,31],"killed_by":"Collector","ascension_level":8}}