{"host":"h9d5il8g1iqie9ys","time":1610157355,"event":{"mods":["BaseMod","Colored Powertips","Decade(???)","Hero for Fun","Luminous","Marisa????????","Minty Spire (QoL Compilation)","StSLib","The Administrix","The Animator","The Bug Knight","The Cursed","The Exalted","The Necromancer","The Poker Player","The Saiyan","The Servant 0.9.4","The Wild Card"],"gold_per_floor":[115,115,131,143,159,159,185,201,201,214,389,407,199,209,209,307,307,319,319,269,269,269],"floor_reached":21,"playtime":964,"items_purged":[],"score":208,"play_id":"450729e5-6707-49c9-aa03-0137c0d05991","local_time":"20210109085555","is_ascension_mode":false,"campfire_choices":[{"floor":6,"key":"REST"},{"floor":15,"key":"REST"}],"circlet_count":0,"master_deck":["Luminous:Light_Flash_Shower","Luminous:Light_Flash_Shower","Luminous:Light_Flash_Shower","Luminous:Dark_Abyssal_Drop","Luminous:Dark_Abyssal_Drop","Luminous:Dark_Abyssal_Drop","Luminous:Defend_Luminous","Luminous:Defend_Luminous","Luminous:Defend_Luminous","Luminous:Defend_Luminous","Luminous:Switch_Luminous","Luminous:Accumulation_Luminous","Luminous:Light_Glare","Luminous:Light_Spectral_Light","Luminous:Light_Wash_Luminous","Luminous:Mirror_Force_Luminous","Luminous:Phantom_Treasure_Luminous","Luminous:Lights_Protection_Luminous","Doubt","Luminous:Accumulation_Luminous","Luminous:Dark_Crescendo_Luminous+1","Luminous:Lunar_Tide_Luminous+1","Luminous:Freud_Wisdom1_Luminous","Luminous:Light_Wash_Luminous+1"],"relics":["Luminous:MirrorRelic","NeowsBlessing","Anchor","Frozen Egg 2","Fusion Hammer"],"acts_visited":["Exordium","TheCity"],"potions_floor_usage":[12,12],"damage_taken":[{"damage":0,"enemies":"Small Slimes","floor":1,"turns":1},{"damage":0,"enemies":"2 Louse","floor":3,"turns":1},{"damage":0,"enemies":"Jaw Worm","floor":4,"turns":1},{"damage":5,"enemies":"2 Fungi Beasts","floor":5,"turns":5},{"damage":0,"enemies":"HollowMod:MossKnight","floor":7,"turns":6},{"damage":5,"enemies":"3 Louse","floor":8,"turns":3},{"damage":3,"enemies":"Red Slaver","floor":10,"turns":4},{"damage":12,"enemies":"Large Slime","floor":12,"turns":6},{"damage":12,"enemies":"Exordium Wildlife","floor":14,"turns":4},{"damage":35,"enemies":"Slime Boss","floor":16,"turns":7},{"damage":37,"enemies":"Chosen","floor":18,"turns":9},{"damage":0,"enemies":"Shell Parasite","floor":21,"turns":1}],"seed_played":"5819693509669504903","potions_obtained":[{"floor":1,"key":"LiquidBronze"},{"floor":3,"key":"Explosive Potion"},{"floor":7,"key":"Fruit Juice"},{"floor":14,"key":"Weak Potion"}],"is_trial":false,"path_per_floor":["M","?","M","M","M","R","E","M","T","M","?","M","$","M","R","B",null,"M","?","?","M"],"character_chosen":"LuminousClass","items_purchased":["Luminous:Dark_Crescendo_Luminous+1","BlessingOfTheForge"],"campfire_rested":2,"item_purchase_floors":[13,13],"current_hp_per_floor":[75,57,57,57,52,74,74,69,69,66,66,59,59,47,71,36,80,47,73,73,73,73],"gold":269,"neow_bonus":"THREE_ENEMY_KILL","is_daily":false,"chose_seed":false,"campfire_upgraded":0,"win_rate":0.0,"timestamp":1610157355,"path_taken":["M","?","M","M","M","R","E","M","T","M","?","M","?","M","R","BOSS","M","?","?","?"],"items_purchased_type":["Card","Potion"],"build_version":"2020-12-22","purchased_purges":0,"victory":false,"max_hp_per_floor":[75,75,75,75,75,75,75,75,75,75,75,80,80,80,80,80,80,80,80,80,80,80],"card_choices":[{"not_picked":["Luminous:Balance_Ender","Luminous:Dark_Pressure_Void"],"picked":"Luminous:Accumulation_Luminous","floor":1},{"not_picked":["Luminous:Light_Track","Luminous:Dark_Dim_Erosion"],"picked":"Luminous:Light_Glare","floor":3},{"not_picked":["Luminous:Dark_Raid","Luminous:Light_Wash_Luminous"],"picked":"Luminous:Light_Spectral_Light","floor":4},{"not_picked":["Luminous:Concentrate_Luminous","Luminous:Dark_Dim_Erosion"],"picked":"Luminous:Light_Wash_Luminous","floor":5},{"not_picked":["Luminous:Blinding_Pillar_Luminous","Luminous:Dark_Dim_Erosion"],"picked":"Luminous:Mirror_Force_Luminous","floor":7},{"not_picked":["Luminous:Light_Gather","Luminous:Light_Sylvan_Lance"],"picked":"Luminous:Phantom_Treasure_Luminous","floor":8},{"not_picked":["Luminous:Blinding_Pillar_Luminous","Luminous:Dark_Raid"],"picked":"Luminous:Lights_Protection_Luminous","floor":10},{"not_picked":["Luminous:Light_Gather","Luminous:Light_Disperse"],"picked":"Luminous:Accumulation_Luminous","floor":12},{"not_picked":["Luminous:Light_Wash_Luminous+1","Luminous:Phantom_Treasure_Luminous"],"picked":"Luminous:Lunar_Tide_Luminous+1","floor":14},{"not_picked":["Luminous:Erosion_Luminous","Luminous:Chaos_Field_Luminous"],"picked":"Luminous:Freud_Wisdom1_Luminous","floor":16},{"not_picked":["Luminous:Dark_Raid","Luminous:Accumulation_Luminous"],"picked":"Luminous:Light_Wash_Luminous+1","floor":18}],"player_experience":182547,"relics_obtained":[{"floor":7,"key":"Frozen Egg 2"}],"event_choices":[{"damage_healed":0,"gold_gain":0,"player_choice":"Success","damage_taken":18,"relics_obtained":["Anchor"],"max_hp_gain":0,"max_hp_loss":0,"event_name":"Scrap Ooze","floor":2,"gold_loss":0},{"damage_healed":0,"gold_gain":175,"player_choice":"AGREE","damage_taken":0,"max_hp_gain":0,"max_hp_loss":0,"event_name":"Liars Game","floor":11,"gold_loss":0,"cards_obtained":["Doubt"]},{"damage_healed":26,"gold_gain":0,"player_choice":"Heal","damage_taken":0,"max_hp_gain":0,"max_hp_loss":0,"event_name":"The Library","floor":19,"gold_loss":0},{"damage_healed":0,"gold_gain":0,"player_choice":"Bet on Murderer","damage_taken":0,"max_hp_gain":0,"max_hp_loss":0,"event_name":"The Joust","floor":20,"gold_loss":50}],"is_beta":false,"boss_relics":[{"not_picked":["Sozu","Cursed Key"],"picked":"Fusion Hammer"}],"items_purged_floors":[],"is_endless":false,"potions_floor_spawned":[1,3,7,8,10,14],"killed_by":"Shell Parasite","ascension_level":0}}