{"host":"nptej036rrbiurf5","time":1610158757,"event":{"mods":["BaseMod","Colored Map","Colored Powertips","DeckTracker","Minty Spire (QoL Compilation)","StSLib","SuperFastMode"],"gold_per_floor":[117,97,107,123,137,137,151,151,151,165,165,165,177,207,207,284,284,300,215,265,282,302,302,302,302],"floor_reached":24,"playtime":568,"items_purged":[],"score":400,"play_id":"42084fb4-574a-49c5-b535-84b27a4d172d","local_time":"20210109111917","is_ascension_mode":true,"campfire_choices":[{"data":"Searing Blow","floor":6,"key":"SMITH"},{"data":"Searing Blow+1","floor":8,"key":"SMITH"},{"data":"Searing Blow+2","floor":12,"key":"SMITH"},{"data":"Searing Blow+3","floor":15,"key":"SMITH"},{"data":"Searing Blow+4","floor":23,"key":"SMITH"}],"circlet_count":0,"master_deck":["AscendersBane","Strike_R","Strike_R","Strike_R","Strike_R","Defend_R","Defend_R","Defend_R","Defend_R","Bash","Spot Weakness","Disarm","Searing Blow+5","Shrug It Off","Flame Barrier","Evolve","Power Through","Immolate","True Grit"],"relics":["Burning Blood","Bronze Scales","Akabeko","Runic Pyramid","Darkstone Periapt"],"acts_visited":["Exordium","TheCity"],"potions_floor_usage":[7,7,16,16,16,24,24],"damage_taken":[{"damage":10,"enemies":"Small Slimes","floor":1,"turns":4},{"damage":17,"enemies":"Cultist","floor":3,"turns":4},{"damage":3,"enemies":"2 Louse","floor":4,"turns":4},{"damage":34,"enemies":"Large Slime","floor":5,"turns":6},{"damage":6,"enemies":"2 Fungi Beasts","floor":7,"turns":2},{"damage":4,"enemies":"Looter","floor":10,"turns":4},{"damage":4,"enemies":"3 Louse","floor":13,"turns":3},{"damage":22,"enemies":"Lagavulin","floor":14,"turns":9},{"damage":7,"enemies":"Hexaghost","floor":16,"turns":9},{"damage":23,"enemies":"Chosen","floor":18,"turns":5},{"damage":21,"enemies":"Shell Parasite","floor":21,"turns":5},{"damage":12,"enemies":"Snake Plant","floor":22,"turns":4},{"damage":41,"enemies":"Slavers","floor":24,"turns":4}],"seed_played":"4595257170887730581","potions_obtained":[{"floor":2,"key":"BloodPotion"},{"floor":5,"key":"Fire Potion"},{"floor":10,"key":"SpeedPotion"},{"floor":13,"key":"EntropicBrew"},{"floor":18,"key":"Weak Potion"}],"is_trial":false,"path_per_floor":["M","?","M","M","M","R","M","R","T","M","?","R","M","E","R","B",null,"M","?","?","M","M","R","E"],"character_chosen":"IRONCLAD","items_purchased":[],"campfire_rested":0,"item_purchase_floors":[],"current_hp_per_floor":[60,60,49,52,24,24,41,41,41,43,36,36,38,22,22,21,72,55,55,55,40,34,34,0,0],"gold":302,"neow_bonus":"TWENTY_PERCENT_HP_BONUS","is_daily":false,"chose_seed":false,"campfire_upgraded":5,"win_rate":0.0,"timestamp":1610158757,"path_taken":["M","?","M","M","?","R","M","R","T","M","?","R","M","E","R","BOSS","M","?","?","M","M","R","E"],"items_purchased_type":[],"build_version":"2020-12-22","purchased_purges":0,"victory":false,"max_hp_per_floor":[89,89,89,89,89,89,89,89,89,89,89,89,89,89,89,89,89,89,89,89,89,89,89,89,89],"card_choices":[{"not_picked":["Clothesline","Headbutt"],"picked":"Spot Weakness","floor":1},{"not_picked":["Armaments","Perfected Strike"],"picked":"Disarm","floor":3},{"not_picked":["Entrench","Blood for Blood","Headbutt"],"picked":"SKIP","floor":4},{"not_picked":["Shrug It Off","Body Slam"],"picked":"Searing Blow","floor":5},{"not_picked":["Thunderclap","Warcry"],"picked":"Shrug It Off","floor":7},{"not_picked":["Warcry","Bludgeon"],"picked":"Flame Barrier","floor":10},{"not_picked":["Thunderclap","Sword Boomerang"],"picked":"Evolve","floor":13},{"not_picked":["Cleave","Rupture"],"picked":"Power Through","floor":14},{"not_picked":["Berserk","Fiend Fire"],"picked":"Immolate","floor":16},{"not_picked":["Carnage","Fire Breathing","Sword Boomerang"],"picked":"SKIP","floor":18},{"not_picked":["Power Through","Entrench"],"picked":"True Grit","floor":21},{"not_picked":["Flex","Twin Strike","Iron Wave"],"picked":"SKIP","floor":22}],"player_experience":881598,"relics_obtained":[{"floor":9,"key":"Bronze Scales"},{"floor":14,"key":"Akabeko"}],"event_choices":[{"damage_healed":0,"gold_gain":0,"player_choice":"Bought 1 Potion","damage_taken":0,"max_hp_gain":0,"max_hp_loss":0,"event_name":"The Woman in Blue","floor":2,"gold_loss":0},{"cards_removed":["Strike_R"],"damage_healed":0,"gold_gain":0,"player_choice":"Card Removal","damage_taken":7,"max_hp_gain":0,"max_hp_loss":0,"event_name":"Golden Wing","floor":11,"gold_loss":0},{"damage_healed":0,"gold_gain":0,"player_choice":"Obtained Relic","damage_taken":0,"relics_obtained":["Darkstone Periapt"],"max_hp_gain":0,"max_hp_loss":0,"event_name":"Addict","floor":19,"gold_loss":85},{"damage_healed":0,"gold_gain":50,"player_choice":"Stole From Cult","damage_taken":0,"max_hp_gain":0,"max_hp_loss":0,"event_name":"Nest","floor":20,"gold_loss":0}],"is_beta":false,"boss_relics":[{"not_picked":["SacredBark","Runic Cube"],"picked":"Runic Pyramid"}],"items_purged_floors":[],"is_endless":false,"potions_floor_spawned":[5,10,13,14,18],"killed_by":"Slavers","ascension_level":20}}