{"host":"x4juqxtivqd4pvh0","time":1610839173,"event":{"mods":["AchievementEnabler","BaseMod","Colored Map","Colored Powertips","Googly Eyes","Minty Spire (QoL Compilation)","Rare Cards Sparkle","Shop Mod","SuperFastMode"],"gold_per_floor":[113,188,207,207,207,223,255,255,279,279,291,307,307,330,330,434,434,450,450,157,157,175,175,189,189,189,208,208,219,231,244,244,244,244],"floor_reached":33,"playtime":1287,"items_purged":[],"score":249,"play_id":"abfc0a5d-36f1-499c-9ccc-a6ed75bef0e4","local_time":"20210117094933","is_ascension_mode":false,"campfire_choices":[{"floor":8,"key":"REST"},{"floor":10,"key":"REST"},{"data":"Heavy Blade","floor":13,"key":"SMITH"},{"data":"Impervious","floor":15,"key":"SMITH"},{"floor":23,"key":"REST"},{"floor":25,"key":"REST"},{"floor":28,"key":"REST"},{"floor":32,"key":"REST"}],"circlet_count":0,"master_deck":["Strike_R+1","Strike_R+1","Strike_R+1","Strike_R","Strike_R","Defend_R","Defend_R+1","Defend_R","Defend_R","Carnage+1","Pommel Strike","Clash","Impervious+1","Heavy Blade+1","Double Tap","Ghostly Armor","Clash+1","Cleave","Pommel Strike+1","Hemokinesis+1"],"relics":["Burning Blood","Whetstone","Dream Catcher","Pen Nib","Runic Pyramid","FossilizedHelix","Gremlin Horn"],"acts_visited":["Exordium","TheCity"],"potions_floor_usage":[12,18,30,33,33],"damage_taken":[{"damage":0,"enemies":"2 Louse","floor":1,"turns":2},{"damage":1,"enemies":"Jaw Worm","floor":3,"turns":3},{"damage":0,"enemies":"Small Slimes","floor":6,"turns":3},{"damage":28,"enemies":"Gremlin Nob","floor":7,"turns":4},{"damage":0,"enemies":"3 Louse","floor":11,"turns":3},{"damage":5,"enemies":"Exordium Thugs","floor":12,"turns":4},{"damage":58,"enemies":"The Guardian","floor":16,"turns":11},{"damage":68,"enemies":"3 Byrds","floor":18,"turns":8},{"damage":0,"enemies":"2 Thieves","floor":22,"turns":4},{"damage":37,"enemies":"Shelled Parasite and Fungi","floor":24,"turns":6},{"damage":16,"enemies":"3 Cultists","floor":27,"turns":6},{"damage":28,"enemies":"Centurion and Healer","floor":29,"turns":7},{"damage":11,"enemies":"Shelled Parasite and Fungi","floor":30,"turns":3},{"damage":23,"enemies":"Snecko","floor":31,"turns":5},{"damage":73,"enemies":"Automaton","floor":33,"turns":6}],"seed_played":"-5588836943056501961","potions_obtained":[{"floor":1,"key":"SteroidPotion"},{"floor":7,"key":"CultistPotion"},{"floor":11,"key":"Explosive Potion"},{"floor":12,"key":"BloodPotion"},{"floor":27,"key":"DistilledChaos"},{"floor":29,"key":"Explosive Potion"},{"floor":30,"key":"Ancient Potion"}],"is_trial":false,"path_per_floor":["M","?","M","?","?","M","E","R","T","R","M","M","R","T","R","B",null,"M","?","$","?","M","R","M","R","T","M","R","M","M","M","R","B"],"character_chosen":"IRONCLAD","items_purchased":["FossilizedHelix"],"campfire_rested":6,"item_purchase_floors":[20],"current_hp_per_floor":[80,69,74,58,58,64,42,66,66,80,80,80,80,80,80,28,80,34,34,34,34,40,64,33,57,57,47,71,49,44,27,51,0,0],"gold":244,"neow_bonus":"UPGRADE_CARD","is_daily":false,"chose_seed":false,"campfire_upgraded":2,"win_rate":0.0,"timestamp":1610839173,"path_taken":["M","?","M","?","?","M","E","R","T","R","M","M","R","?","R","BOSS","M","?","$","?","M","R","M","R","T","M","R","M","M","M","R","BOSS"],"items_purchased_type":["Relic"],"build_version":"2020-12-22","purchased_purges":0,"victory":false,"max_hp_per_floor":[80,80,80,80,80,80,80,80,80,80,80,80,80,80,80,80,80,80,80,80,80,80,80,80,80,80,80,80,80,80,80,80,80,80],"card_choices":[{"not_picked":["Sword Boomerang","Bloodletting"],"picked":"Carnage","floor":1},{"not_picked":["Hemokinesis","Clothesline","Shockwave"],"picked":"SKIP","floor":3},{"not_picked":["Iron Wave","Cleave"],"picked":"Pommel Strike","floor":6},{"not_picked":["Shrug It Off","True Grit"],"picked":"Clash","floor":7},{"not_picked":["Dark Embrace","Second Wind"],"picked":"Impervious","floor":11},{"not_picked":["Cleave","Headbutt"],"picked":"Heavy Blade","floor":12},{"not_picked":["Reaper","Barricade"],"picked":"Double Tap","floor":16},{"not_picked":["Iron Wave","Thunderclap"],"picked":"Ghostly Armor","floor":18},{"not_picked":["Combust","Clothesline"],"picked":"Clash+1","floor":22},{"not_picked":["Headbutt+1","Pommel Strike"],"picked":"Cleave","floor":23},{"not_picked":["Pummel","Disarm","Dark Embrace"],"picked":"SKIP","floor":24},{"not_picked":["Bloodletting","True Grit"],"picked":"Pommel Strike+1","floor":25},{"not_picked":["Burning Pact","Iron Wave","Spot Weakness"],"picked":"SKIP","floor":27},{"not_picked":["Sentinel","Feel No Pain"],"picked":"Hemokinesis+1","floor":29},{"not_picked":["Entrench+1","Combust","Rage"],"picked":"SKIP","floor":30},{"not_picked":["Twin Strike","Warcry+1","Pummel"],"picked":"SKIP","floor":31}],"player_experience":61574,"relics_obtained":[{"floor":7,"key":"Whetstone"},{"floor":9,"key":"Dream Catcher"},{"floor":14,"key":"Pen Nib"},{"floor":26,"key":"Gremlin Horn"}],"event_choices":[{"damage_healed":0,"gold_gain":75,"player_choice":"Gather Gold","damage_taken":11,"max_hp_gain":0,"max_hp_loss":0,"event_name":"World of Goop","floor":2,"gold_loss":0},{"damage_healed":0,"gold_gain":0,"player_choice":"Entered Light","damage_taken":16,"max_hp_gain":0,"max_hp_loss":0,"event_name":"Shining Light","floor":4,"gold_loss":0,"cards_upgraded":["Strike_R","Defend_R"]},{"damage_healed":0,"gold_gain":0,"player_choice":"Ignored","damage_taken":0,"max_hp_gain":0,"max_hp_loss":0,"event_name":"Liars Game","floor":5,"gold_loss":0},{"damage_healed":0,"gold_gain":0,"player_choice":"Ignored","damage_taken":0,"max_hp_gain":0,"max_hp_loss":0,"event_name":"Vampires","floor":19,"gold_loss":0},{"cards_removed":["Bash"],"damage_healed":0,"gold_gain":0,"player_choice":"Offered Basic","damage_taken":0,"max_hp_gain":0,"max_hp_loss":0,"event_name":"Bonfire Elementals","floor":21,"gold_loss":0}],"is_beta":false,"boss_relics":[{"not_picked":["Sozu","Busted Crown"],"picked":"Runic Pyramid"}],"items_purged_floors":[],"is_endless":false,"potions_floor_spawned":[1,7,11,12,27,29,30],"killed_by":"Automaton","ascension_level":0}}