{"host":"nptej036rrbiurf5","time":1610160863,"event":{"mods":["BaseMod","Colored Map","Colored Powertips","DeckTracker","Minty Spire (QoL Compilation)","StSLib","SuperFastMode"],"gold_per_floor":[117,117,127,127,0,0,31,31,108,128,128,145,145,163,163,163,163],"floor_reached":16,"playtime":299,"items_purged":["Strike_G"],"score":200,"play_id":"ff2b27a2-7d77-490d-aefe-f9b4a719f9df","local_time":"20210109115423","is_ascension_mode":true,"campfire_choices":[{"data":"Corpse Explosion","floor":6,"key":"SMITH"},{"data":"Burst","floor":8,"key":"SMITH"},{"data":"Deadly Poison","floor":15,"key":"SMITH"}],"circlet_count":0,"master_deck":["AscendersBane","Strike_G","Strike_G","Defend_G","Defend_G","Defend_G","Defend_G","Defend_G","Survivor","Neutralize","Corpse Explosion+1","Leg Sweep","Escape Plan","Deadly Poison+1","Burst+1","PiercingWail"],"relics":["Ring of the Snake","Centennial Puzzle","Letter Opener","Regal Pillow"],"acts_visited":["Exordium"],"potions_floor_usage":[7,16],"damage_taken":[{"damage":2,"enemies":"Jaw Worm","floor":1,"turns":5},{"damage":3,"enemies":"Cultist","floor":3,"turns":4},{"damage":21,"enemies":"Gremlin Nob","floor":7,"turns":4},{"damage":8,"enemies":"2 Louse","floor":10,"turns":2},{"damage":6,"enemies":"Red Slaver","floor":12,"turns":4},{"damage":8,"enemies":"Gremlin Gang","floor":14,"turns":2},{"damage":19,"enemies":"Slime Boss","floor":16,"turns":5}],"seed_played":"-2634008039539306751","potions_obtained":[{"floor":1,"key":"Explosive Potion"},{"floor":7,"key":"PowerPotion"},{"floor":12,"key":"CunningPotion"}],"is_trial":false,"path_per_floor":["M","?","M","?","$","R","E","R","T","M","?","M","?","M","R","B"],"character_chosen":"THE_SILENT","items_purchased":["Deadly Poison"],"campfire_rested":0,"item_purchase_floors":[5],"current_hp_per_floor":[57,62,59,59,59,59,38,38,38,30,30,24,24,16,16,0,0],"gold":163,"neow_bonus":"THREE_RARE_CARDS","is_daily":false,"chose_seed":false,"campfire_upgraded":3,"win_rate":0.0,"timestamp":1610160863,"path_taken":["M","?","M","?","$","R","E","R","T","?","?","?","?","M","R","BOSS"],"items_purchased_type":["Card"],"build_version":"2020-12-22","purchased_purges":1,"victory":false,"max_hp_per_floor":[60,65,65,65,65,65,65,65,65,65,65,65,65,65,65,65,65],"card_choices":[{"not_picked":["Storm of Steel","Tools of the Trade"],"picked":"Corpse Explosion","floor":0},{"not_picked":["Backflip","Acrobatics"],"picked":"Leg Sweep","floor":1},{"not_picked":["Poisoned Stab","Bane"],"picked":"Escape Plan","floor":3},{"not_picked":["Dagger Throw","Acrobatics"],"picked":"Burst","floor":7},{"not_picked":["Deflect","Choke","Flying Knee"],"picked":"SKIP","floor":10},{"not_picked":["Slice","Dodge and Roll"],"picked":"PiercingWail","floor":12},{"not_picked":["Slice","Deflect","Prepared"],"picked":"SKIP","floor":14}],"player_experience":883819,"relics_obtained":[{"floor":7,"key":"Centennial Puzzle"},{"floor":9,"key":"Letter Opener"}],"event_choices":[{"damage_healed":0,"gold_gain":0,"player_choice":"Donut","damage_taken":0,"max_hp_gain":5,"max_hp_loss":0,"event_name":"Big Fish","floor":2,"gold_loss":0},{"cards_removed":["Strike_G"],"damage_healed":0,"gold_gain":0,"player_choice":"Forget","damage_taken":0,"max_hp_gain":0,"max_hp_loss":0,"event_name":"Living Wall","floor":4,"gold_loss":0},{"damage_healed":0,"gold_gain":0,"player_choice":"Gave Potion","damage_taken":0,"relics_obtained":["Regal Pillow"],"max_hp_gain":0,"max_hp_loss":0,"event_name":"WeMeetAgain","floor":11,"gold_loss":0},{"cards_removed":["Strike_G"],"damage_healed":0,"gold_gain":0,"player_choice":"Offered Basic","damage_taken":0,"max_hp_gain":0,"max_hp_loss":0,"event_name":"Bonfire Elementals","floor":13,"gold_loss":0}],"is_beta":false,"boss_relics":[],"items_purged_floors":[5],"is_endless":false,"potions_floor_spawned":[1,7,12],"killed_by":"Slime Boss","ascension_level":20}}