{"host":"54vghy6hfkyy1r39","time":1610165709,"event":{"mods":["AchievementEnabler","BaseMod","Minty Spire (QoL Compilation)","StSLib","SuperFastMode","everything is the same but u backflip on backflip"],"gold_per_floor":[17,17,37,50,63,63,63,84,84,105,105,149,224,248,248,248,248],"floor_reached":16,"playtime":332,"items_purged":[],"score":104,"play_id":"65b32cfd-4b2d-4630-92c2-c670fbef126e","local_time":"20210109131509","is_ascension_mode":false,"campfire_choices":[{"data":"Eruption","floor":6,"key":"SMITH"},{"data":"Swivel","floor":11,"key":"SMITH"},{"data":"Vigilance","floor":15,"key":"SMITH"}],"circlet_count":0,"master_deck":["Strike_P","Strike_P","Strike_P","Strike_P","Defend_P","Defend_P","Defend_P","Defend_P","Eruption+1","Vigilance+1","Swivel+1"],"relics":["PureWater","Turnip","Golden Idol","StrikeDummy","Gambling Chip"],"acts_visited":["Exordium"],"potions_floor_usage":[16,16,16],"damage_taken":[{"damage":0,"enemies":"Jaw Worm","floor":1,"turns":3},{"damage":0,"enemies":"2 Louse","floor":3,"turns":2},{"damage":0,"enemies":"Small Slimes","floor":4,"turns":3},{"damage":8,"enemies":"Exordium Thugs","floor":5,"turns":4},{"damage":6,"enemies":"3 Louse","floor":8,"turns":4},{"damage":0,"enemies":"Large Slime","floor":10,"turns":2},{"damage":5,"enemies":"Lagavulin","floor":12,"turns":4},{"damage":0,"enemies":"Looter","floor":14,"turns":4},{"damage":29,"enemies":"Hexaghost","floor":16,"turns":9}],"seed_played":"2471634504465616309","potions_obtained":[{"floor":3,"key":"CultistPotion"},{"floor":4,"key":"EntropicBrew"},{"floor":5,"key":"Explosive Potion"}],"is_trial":false,"path_per_floor":["M","$","M","M","M","R","?","M","T","M","R","E","?","M","R","B"],"character_chosen":"WATCHER","items_purchased":[],"campfire_rested":0,"item_purchase_floors":[],"current_hp_per_floor":[72,72,72,72,64,64,46,40,40,40,40,35,24,24,24,0,0],"gold":248,"neow_bonus":"ONE_RARE_RELIC","is_daily":false,"chose_seed":false,"campfire_upgraded":3,"win_rate":0.0,"timestamp":1610165709,"path_taken":["M","$","M","M","M","R","?","M","T","M","R","E","?","M","R","BOSS"],"items_purchased_type":[],"build_version":"2020-12-22","purchased_purges":0,"victory":false,"max_hp_per_floor":[72,72,72,72,72,72,72,72,72,72,72,72,72,72,72,72,72],"card_choices":[{"not_picked":["FlyingSleeves","Pray","ClearTheMind"],"picked":"SKIP","floor":1},{"not_picked":["Study","CutThroughFate"],"picked":"Swivel","floor":3},{"not_picked":["Protect","CrushJoints","FlyingSleeves"],"picked":"SKIP","floor":4},{"not_picked":["Evaluate","FollowUp","Consecrate"],"picked":"SKIP","floor":5},{"not_picked":["Swivel","BowlingBash","WindmillStrike"],"picked":"SKIP","floor":8},{"not_picked":["JustLucky","PathToVictory","EmptyBody"],"picked":"SKIP","floor":10},{"not_picked":["EmptyBody","BowlingBash","ThirdEye"],"picked":"SKIP","floor":12},{"not_picked":["EmptyBody","PathToVictory","CutThroughFate"],"picked":"SKIP","floor":14}],"player_experience":195929,"relics_obtained":[{"floor":9,"key":"StrikeDummy"},{"floor":12,"key":"Gambling Chip"}],"event_choices":[{"damage_healed":0,"gold_gain":0,"player_choice":"Take Damage","damage_taken":18,"relics_obtained":["Golden Idol"],"max_hp_gain":0,"max_hp_loss":0,"event_name":"Golden Idol","floor":7,"gold_loss":0},{"damage_healed":0,"gold_gain":75,"player_choice":"Gather Gold","damage_taken":11,"max_hp_gain":0,"max_hp_loss":0,"event_name":"World of Goop","floor":13,"gold_loss":0}],"is_beta":false,"boss_relics":[],"items_purged_floors":[],"is_endless":false,"potions_floor_spawned":[3,4,5],"killed_by":"Hexaghost","ascension_level":0}}