{"host":"ln76an1o32p2wxtf","time":1610173188,"event":{"mods":["AchievementEnabler","Act Like it!","BaseMod","BetterRewards","Colored Powertips","Energized Spire","GifTheSpireLib","Infinite Spire","Minty Spire (QoL Compilation)","Shop Mod","StSLib"],"gold_per_floor":[110,110,83,133,149,189,208,208,235,278,299,343,393,413,413,413,413],"floor_reached":16,"playtime":656,"items_purged":[],"score":152,"play_id":"15be23ef-648b-43c6-b740-13ae638649bf","local_time":"20210109141948","is_ascension_mode":true,"campfire_choices":[{"floor":8,"key":"REST"},{"floor":15,"key":"REST"}],"circlet_count":0,"master_deck":["Strike_G","Strike_G","Strike_G","Strike_G","Strike_G","Defend_G","Defend_G","Defend_G","Defend_G","Defend_G","Survivor","Neutralize","Backflip","Noxious Fumes","Distraction","PiercingWail","Backflip"],"relics":["Ring of the Snake","NeowsBlessing","SsserpentHead","Golden Idol","infinitespire:Lucky Rock","PreservedInsect","Oddly Smooth Stone"],"acts_visited":["Exordium"],"potions_floor_usage":[],"damage_taken":[{"damage":0,"enemies":"Jaw Worm","floor":1,"turns":1},{"damage":0,"enemies":"Cultist","floor":5,"turns":1},{"damage":0,"enemies":"Gremlin Nob","floor":6,"turns":1},{"damage":7,"enemies":"Small Slimes","floor":7,"turns":5},{"damage":31,"enemies":"Lagavulin","floor":10,"turns":11},{"damage":10,"enemies":"3 Louse","floor":11,"turns":5},{"damage":16,"enemies":"3 Sentries","floor":12,"turns":7},{"damage":5,"enemies":"2 Fungi Beasts","floor":14,"turns":4},{"damage":26,"enemies":"Hexaghost","floor":16,"turns":11}],"seed_played":"4724649441742874541","potions_obtained":[{"floor":6,"key":"CunningPotion"},{"floor":11,"key":"SmokeBomb"},{"floor":12,"key":"Ancient Potion"}],"is_trial":false,"path_per_floor":["M","?","$","?","M","E","M","R","T","E","M","E","?","M","R","B"],"character_chosen":"THE_SILENT","items_purchased":["Noxious Fumes"],"campfire_rested":2,"item_purchase_floors":[3],"current_hp_per_floor":[70,70,70,53,53,53,46,67,67,36,26,10,10,5,26,0,0],"gold":413,"neow_bonus":"THREE_ENEMY_KILL","is_daily":false,"chose_seed":false,"campfire_upgraded":0,"win_rate":0.0,"timestamp":1610173188,"path_taken":["M","?","?","?","M","E","M","R","T","E","M","E","?","M","R","BOSS"],"items_purchased_type":["Card"],"build_version":"2020-12-22","purchased_purges":0,"victory":false,"max_hp_per_floor":[70,70,70,70,70,70,70,70,70,70,70,70,70,70,70,70,70],"card_choices":[{"not_picked":["Well Laid Plans","Quick Slash"],"picked":"Backflip","floor":1},{"not_picked":["Dodge and Roll","Bouncing Flask","Choke"],"picked":"SKIP","floor":5},{"not_picked":["Skewer","Calculated Gamble","Phantasmal Killer"],"picked":"SKIP","floor":6},{"not_picked":["Cloak And Dagger","Dagger Throw","Bouncing Flask"],"picked":"SKIP","floor":7},{"not_picked":["Quick Slash","Underhanded Strike","Dagger Spray"],"picked":"SKIP","floor":10},{"not_picked":["Dagger Spray","Acrobatics"],"picked":"Distraction","floor":11},{"not_picked":["Masterful Stab","Deflect"],"picked":"PiercingWail","floor":12},{"not_picked":["Cloak And Dagger","Blade Dance"],"picked":"Backflip","floor":14}],"player_experience":717830,"relics_obtained":[{"floor":6,"key":"infinitespire:Lucky Rock"},{"floor":10,"key":"PreservedInsect"},{"floor":12,"key":"Oddly Smooth Stone"}],"event_choices":[{"damage_healed":0,"gold_gain":0,"player_choice":"Trade","damage_taken":0,"relics_obtained":["SsserpentHead"],"max_hp_gain":0,"max_hp_loss":0,"event_name":"FaceTrader","floor":2,"gold_loss":0},{"damage_healed":0,"gold_gain":0,"player_choice":"Take Damage","damage_taken":17,"relics_obtained":["Golden Idol"],"max_hp_gain":0,"max_hp_loss":0,"event_name":"Golden Idol","floor":4,"gold_loss":0},{"damage_healed":0,"gold_gain":0,"player_choice":"Searched \u00271\u0027 times","damage_taken":0,"max_hp_gain":0,"max_hp_loss":0,"event_name":"Dead Adventurer","floor":13,"gold_loss":0}],"is_beta":false,"boss_relics":[],"items_purged_floors":[],"is_endless":false,"potions_floor_spawned":[6,11,12],"killed_by":"Hexaghost","ascension_level":1}}