{"host":"3498uni0c31c9bdm","time":1610196756,"event":{"mods":["BaseMod","Better Third Choice","Minty Spire (QoL Compilation)","Replay The Spire","StSLib"],"gold_per_floor":[118,137,153,172,172,172,205,217,217,217,228,9,9,39,39,143,143,162,162,181,181,181],"floor_reached":21,"playtime":2061,"items_purged":[],"score":267,"play_id":"c3f47cd4-eca2-4275-87ce-f19e4900730f","local_time":"20210109235236","is_ascension_mode":true,"campfire_choices":[{"data":"Armaments","floor":6,"key":"SMITH"},{"floor":10,"key":"RECALL"},{"floor":15,"key":"REST"}],"circlet_count":0,"master_deck":["Strike_R","Strike_R","Strike_R+1","Strike_R","Strike_R","Defend_R","Defend_R","Defend_R","Defend_R","Bash","Flash of Steel","Armaments+1","ReplayTheSpireMod:Stacked","Flex","Thunderclap","Combust","Body Slam","Clothesline","Rupture+1","Reaper","Feed","CurseOfTheBell","Twin Strike+1","Searing Blow"],"relics":["Burning Blood","Blue Candle","Juzu Bracelet","Gremlin Food","Calling Bell","ReplayTheSpireMod:TigerMarble","Shuriken","Ice Cream","betterThird:NestCultRelic"],"acts_visited":["Exordium","TheCity"],"potions_floor_usage":[7,18,21,21],"damage_taken":[{"damage":6,"enemies":"Cultist","floor":1,"turns":3},{"damage":2,"enemies":"2 Louse","floor":2,"turns":3},{"damage":3,"enemies":"Jaw Worm","floor":3,"turns":4},{"damage":8,"enemies":"Exordium Thugs","floor":4,"turns":4},{"damage":32,"enemies":"Gremlin Nob","floor":7,"turns":4},{"damage":11,"enemies":"Looter","floor":8,"turns":2},{"damage":13,"enemies":"Exordium Wildlife","floor":11,"turns":5},{"damage":18,"enemies":"Replay:BlueRogue","floor":14,"turns":5},{"damage":36,"enemies":"Slime Boss","floor":16,"turns":12},{"damage":49,"enemies":"Spheric Guardian","floor":18,"turns":6},{"damage":22,"enemies":"2 Thieves","floor":20,"turns":3},{"damage":32,"enemies":"Masked Bandits","floor":21,"turns":3}],"seed_played":"-5892541195065766124","potions_obtained":[{"floor":1,"key":"Ancient Potion"},{"floor":4,"key":"Elixir"},{"floor":8,"key":"Dexterity Potion"},{"floor":11,"key":"BlessingOfTheForge"},{"floor":16,"key":"Energy Potion"}],"is_trial":false,"path_per_floor":["M","M","M","M","?","R","E","M","T","R","M","$","?","E","R","B",null,"M","?","M","?"],"character_chosen":"IRONCLAD","items_purchased":["Rupture","Juzu Bracelet"],"campfire_rested":1,"item_purchase_floors":[12,12],"current_hp_per_floor":[72,76,79,77,77,77,51,46,46,46,39,39,39,27,51,39,70,27,27,15,0,0],"gold":181,"neow_bonus":"RANDOM_COLORLESS","is_daily":false,"chose_seed":false,"campfire_upgraded":1,"win_rate":0.0,"timestamp":1610196756,"path_taken":["M","?","?","M","?","R","E","?","T","R","M","$","?","E","R","BOSS","M","?","M","?"],"items_purchased_type":["Card","Relic"],"build_version":"2020-12-22","purchased_purges":0,"victory":false,"max_hp_per_floor":[80,80,80,80,80,80,80,80,80,80,80,80,80,80,80,80,80,80,80,84,84,84],"card_choices":[{"not_picked":["Impatience","PanicButton"],"picked":"Flash of Steel","floor":0},{"not_picked":["Wild Strike","Sword Boomerang"],"picked":"Armaments","floor":1},{"not_picked":["Body Slam","Ghostly Armor"],"picked":"ReplayTheSpireMod:Stacked","floor":2},{"not_picked":["Havoc","Wild Strike"],"picked":"Flex","floor":3},{"not_picked":["ReplayTheSpireMod:Strike From Hell","Clothesline"],"picked":"Thunderclap","floor":4},{"not_picked":["Blood for Blood","Havoc"],"picked":"Combust","floor":7},{"not_picked":["Headbutt","Hemokinesis"],"picked":"Body Slam","floor":8},{"not_picked":["Havoc","Battle Trance"],"picked":"Clothesline","floor":11},{"not_picked":["ReplayTheSpireMod:Corrosion Curse","Fire Breathing"],"picked":"Reaper","floor":14},{"not_picked":["Brutality","Exhume"],"picked":"Feed","floor":16},{"not_picked":["Reckless Charge","Clothesline+1"],"picked":"Twin Strike+1","floor":18},{"not_picked":["Cleave","Twin Strike+1"],"picked":"Searing Blow","floor":20}],"player_experience":670286,"relics_obtained":[{"floor":7,"key":"Blue Candle"},{"floor":14,"key":"Gremlin Food"},{"floor":17,"key":"ReplayTheSpireMod:TigerMarble"},{"floor":17,"key":"Shuriken"},{"floor":17,"key":"Ice Cream"}],"event_choices":[{"damage_healed":0,"gold_gain":0,"player_choice":"Ignored","damage_taken":0,"max_hp_gain":0,"max_hp_loss":0,"event_name":"Purifier","floor":5,"gold_loss":0},{"damage_healed":0,"gold_gain":0,"player_choice":"Forge","damage_taken":0,"max_hp_gain":0,"max_hp_loss":0,"event_name":"Accursed Blacksmith","floor":13,"gold_loss":0,"cards_upgraded":["Rupture"]},{"damage_healed":0,"gold_gain":0,"player_choice":"Madness","damage_taken":0,"relics_obtained":["betterThird:NestCultRelic"],"max_hp_gain":0,"max_hp_loss":0,"event_name":"betterThird:BetterNest","floor":19,"gold_loss":0},{"damage_healed":0,"gold_gain":0,"player_choice":"Fought Bandits","damage_taken":0,"max_hp_gain":0,"max_hp_loss":0,"event_name":"Masked Bandits","floor":21,"gold_loss":0}],"is_beta":false,"boss_relics":[{"not_picked":["Empty Cage","Busted Crown"],"picked":"Calling Bell"}],"items_purged_floors":[],"is_endless":false,"potions_floor_spawned":[1,4,8,11,16],"killed_by":"Masked Bandits","ascension_level":8}}