{"host":"9hmnsypyq1c5u7i3","time":1610159842,"event":{"mods":["BaseMod","Bestiary","Hermit","Marisa????????","Minty Spire (QoL Compilation)","Quick Restart","Relic Stats","StSLib","The Cursed","The Hierophant"],"gold_per_floor":[111,111,36,36,54,88,106,137,137,163,178,178,189,215,215,315,315,327,15,35,63,89,115,177,177,177,207,207,122,148,48,48,153,153,174,195,249,10,33,67,67,67,67,102,117,117,67,76,76,76,76,76,28,70,70],"floor_reached":56,"playtime":7461,"items_purged":["hermit:Strike_Hermit","hermit:Defend_Hermit"],"score":1398,"play_id":"0ac2a712-e2f6-460a-8b64-6e78e180386a","local_time":"20210108203722","is_ascension_mode":false,"campfire_choices":[{"data":"hermit:Magnum","floor":12.0,"key":"SMITH"},{"data":"hermit:BigShot","floor":15.0,"key":"SMITH"},{"data":"hermit:FatalDesire","floor":25.0,"key":"SMITH"},{"data":"hermit:GoldenBullet","floor":28.0,"key":"SMITH"},{"data":"hermit:GhostlyPresence","floor":32.0,"key":"SMITH"},{"data":"hermit:Magnum","floor":42,"key":"SMITH"},{"data":"hermit:Reprieve","floor":46,"key":"SMITH"},{"floor":49,"key":"RECALL"},{"data":"hermit:Glare","floor":52,"key":"SMITH"}],"circlet_count":0,"master_deck":["hermit:Strike_Hermit","hermit:Defend_Hermit","hermit:Defend_Hermit","hermit:Defend_Hermit","hermit:Snapshot+1","hermit:Covet","hermit:Glare+1","hermit:HighCaliber","hermit:Magnum+1","hermit:GhostlyPresence+1","hermit:Reprieve+1","hermit:DeadMansHand","hermit:CalledShot","hermit:BigShot+1","hermit:FatalDesire+1","hermit:DeadOrAlive","hermit:LowProfile+1","hermit:FullyLoaded","hermit:GoldenBullet+1","hermit:Dissolve","CurseOfTheBell","hermit:Quickdraw+1","hermit:Coalescence+1","hermit:EyeOfTheStorm","hermit:GhostlyPresence","hermit:Magnum+1","Pain","hermit:Virtue+1"],"relics":["hermit:Momento","NeowsBlessing","Shuriken","Pocketwatch","PreservedInsect","WingedGreaves","Blood Vial","Ancient Tea Set","Empty Cage","Bronze Scales","Bag of Preparation","Potion Belt","Toy Ornithopter","Mummified Hand","Ornamental Fan","Strawberry","Calling Bell","CeramicFish","Kunai","Gambling Chip","CaptainsWheel","Strange Spoon","Akabeko","Bottled Lightning","WarpedTongs","Dead Branch"],"acts_visited":["Exordium","TheCity","TheBeyond","TheEnding"],"potions_floor_usage":[37,45,50,55,55,55],"damage_taken":[{"damage":0.0,"enemies":"Jaw Worm","floor":1.0,"turns":1.0},{"damage":0.0,"enemies":"2 Louse","floor":5.0,"turns":1.0},{"damage":0.0,"enemies":"Lagavulin","floor":6.0,"turns":1.0},{"damage":1.0,"enemies":"Cultist","floor":7.0,"turns":3.0},{"damage":6.0,"enemies":"3 Sentries","floor":8.0,"turns":5.0},{"damage":0.0,"enemies":"Lagavulin","floor":10.0,"turns":3.0},{"damage":0.0,"enemies":"3 Louse","floor":11.0,"turns":2.0},{"damage":0.0,"enemies":"Exordium Wildlife","floor":13.0,"turns":3.0},{"damage":5.0,"enemies":"3 Sentries","floor":14.0,"turns":5.0},{"damage":0.0,"enemies":"Slime Boss","floor":16.0,"turns":7.0},{"damage":0.0,"enemies":"Chosen","floor":18.0,"turns":4.0},{"damage":12.0,"enemies":"2 Thieves","floor":20.0,"turns":3.0},{"damage":13.0,"enemies":"Snecko","floor":21.0,"turns":5.0},{"damage":9.0,"enemies":"Sentry and Sphere","floor":22.0,"turns":4.0},{"damage":14.0,"enemies":"Book of Stabbing","floor":23.0,"turns":4.0},{"damage":6.0,"enemies":"Slavers","floor":24.0,"turns":6.0},{"damage":11.0,"enemies":"Snake Plant","floor":27.0,"turns":2.0},{"damage":11.0,"enemies":"Automaton","floor":33.0,"turns":6.0},{"damage":0.0,"enemies":"Orb Walker","floor":35.0,"turns":3.0},{"damage":40.0,"enemies":"3 Darklings","floor":36.0,"turns":5.0},{"damage":7,"enemies":"2 Orb Walkers","floor":37,"turns":6},{"damage":13,"enemies":"Spire Growth","floor":39,"turns":6},{"damage":0,"enemies":"Giant Head","floor":40,"turns":7},{"damage":57,"enemies":"Nemesis","floor":44,"turns":7},{"damage":1,"enemies":"Maw","floor":45,"turns":6},{"damage":3,"enemies":"Awakened One","floor":50,"turns":14},{"damage":0,"enemies":"Shield and Spear","floor":54,"turns":5},{"damage":78,"enemies":"The Heart","floor":55,"turns":10}],"seed_played":"164195135583198378","potions_obtained":[{"floor":5.0,"key":"SteroidPotion"},{"floor":7.0,"key":"ColorlessPotion"},{"floor":8.0,"key":"EssenceOfSteel"},{"floor":18.0,"key":"Strength Potion"},{"floor":21.0,"key":"AttackPotion"},{"floor":22.0,"key":"PowerPotion"},{"floor":36.0,"key":"EssenceOfSteel"},{"floor":39,"key":"Regen Potion"},{"floor":45,"key":"hermit:Tonic"}],"is_trial":false,"path_per_floor":["M","?","$","?","M","E","M","E","T","E","M","R","M","E","R","B",null,"M","$","M","M","M","E","E","R","T","M","R","?","T","$","R","B",null,"M","M","?","$","M","E","?","R","T","E","M","R","$","?","R","B",null,"R","$","E","B",null],"character_chosen":"HERMIT","items_purchased":["Bronze Scales","Bag of Preparation","Strange Spoon","hermit:GhostlyPresence","Strength Potion","SteroidPotion","Dexterity Potion"],"campfire_rested":0,"item_purchase_floors":[19,19,38,38,38,47,53],"current_hp_per_floor":[75,75,75,63,63,63,62,56,56,56,58,58,64,65,65,67,75,75,75,63,56,49,37,33,33,33,28,28,28,35,35,35,43,82,82,46,54,54,51,53,53,53,53,6,35,35,35,35,35,59,78,78,78,78,17],"gold":70,"neow_bonus":"THREE_ENEMY_KILL","is_daily":false,"chose_seed":false,"campfire_upgraded":8,"win_rate":0.0,"timestamp":1610159842,"path_taken":["M","?","$","?","M","E","M","E","T","E","M","R","M","E","R","BOSS","M","$","M","M","M","E","E","R","T","M","R","?","?","$","R","BOSS","M","M","?","$","M","E","?","R","T","E","M","R","$","?","R","BOSS","R","$","E","BOSS"],"items_purchased_type":["Relic","Relic","Relic","Card","Potion","Potion","Potion"],"build_version":"2020-12-22","purchased_purges":2,"victory":true,"max_hp_per_floor":[75,75,75,75,75,75,75,75,75,75,75,75,75,75,75,75,75,75,75,75,75,75,75,75,75,75,75,75,75,82,82,82,82,82,82,82,82,82,82,82,78,78,78,78,78,78,78,78,78,78,78,78,78,78,78],"relic_stats":{"counters":[28,134],"CeramicFish":63,"Dead Branch":[15],"PreservedInsect":382,"Bag of Preparation":[34],"WarpedTongs":[26],"Blood Vial":32,"Strange Spoon":[41],"Shuriken":[18],"Mummified Hand":[23],"Ornamental Fan":[52],"Bronze Scales":[384],"Gambling Chip":[34],"Kunai":[11],"obtain_stats":[{"CeramicFish":34,"Bag of Preparation":19,"Ancient Tea Set":14,"Empty Cage":17,"Blood Vial":10,"Mummified Hand":26,"Strawberry":30,"Gambling Chip":34,"WingedGreaves":9,"Kunai":34,"Potion Belt":23,"NeowsBlessing":0,"Dead Branch":54,"PreservedInsect":8,"Akabeko":40,"WarpedTongs":48,"Calling Bell":34,"Strange Spoon":38,"CaptainsWheel":37,"Shuriken":4,"Ornamental Fan":29,"Bronze Scales":19,"Bottled Lightning":44,"hermit:Momento":0,"Toy Ornithopter":24,"Pocketwatch":6},{"CeramicFish":18,"Bag of Preparation":11,"Ancient Tea Set":9,"Empty Cage":10,"Blood Vial":6,"Mummified Hand":16,"Strawberry":17,"Gambling Chip":18,"WingedGreaves":5,"Kunai":18,"Potion Belt":15,"NeowsBlessing":0,"Dead Branch":27,"PreservedInsect":5,"Akabeko":23,"WarpedTongs":25,"Calling Bell":18,"Strange Spoon":21,"CaptainsWheel":21,"Shuriken":1,"Ornamental Fan":17,"Bronze Scales":11,"Bottled Lightning":24,"hermit:Momento":0,"Toy Ornithopter":16,"Pocketwatch":3},{"CeramicFish":65,"Bag of Preparation":35,"Ancient Tea Set":24,"Empty Cage":31,"Blood Vial":14,"Mummified Hand":57,"Strawberry":59,"Gambling Chip":65,"WingedGreaves":11,"Kunai":65,"Potion Belt":51,"NeowsBlessing":0,"Dead Branch":124,"PreservedInsect":11,"Akabeko":92,"WarpedTongs":105,"Calling Bell":65,"Strange Spoon":79,"CaptainsWheel":79,"Shuriken":1,"Ornamental Fan":59,"Bronze Scales":35,"Bottled Lightning":99,"hermit:Momento":0,"Toy Ornithopter":57,"Pocketwatch":3}],"Toy Ornithopter":35,"Pocketwatch":[92]},"card_choices":[{"not_picked":["hermit:SprayPray","hermit:Combo"],"picked":"hermit:Glare","floor":1.0},{"not_picked":["hermit:ShadowCloak","hermit:Snipe"],"picked":"hermit:HighCaliber","floor":5.0},{"not_picked":["hermit:Glare","hermit:WideOpen"],"picked":"hermit:Magnum","floor":6.0},{"not_picked":["hermit:CalledShot","hermit:PistolWhip"],"picked":"hermit:GhostlyPresence","floor":7.0},{"not_picked":["hermit:Spite","hermit:Manifest"],"picked":"hermit:Reprieve","floor":8.0},{"not_picked":["hermit:Dive","hermit:Midnight"],"picked":"hermit:DeadMansHand","floor":10.0},{"not_picked":["hermit:Roulette","hermit:Determination","hermit:BodyArmor"],"picked":"SKIP","floor":11.0},{"not_picked":["hermit:Grudge","hermit:Ricochet"],"picked":"hermit:CalledShot","floor":13.0},{"not_picked":["hermit:Manifest","hermit:Maintenance"],"picked":"hermit:BigShot","floor":14.0},{"not_picked":["hermit:DeadOrAlive","hermit:Gambit"],"picked":"hermit:FatalDesire","floor":16.0},{"not_picked":["hermit:HoleUp","hermit:Showdown+1","hermit:SprayPray+1"],"picked":"SKIP","floor":18.0},{"not_picked":["hermit:Snipe+1","hermit:Coalescence"],"picked":"hermit:DeadOrAlive","floor":20.0},{"not_picked":["hermit:TakeCover","hermit:TrackingShot"],"picked":"hermit:LowProfile+1","floor":21.0},{"not_picked":["hermit:Roulette+1","hermit:Shortfuse","hermit:Snipe"],"picked":"SKIP","floor":22.0},{"not_picked":["hermit:LoneWolf","hermit:HighCaliber"],"picked":"hermit:FullyLoaded","floor":23.0},{"not_picked":["hermit:CalledShot","hermit:Desperado","hermit:ItchyTrigger+1"],"picked":"SKIP","floor":24.0},{"not_picked":["hermit:TakeCover","hermit:NoHoldsBarred"],"picked":"hermit:GoldenBullet","floor":27.0},{"not_picked":["hermit:RoundhouseKick","hermit:FromBeyond"],"picked":"hermit:Dissolve","floor":33.0},{"not_picked":["hermit:TrackingShot","hermit:Snipe"],"picked":"hermit:Quickdraw+1","floor":35.0},{"not_picked":["hermit:Snipe+1","hermit:Manifest+1"],"picked":"hermit:Coalescence+1","floor":36.0},{"not_picked":["hermit:TrackingShot","hermit:Headshot+1"],"picked":"hermit:EyeOfTheStorm","floor":37},{"not_picked":["hermit:Grudge","hermit:Coalescence+1"],"picked":"hermit:Magnum","floor":39},{"not_picked":["hermit:Scavenge+1","hermit:DeadMansHand","hermit:TrackingShot+1"],"picked":"SKIP","floor":40},{"not_picked":["hermit:HoleUp+1","hermit:Headshot","hermit:Glare+1"],"picked":"SKIP","floor":44},{"not_picked":["hermit:Adapt","hermit:DeadMansHand","hermit:Headshot"],"picked":"SKIP","floor":45},{"not_picked":["hermit:ItchyTrigger+1","hermit:BigShot"],"picked":"hermit:Virtue+1","floor":54}],"player_experience":795370,"relics_obtained":[{"floor":6.0,"key":"Pocketwatch"},{"floor":8.0,"key":"PreservedInsect"},{"floor":9.0,"key":"WingedGreaves"},{"floor":10.0,"key":"Blood Vial"},{"floor":14.0,"key":"Ancient Tea Set"},{"floor":23.0,"key":"Potion Belt"},{"floor":24.0,"key":"Toy Ornithopter"},{"floor":26.0,"key":"Mummified Hand"},{"floor":30.0,"key":"Strawberry"},{"floor":34.0,"key":"CeramicFish"},{"floor":34.0,"key":"Kunai"},{"floor":34.0,"key":"Gambling Chip"},{"floor":37,"key":"CaptainsWheel"},{"floor":40,"key":"Akabeko"},{"floor":44,"key":"Bottled Lightning"},{"floor":54,"key":"Dead Branch"}],"event_choices":[{"damage_healed":0.0,"max_hp_gain":0.0,"max_hp_loss":0.0,"gold_gain":0.0,"event_name":"Living Wall","player_choice":"Grow","floor":2.0,"gold_loss":0.0,"damage_taken":0.0,"cards_upgraded":["hermit:Snapshot"]},{"damage_healed":0.0,"max_hp_gain":0.0,"max_hp_loss":0.0,"gold_gain":0.0,"event_name":"Scrap Ooze","player_choice":"Success","floor":4.0,"gold_loss":0.0,"damage_taken":12.0,"relics_obtained":["Shuriken"]},{"damage_healed":0.0,"max_hp_gain":0.0,"max_hp_loss":0.0,"gold_gain":0.0,"event_name":"Addict","player_choice":"Obtained Relic","floor":29.0,"gold_loss":85.0,"damage_taken":0.0,"relics_obtained":["Ornamental Fan"]},{"damage_healed":0,"gold_gain":0,"player_choice":"Fight","damage_taken":0,"max_hp_gain":0,"max_hp_loss":0,"event_name":"Mysterious Sphere","floor":37,"gold_loss":0},{"damage_healed":0,"gold_gain":0,"player_choice":"Max HP","damage_taken":0,"max_hp_gain":0,"max_hp_loss":4,"event_name":"Winding Halls","floor":41,"gold_loss":0},{"damage_healed":0,"gold_gain":0,"player_choice":"Rummage","damage_taken":0,"relics_obtained":["WarpedTongs"],"max_hp_gain":0,"max_hp_loss":0,"event_name":"Accursed Blacksmith","floor":48,"gold_loss":0,"cards_obtained":["Pain"]}],"is_beta":false,"boss_relics":[{"not_picked":["Busted Crown","SlaversCollar"],"picked":"Empty Cage"},{"not_picked":["Runic Pyramid","Black Star"],"picked":"Calling Bell"}],"items_purged_floors":[3,31],"is_endless":false,"potions_floor_spawned":[5,7,8,10,18,21,22,36,39,45],"ascension_level":0}}