{"host":"54vghy6hfkyy1r39","time":1610164946,"event":{"mods":["AchievementEnabler","BaseMod","Minty Spire (QoL Compilation)","StSLib","SuperFastMode","everything is the same but u backflip on backflip"],"gold_per_floor":[116,116,41,41,41,41,69,79,79,79,98,125,125,137,137,237,237,257,157,172,87,99,134,134,134,134,149,1,19,38,38,38,38,38],"floor_reached":33,"playtime":856,"items_purged":["Strike_P","Defend_P+1"],"score":275,"play_id":"50fdbd34-0a5d-49d9-b8e2-75483f932ec0","local_time":"20210109130226","is_ascension_mode":false,"campfire_choices":[{"data":"Eruption","floor":6.0,"key":"SMITH"},{"floor":10.0,"key":"REST"},{"floor":15.0,"key":"REST"},{"floor":25,"key":"REST"},{"floor":32,"key":"REST"}],"circlet_count":0,"master_deck":["Eruption+1","Vigilance","BattleHymn+1","MentalFortress+1","MentalFortress","ClearTheMind+1","ConjureBlade+1","DevaForm"],"relics":["Astrolabe","HornCleat","Toxic Egg 2","Eternal Feather","Incense Burner","Meat on the Bone","Empty Cage","Molten Egg 2","CloakClasp","Gremlin Horn","Potion Belt"],"acts_visited":["Exordium","TheCity"],"potions_floor_usage":[30],"damage_taken":[{"damage":0.0,"enemies":"Cultist","floor":1.0,"turns":3.0},{"damage":27.0,"enemies":"Lagavulin","floor":7.0,"turns":4.0},{"damage":9.0,"enemies":"2 Louse","floor":8.0,"turns":2.0},{"damage":0.0,"enemies":"Small Slimes","floor":11.0,"turns":2.0},{"damage":23.0,"enemies":"3 Sentries","floor":12.0,"turns":5.0},{"damage":0.0,"enemies":"Looter","floor":14.0,"turns":3.0},{"damage":1.0,"enemies":"Slime Boss","floor":16.0,"turns":5.0},{"damage":0.0,"enemies":"3 Byrds","floor":18.0,"turns":5.0},{"damage":19.0,"enemies":"Shell Parasite","floor":20.0,"turns":4.0},{"damage":2.0,"enemies":"Centurion and Healer","floor":22.0,"turns":4.0},{"damage":14,"enemies":"Book of Stabbing","floor":23,"turns":4},{"damage":7,"enemies":"Chosen and Byrds","floor":27,"turns":4},{"damage":0,"enemies":"Snecko","floor":29,"turns":3},{"damage":20,"enemies":"3 Cultists","floor":30,"turns":5},{"damage":83,"enemies":"Automaton","floor":33,"turns":10}],"seed_played":"-7752719068969274450","potions_obtained":[{"floor":1.0,"key":"PowerPotion"},{"floor":8.0,"key":"DuplicationPotion"},{"floor":11.0,"key":"FearPotion"},{"floor":18.0,"key":"BlessingOfTheForge"},{"floor":29,"key":"Weak Potion"}],"is_trial":false,"path_per_floor":["M","T","$","?","?","R","E","M","T","R","M","E","T","M","R","B",null,"M","$","M","?","M","E","?","R","T","M","$","M","M","?","R","B"],"character_chosen":"WATCHER","items_purchased":["Potion Belt"],"campfire_rested":4,"item_purchase_floors":[28],"current_hp_per_floor":[72,72,72,58,51,51,24,15,15,39,39,16,16,28,55,54,72,72,72,53,53,51,37,37,61,61,54,54,54,46,46,70,0,0],"gold":38,"neow_bonus":"BOSS_RELIC","is_daily":false,"chose_seed":false,"campfire_upgraded":1,"win_rate":0.0,"timestamp":1610164946,"path_taken":["M","?","$","?","?","R","E","M","T","R","M","E","?","M","R","BOSS","M","$","M","?","M","E","?","R","T","M","$","?","M","?","R","BOSS"],"items_purchased_type":["Relic"],"build_version":"2020-12-22","purchased_purges":2,"victory":false,"max_hp_per_floor":[72,72,72,72,72,72,72,72,72,72,72,72,72,72,72,72,72,72,72,72,72,72,72,72,72,72,72,72,72,72,72,72,72,72],"card_choices":[{"not_picked":["Fasting2","CrushJoints","ReachHeaven"],"picked":"SKIP","floor":1.0},{"not_picked":["SandsOfTime","EmptyFist"],"picked":"MentalFortress","floor":7.0},{"not_picked":["Evaluate+1","Consecrate","PathToVictory+1"],"picked":"SKIP","floor":8.0},{"not_picked":["Prostrate+1","Vengeance+1","Consecrate"],"picked":"SKIP","floor":11.0},{"not_picked":["SashWhip","Devotion","PathToVictory+1"],"picked":"SKIP","floor":12.0},{"not_picked":["Evaluate+1","Wireheading"],"picked":"ClearTheMind+1","floor":14.0},{"not_picked":["Omniscience+1","Judgement+1"],"picked":"ConjureBlade+1","floor":16.0},{"not_picked":["Pray+1","CutThroughFate","ClearTheMind+1"],"picked":"SKIP","floor":18.0},{"not_picked":["Consecrate","LikeWater","Indignation+1"],"picked":"SKIP","floor":20.0},{"not_picked":["Protect+1","ThirdEye+1","Nirvana"],"picked":"SKIP","floor":22.0},{"not_picked":["Pray+1","CutThroughFate+1"],"picked":"DevaForm","floor":23},{"not_picked":["CutThroughFate+1","WheelKick+1","Halt+1"],"picked":"SKIP","floor":27},{"not_picked":["Meditate+1","SignatureMove+1","EmptyFist+1"],"picked":"SKIP","floor":29},{"not_picked":["CarveReality+1","Collect+1","EmptyFist+1"],"picked":"SKIP","floor":30}],"player_experience":194669,"relics_obtained":[{"floor":2.0,"key":"HornCleat"},{"floor":7.0,"key":"Toxic Egg 2"},{"floor":9.0,"key":"Eternal Feather"},{"floor":12.0,"key":"Incense Burner"},{"floor":13.0,"key":"Meat on the Bone"},{"floor":23,"key":"CloakClasp"},{"floor":26,"key":"Gremlin Horn"}],"event_choices":[{"damage_healed":0.0,"max_hp_gain":0.0,"max_hp_loss":0.0,"gold_gain":0.0,"event_name":"Shining Light","player_choice":"Entered Light","floor":4.0,"gold_loss":0.0,"damage_taken":14.0,"cards_upgraded":["Strike_P","Defend_P"]},{"cards_removed":["Defend_P"],"damage_healed":0.0,"max_hp_gain":0.0,"max_hp_loss":0.0,"gold_gain":0.0,"event_name":"Golden Wing","player_choice":"Card Removal","floor":5.0,"gold_loss":0.0,"damage_taken":7.0},{"damage_healed":0.0,"max_hp_gain":0.0,"max_hp_loss":0.0,"gold_gain":0.0,"event_name":"Addict","player_choice":"Obtained Relic","floor":21.0,"gold_loss":85.0,"damage_taken":0.0,"relics_obtained":["Molten Egg 2"]},{"cards_removed":["SashWhip"],"damage_healed":0,"gold_gain":0,"player_choice":"Purged","damage_taken":0,"max_hp_gain":0,"max_hp_loss":0,"event_name":"Purifier","floor":24,"gold_loss":0},{"damage_healed":0,"gold_gain":0,"player_choice":"Ignored","damage_taken":0,"max_hp_gain":0,"max_hp_loss":0,"event_name":"Vampires","floor":31,"gold_loss":0}],"is_beta":false,"boss_relics":[{"not_picked":["SacredBark","Cursed Key"],"picked":"Empty Cage"}],"items_purged_floors":[3,19],"is_endless":false,"potions_floor_spawned":[1,8,11,18,20,27,29],"killed_by":"Automaton","ascension_level":0}}