{"host":"1a3cjta80tad0aqj","time":1610160872,"event":{"mods":["2.2 Compatiblity","AchievementEnabler","BaseMod","Colored Map","DeckTracker","KOR Keyword Fix","Keyboard Shortcuts","Minty Spire (QoL Compilation)","Permanent Neow","Quick Restart","Random Character Button","StSLib","SuperFastMode","everything is the same but u backflip on backflip"],"gold_per_floor":[112,124,49,49,49,49,76,76,76,90,110,74,90,90,90,190,190,210,210,225,125,140,140,160,160,160,35,53,53,53,53,53,53,53],"floor_reached":33,"playtime":1109,"items_purged":["Strike_P","Defend_P","PathToVictory"],"score":320,"play_id":"71bb5041-2235-484c-a167-0bfd4c50508a","local_time":"20210109115432","is_ascension_mode":false,"campfire_choices":[{"data":"Eruption","floor":6,"key":"SMITH"},{"data":"WheelKick","floor":8,"key":"SMITH"},{"data":"FlurryOfBlows","floor":15,"key":"SMITH"},{"floor":23,"key":"REST"},{"floor":32,"key":"REST"}],"circlet_count":0,"master_deck":["Defend_P","Eruption+1","Vigilance","SashWhip+1","Crescendo+1","BattleHymn","FlurryOfBlows+1","WheelKick+1","Halt","MentalFortress","Brilliance","BowlingBash","Adaptation+1","Evaluate","Tantrum"],"relics":["Astrolabe"],"acts_visited":["Exordium","TheCity"],"potions_floor_usage":[20,33],"damage_taken":[{"damage":3,"enemies":"Jaw Worm","floor":1,"turns":2},{"damage":4,"enemies":"2 Louse","floor":2,"turns":3},{"damage":0,"enemies":"Gremlin Nob","floor":7,"turns":2},{"damage":0,"enemies":"Cultist","floor":10,"turns":1},{"damage":3,"enemies":"Looter","floor":11,"turns":2},{"damage":3,"enemies":"3 Louse","floor":13,"turns":3},{"damage":0,"enemies":"Slime Boss","floor":16,"turns":4},{"damage":17,"enemies":"Shell Parasite","floor":18,"turns":5},{"damage":20,"enemies":"2 Thieves","floor":20,"turns":4},{"damage":0,"enemies":"3 Cultists","floor":22,"turns":3},{"damage":11,"enemies":"Sentry and Sphere","floor":24,"turns":4},{"damage":16,"enemies":"Snake Plant","floor":28,"turns":3},{"damage":10,"enemies":"Colosseum Slavers","floor":29,"turns":2},{"damage":43,"enemies":"Collector","floor":33,"turns":2}],"seed_played":"2422888770204025981","potions_obtained":[{"floor":7,"key":"Weak Potion"},{"floor":11,"key":"Energy Potion"},{"floor":18,"key":"DuplicationPotion"}],"is_trial":false,"path_per_floor":["M","M","$","?","?","R","E","R","T","M","M","$","M","$","R","B",null,"M","?","M","$","M","R","M","?","T","$","M","?","?","$","R","B"],"character_chosen":"WATCHER","items_purchased":["MentalFortress"],"campfire_rested":2,"item_purchase_floors":[12],"current_hp_per_floor":[69,65,65,65,72,72,72,72,72,72,69,69,66,66,66,66,72,55,55,35,35,35,56,45,45,45,45,29,19,6,6,29,0,0],"gold":53,"neow_bonus":"BOSS_RELIC","is_daily":false,"chose_seed":true,"campfire_upgraded":3,"win_rate":0.0,"timestamp":1610160872,"path_taken":["M","M","$","?","?","R","E","R","T","M","M","$","M","$","R","BOSS","M","?","M","$","M","R","M","?","T","$","M","?","?","$","R","BOSS"],"items_purchased_type":["Card"],"build_version":"2020-12-22","purchased_purges":3,"victory":false,"max_hp_per_floor":[72,72,72,72,72,72,72,72,72,72,72,72,72,72,72,72,72,72,72,72,72,72,72,72,72,72,72,72,72,77,77,77,77,77],"card_choices":[{"not_picked":["SashWhip","Halt"],"picked":"BattleHymn","floor":1},{"not_picked":["LikeWater","CrushJoints"],"picked":"FlurryOfBlows","floor":2},{"not_picked":["Judgement","JustLucky"],"picked":"WheelKick","floor":7},{"not_picked":["FlurryOfBlows","Indignation"],"picked":"Halt","floor":10},{"not_picked":["Evaluate","Protect","EmptyFist"],"picked":"SKIP","floor":11},{"not_picked":["SandsOfTime","Consecrate","Collect"],"picked":"SKIP","floor":13},{"not_picked":["LessonLearned","Devotion"],"picked":"Brilliance","floor":16},{"not_picked":["Evaluate","Protect"],"picked":"BowlingBash","floor":18},{"not_picked":["Halt","JustLucky"],"picked":"Adaptation+1","floor":20},{"not_picked":["ReachHeaven+1","FlyingSleeves","SashWhip+1"],"picked":"SKIP","floor":22},{"not_picked":["EmptyBody","Swivel","Evaluate"],"picked":"SKIP","floor":24},{"not_picked":["DevaForm","DeceiveReality+1"],"picked":"Tantrum","floor":28}],"player_experience":227158,"relics_obtained":[],"event_choices":[{"damage_healed":0,"gold_gain":0,"player_choice":"Fled","damage_taken":0,"max_hp_gain":0,"max_hp_loss":0,"event_name":"Scrap Ooze","floor":4,"gold_loss":0},{"cards_removed":["Pray"],"damage_healed":7,"gold_gain":0,"player_choice":"Offered Uncommon","damage_taken":0,"max_hp_gain":0,"max_hp_loss":0,"event_name":"Bonfire Elementals","floor":5,"gold_loss":0},{"damage_healed":0,"gold_gain":0,"player_choice":"Ignored","damage_taken":0,"max_hp_gain":0,"max_hp_loss":0,"event_name":"Ghosts","floor":19,"gold_loss":0},{"damage_healed":0,"gold_gain":0,"cards_transformed":["Strike_P","Strike_P"],"player_choice":"Became Test Subject","damage_taken":0,"max_hp_gain":0,"max_hp_loss":0,"event_name":"Drug Dealer","floor":25,"gold_loss":0,"cards_obtained":["PathToVictory","Evaluate"]},{"damage_healed":0,"gold_gain":0,"player_choice":"Fight","damage_taken":0,"max_hp_gain":0,"max_hp_loss":0,"event_name":"Colosseum","floor":29,"gold_loss":0},{"damage_healed":0,"gold_gain":0,"player_choice":"Fled From Nobs","damage_taken":0,"max_hp_gain":0,"max_hp_loss":0,"event_name":"Colosseum","floor":29,"gold_loss":0},{"damage_healed":0,"gold_gain":0,"player_choice":"Shed Blood","damage_taken":18,"max_hp_gain":5,"max_hp_loss":0,"event_name":"Forgotten Altar","floor":30,"gold_loss":0}],"is_beta":false,"boss_relics":[{"not_picked":[]}],"items_purged_floors":[3,21,27],"is_endless":false,"potions_floor_spawned":[7,11,18,29],"killed_by":"Collector","ascension_level":0}}