{"host":"msa0wxqjs3jv1k3j","time":1610173440,"event":{"mods":["BaseMod","BetterRewards","Colored Map","Highlight Path","KOR Keyword Fix","Keyboard Shortcuts","Minty Spire (QoL Compilation)","Quick Restart","SuperFastMode","everything is the same but u backflip on backflip"],"gold_per_floor":[114,114,289,289,46,80,80,94,94,122,122,132,149,166,166,271,271,283,296,331,331,108,108,128,143,168,182,31,31,31,31,31,133,133,149,149,166,216,235,235,249,249,299,319,319,32,32,45,45,45],"floor_reached":51,"playtime":1791,"items_purged":[],"score":707,"play_id":"49c57b58-48d4-4410-9617-5214f1939764","local_time":"20210109152400","is_ascension_mode":false,"campfire_choices":[{"floor":7,"key":"REST"},{"data":"White Noise","floor":15,"key":"SMITH"},{"data":"Fusion","floor":23,"key":"SMITH"},{"data":"Capacitor","floor":29,"key":"SMITH"},{"data":"Zap","floor":32,"key":"SMITH"},{"data":"Genetic Algorithm","floor":40,"key":"SMITH"},{"floor":49,"key":"REST"}],"circlet_count":0,"master_deck":["Strike_B+1","Defend_B","Defend_B","Zap+1","Leap","Redo+1","Storm","Heatsinks","Hello World","Ball Lightning","Static Discharge","Chill","Genetic Algorithm+1","Conserve Battery+1","Capacitor+1","White Noise+1","Electrodynamics","Fusion+1","Compile Driver","Hologram","Loop","Barrage","Go for the Eyes+1","Chaos","Creative AI+1","Storm+1","Barrage","Heatsinks+1","Streamline+1","Aggregate","Redo","Sweeping Beam+1","Machine Learning+1","Undo+1"],"relics":["Cracked Core","Mango","Omamori","Medical Kit","Meat on the Bone","Whetstone","Ginger","Orichalcum","Question Card","Philosopher\u0027s Stone","Red Mask","Strawberry","War Paint","Lee\u0027s Waffle","Frozen Egg 2","Inserter","StoneCalendar","Dream Catcher","Incense Burner"],"acts_visited":["Exordium","TheCity","TheBeyond"],"potions_floor_usage":[16,16,33,33,38,50,50,50],"damage_taken":[{"damage":0,"enemies":"Small Slimes","floor":1,"turns":3},{"damage":48,"enemies":"Gremlin Nob","floor":6,"turns":5},{"damage":11,"enemies":"Jaw Worm","floor":8,"turns":2},{"damage":16,"enemies":"3 Sentries","floor":10,"turns":5},{"damage":0,"enemies":"2 Louse","floor":12,"turns":2},{"damage":8,"enemies":"Large Slime","floor":13,"turns":4},{"damage":9,"enemies":"Red Slaver","floor":14,"turns":3},{"damage":45,"enemies":"The Guardian","floor":16,"turns":8},{"damage":16,"enemies":"2 Thieves","floor":18,"turns":2},{"damage":1,"enemies":"3 Byrds","floor":19,"turns":2},{"damage":1,"enemies":"Masked Bandits","floor":20,"turns":2},{"damage":0,"enemies":"3 Cultists","floor":24,"turns":2},{"damage":24,"enemies":"Sentry and Sphere","floor":25,"turns":5},{"damage":24,"enemies":"Snecko","floor":27,"turns":4},{"damage":48,"enemies":"Champ","floor":33,"turns":11},{"damage":26,"enemies":"3 Darklings","floor":35,"turns":5},{"damage":10,"enemies":"3 Shapes","floor":37,"turns":2},{"damage":32,"enemies":"Mind Bloom Boss Battle","floor":38,"turns":5},{"damage":6,"enemies":"Sphere and 2 Shapes","floor":39,"turns":5},{"damage":13,"enemies":"4 Shapes","floor":41,"turns":3},{"damage":14,"enemies":"Maw","floor":44,"turns":7},{"damage":14,"enemies":"Sphere and 2 Shapes","floor":48,"turns":3},{"damage":59,"enemies":"Time Eater","floor":50,"turns":8}],"seed_played":"2216836782689206052","potions_obtained":[{"floor":6,"key":"CultistPotion"},{"floor":10,"key":"Dexterity Potion"},{"floor":13,"key":"PotionOfCapacity"},{"floor":16,"key":"SteroidPotion"},{"floor":20,"key":"Energy Potion"},{"floor":37,"key":"Regen Potion"},{"floor":38,"key":"LiquidMemories"},{"floor":48,"key":"PowerPotion"}],"is_trial":false,"path_per_floor":["M","?","?","?","$","E","R","M","T","E","$","M","M","M","R","B",null,"M","M","?","?","$","R","M","M","T","M","$","R","$","T","R","B",null,"M","?","M","?","M","R","M","?","T","M","?","$","?","M","R","B",null],"character_chosen":"DEFECT","items_purchased":["Omamori","Medical Kit","Meat on the Bone","Leap","Redo","Whetstone","Hello World","Ball Lightning","Strawberry","Loop","Lee\u0027s Waffle","Incense Burner"],"campfire_rested":2,"item_purchase_floors":[0,0,0,0,0,5,5,5,22,22,28,46],"current_hp_per_floor":[89,89,89,82,82,46,72,61,61,45,45,45,49,52,52,19,89,73,72,71,71,78,78,78,54,54,42,103,103,103,103,103,55,103,77,77,67,59,53,53,52,52,52,50,50,50,50,48,77,30],"gold":45,"neow_bonus":"","is_daily":false,"chose_seed":false,"campfire_upgraded":5,"win_rate":0.0,"timestamp":1610173440,"path_taken":["M","?","?","?","$","E","R","M","T","E","?","?","M","M","R","BOSS","M","M","?","?","$","R","?","M","T","M","$","R","?","?","R","BOSS","M","?","M","?","M","R","M","?","T","?","?","$","?","M","R","BOSS"],"items_purchased_type":["Relic","Relic","Relic","Card","Card","Relic","Card","Card","Relic","Card","Relic","Relic"],"build_version":"2020-12-22","purchased_purges":0,"victory":true,"max_hp_per_floor":[89,89,89,89,89,89,89,89,89,89,89,89,89,89,89,89,89,89,89,89,89,96,96,96,96,96,96,103,103,103,103,103,103,103,103,98,98,98,98,98,98,98,98,98,98,98,98,98,98,98],"card_choices":[{"not_picked":["Scrape","Tempest"],"picked":"Storm","floor":1},{"not_picked":["Auto Shields","Beam Cell"],"picked":"Static Discharge","floor":6},{"not_picked":["Force Field","Steam Power"],"picked":"Chill","floor":8},{"not_picked":["All For One","Undo"],"picked":"Genetic Algorithm","floor":10},{"not_picked":["Go for the Eyes","Leap","Redo"],"picked":"Conserve Battery","floor":12},{"not_picked":["Genetic Algorithm","Recycle","Doom and Gloom"],"picked":"Capacitor","floor":13},{"not_picked":["Redo","Leap","Blizzard"],"picked":"White Noise","floor":14},{"not_picked":["Core Surge","Rainbow","Multi-Cast"],"picked":"Electrodynamics","floor":16},{"not_picked":["Blizzard+1","Chaos+1","Rebound"],"picked":"Fusion","floor":18},{"not_picked":["Ball Lightning+1","Rebound+1","Cold Snap","Steam Power"],"picked":"SKIP","floor":19},{"not_picked":["Reprogram","Beam Cell","FTL"],"picked":"Compile Driver","floor":20},{"not_picked":["Conserve Battery","Cold Snap","Gash"],"picked":"Barrage","floor":24},{"not_picked":["Force Field","Tempest+1","Leap+1"],"picked":"Go for the Eyes+1","floor":25},{"not_picked":["Genetic Algorithm","Beam Cell","Electrodynamics"],"picked":"Chaos","floor":27},{"not_picked":["Hyperbeam","Thunder Strike","Echo Form+1"],"picked":"Creative AI+1","floor":33},{"not_picked":["Scrape","Cold Snap+1","Steam+1"],"picked":"Storm+1","floor":35},{"not_picked":["Hologram+1","Steam","Ball Lightning"],"picked":"Barrage","floor":37},{"not_picked":["Coolheaded+1","Barrage+1","Beam Cell+1"],"picked":"Heatsinks+1","floor":38},{"not_picked":["Leap","Steam+1","Hologram"],"picked":"Streamline+1","floor":39},{"not_picked":["Conserve Battery","Go for the Eyes+1","Tempest"],"picked":"Aggregate","floor":41},{"not_picked":["White Noise","Steam Power","Double Energy+1"],"picked":"Sweeping Beam+1","floor":44},{"not_picked":["Force Field+1","Turbo+1","Gash"],"picked":"Machine Learning+1","floor":48},{"not_picked":["Reprogram","Redo+1","Reinforced Body+1"],"picked":"Undo+1","floor":49}],"player_experience":42451,"relics_obtained":[{"floor":6,"key":"Ginger"},{"floor":9,"key":"Orichalcum"},{"floor":10,"key":"Question Card"},{"floor":20,"key":"Red Mask"},{"floor":26,"key":"War Paint"},{"floor":31,"key":"Frozen Egg 2"},{"floor":38,"key":"StoneCalendar"},{"floor":43,"key":"Dream Catcher"}],"event_choices":[{"damage_healed":0,"gold_gain":0,"cards_transformed":["Defend_B"],"player_choice":"Change","damage_taken":0,"max_hp_gain":0,"max_hp_loss":0,"event_name":"Living Wall","floor":2,"gold_loss":0,"cards_obtained":["Heatsinks"]},{"damage_healed":0,"gold_gain":175,"player_choice":"AGREE","damage_taken":0,"max_hp_gain":0,"max_hp_loss":0,"event_name":"Liars Game","floor":3,"gold_loss":0,"cards_obtained":["Doubt"]},{"cards_removed":["Strike_B"],"damage_healed":0,"gold_gain":0,"player_choice":"Card Removal","damage_taken":7,"max_hp_gain":0,"max_hp_loss":0,"event_name":"Golden Wing","floor":4,"gold_loss":0},{"damage_healed":0,"gold_gain":0,"player_choice":"Fought Bandits","damage_taken":0,"max_hp_gain":0,"max_hp_loss":0,"event_name":"Masked Bandits","floor":20,"gold_loss":0},{"damage_healed":0,"gold_gain":0,"cards_transformed":["Defend_B"],"player_choice":"Transformed","damage_taken":0,"max_hp_gain":0,"max_hp_loss":0,"event_name":"Transmorgrifier","floor":21,"gold_loss":0,"cards_obtained":["Hologram"]},{"damage_healed":0,"gold_gain":0,"player_choice":"Max HP","damage_taken":0,"max_hp_gain":0,"max_hp_loss":5,"event_name":"Winding Halls","floor":36,"gold_loss":0},{"damage_healed":0,"gold_gain":0,"player_choice":"Fight","damage_taken":0,"max_hp_gain":0,"max_hp_loss":0,"event_name":"MindBloom","floor":38,"gold_loss":0},{"damage_healed":0,"gold_gain":0,"cards_transformed":["Strike_B"],"player_choice":"Transformed","damage_taken":0,"max_hp_gain":0,"max_hp_loss":0,"event_name":"Transmorgrifier","floor":42,"gold_loss":0,"cards_obtained":["Redo"]},{"cards_removed":["Strike_B"],"damage_healed":0,"gold_gain":0,"player_choice":"Removed Attack","damage_taken":0,"max_hp_gain":0,"max_hp_loss":0,"event_name":"Falling","floor":45,"gold_loss":0},{"cards_removed":["Dualcast"],"damage_healed":0,"gold_gain":0,"player_choice":"Offered Basic","damage_taken":0,"max_hp_gain":0,"max_hp_loss":0,"event_name":"Bonfire Elementals","floor":47,"gold_loss":0}],"is_beta":false,"boss_relics":[{"not_picked":["Cursed Key","Coffee Dripper"],"picked":"Philosopher\u0027s Stone"},{"not_picked":["SlaversCollar","Empty Cage"],"picked":"Inserter"}],"items_purged_floors":[],"is_endless":false,"potions_floor_spawned":[6,10,13,14,16,20,25,37,38,48],"ascension_level":0}}