{"host":"m5ct6bi1o27m4mp1","time":1610204267,"event":{"mods":["BaseMod","BetterRewards","Duelist Mod","Energized Spire","GifTheSpireLib","Infinite Spire","Marisa????????","Minty Spire (QoL Compilation)","Relic Stats","StSLib"],"gold_per_floor":[141,153,153,153,153,153,153,153,221,151,151,74,107,119,119,237,287,303,317,317,334,334,334,365,406,418,530,555,579,625,662,674,787,799,799],"floor_reached":34,"playtime":1612,"items_purged":[],"score":849,"play_id":"eb521846-8e3e-4740-af4c-9e4b01a1b4b4","local_time":"20210109225747","daily_mods":["Specialized","Heirloom","Time Dilation","Flight"],"is_ascension_mode":true,"campfire_choices":[{"data":"1","floor":6,"key":"LIFT"},{"data":"2","floor":7,"key":"LIFT"},{"data":"3","floor":8,"key":"LIFT"},{"data":"theDuelist:WhiteMagicalHat","floor":11,"key":"SMITH"},{"floor":15,"key":"REST"},{"data":"theDuelist:AfterTheStorm","floor":23,"key":"SMITH"},{"data":"theDuelist:Wildfire+1","floor":32,"key":"SMITH"}],"circlet_count":0,"master_deck":["theDuelist:BeaverWarrior","theDuelist:BeaverWarrior","theDuelist:CastleWalls+1","theDuelist:CastleWalls","theDuelist:FinalFlame+1","theDuelist:GiantSoldier","theDuelist:GiantSoldier+1","theDuelist:ScrapFactory","theDuelist:Sparks","theDuelist:Sparks","theDuelist:LightningBlade","theDuelist:LightningBlade","theDuelist:LightningBlade","theDuelist:LightningBlade","theDuelist:LightningBlade","theDuelist:MythicalBeast","theDuelist:WhiteMagicalHat+1","theDuelist:WingedKuriboh","theDuelist:Nameless:Magic:MagnumShield","theDuelist:YamiForm","theDuelist:FrontierWiseman","theDuelist:SpiralSpearStrike","theDuelist:GravityBlaster","theDuelist:WingedKuriboh","theDuelist:MillenniumShield","theDuelist:HappyLover","theDuelist:AmuletAmbition","theDuelist:YamiForm+1","theDuelist:Wildfire+2","theDuelist:AfterTheStorm+1","theDuelist:InfernoFireBlast","theDuelist:MiraculousDescent","theDuelist:GemElephant","theDuelist:SwordDeepSeated+1","theDuelist:FluteKuriboh","theDuelist:AmuletAmbition","theDuelist:AmuletAmbition","theDuelist:FeatherShot"],"relics":["theDuelist:MillenniumPuzzle","theDuelist:CardPoolRelic","theDuelist:CardPoolBasicRelic","theDuelist:BoosterPackPoolRelic","Girya","infinitespire:Midas Blood","infinitespire:WardingShard","Tiny House","MawBank","Thread and Needle","Dead Branch","Prayer Wheel","Centennial Puzzle","Empty Cage"],"acts_visited":["Exordium","TheCity"],"potions_floor_usage":[],"damage_taken":[{"damage":0,"enemies":"Small Slimes","floor":1,"turns":3},{"damage":5,"enemies":"2 Louse","floor":2,"turns":4},{"damage":12,"enemies":"Gremlin Nob","floor":13,"turns":4},{"damage":8,"enemies":"Jaw Worm","floor":14,"turns":2},{"damage":30,"enemies":"The Guardian","floor":16,"turns":9},{"damage":19,"enemies":"2 Thieves","floor":18,"turns":2},{"damage":0,"enemies":"3 Byrds","floor":19,"turns":5},{"damage":1,"enemies":"Centurion and Healer","floor":21,"turns":3},{"damage":0,"enemies":"theDuelist:KaibaA2","floor":24,"turns":5},{"damage":24,"enemies":"Book of Stabbing","floor":25,"turns":6},{"damage":0,"enemies":"3 Cultists","floor":28,"turns":3},{"damage":0,"enemies":"Snake Plant","floor":29,"turns":5},{"damage":0,"enemies":"theDuelist:KaibaA2","floor":30,"turns":3},{"damage":0,"enemies":"Nightmare","floor":31,"turns":5},{"damage":0,"enemies":"Champ","floor":33,"turns":7}],"seed_played":"-7817201965129636333","potions_obtained":[{"floor":2,"key":"infinitespire:BlackPotion"},{"floor":16,"key":"LiquidBronze"},{"floor":17,"key":"theDuelist:SealedPackE"},{"floor":29,"key":"Fire Potion"}],"is_trial":true,"path_per_floor":["M","M","?","?","?","R","R","R","T","$","R","$","E","M","R","B",null,"M","M","AVR","M","$","R","E","E","T","?","M","M","E","NM","R","B",null],"character_chosen":"THE_DUELIST","items_purchased":["theDuelist:YamiForm","theDuelist:FrontierWiseman"],"campfire_rested":1,"item_purchase_floors":[10,12],"current_hp_per_floor":[72,67,67,51,51,51,51,51,51,51,51,51,39,31,55,80,85,85,85,85,85,85,85,85,85,85,85,85,85,85,85,85,85,85,85],"gold":799,"neow_bonus":"","is_daily":false,"chose_seed":false,"campfire_upgraded":3,"win_rate":0.0,"timestamp":1610204267,"path_taken":["M","M","?","?","?","R","R","R","T","$","R","$","E","M","R","BOSS","M","M","AVR","M","$","R","E","E","T","?","M","M","E","NM","R","BOSS"],"items_purchased_type":["Card","Card"],"build_version":"2020-12-22","purchased_purges":0,"victory":false,"max_hp_per_floor":[80,80,80,80,80,80,80,80,80,80,80,80,80,80,80,80,85,85,85,85,85,85,85,85,85,85,85,85,85,85,85,85,85,85,85],"relic_stats":{"Centennial Puzzle":[0],"counters":[15,50],"Dead Branch":[35],"Prayer Wheel":0,"MawBank":120,"obtain_stats":[{"Girya":0,"Tiny House":17,"Dead Branch":26,"Thread and Needle":25,"theDuelist:MillenniumPuzzle":0,"MawBank":24,"Empty Cage":34,"theDuelist:BoosterPackPoolRelic":0,"Centennial Puzzle":31,"infinitespire:WardingShard":13,"theDuelist:CardPoolBasicRelic":0,"Prayer Wheel":30,"theDuelist:CardPoolRelic":0,"infinitespire:Midas Blood":9},{"Girya":0,"Tiny House":5,"Dead Branch":10,"Thread and Needle":10,"theDuelist:MillenniumPuzzle":0,"MawBank":9,"Empty Cage":15,"theDuelist:BoosterPackPoolRelic":0,"Centennial Puzzle":14,"infinitespire:WardingShard":3,"theDuelist:CardPoolBasicRelic":0,"Prayer Wheel":13,"theDuelist:CardPoolRelic":0,"infinitespire:Midas Blood":2},{"Girya":0,"Tiny House":22,"Dead Branch":37,"Thread and Needle":37,"theDuelist:MillenniumPuzzle":0,"MawBank":33,"Empty Cage":50,"theDuelist:BoosterPackPoolRelic":0,"Centennial Puzzle":45,"infinitespire:WardingShard":11,"theDuelist:CardPoolBasicRelic":0,"Prayer Wheel":42,"theDuelist:CardPoolRelic":0,"infinitespire:Midas Blood":7}]},"card_choices":[{"not_picked":["theDuelist:PineappleBlast","theDuelist:LegendHeart","theDuelist:GravityLash","theDuelist:SwordsRevealing"],"picked":"theDuelist:MythicalBeast","floor":1},{"not_picked":["theDuelist:SangaEarth","theDuelist:MiraculousDescent"],"picked":"theDuelist:WhiteMagicalHat","floor":1},{"not_picked":["theDuelist:FortressWarrior","theDuelist:RainbowOverdragon","theDuelist:LightningVortex","theDuelist:ForbiddenLance"],"picked":"theDuelist:WingedKuriboh","floor":2},{"not_picked":["theDuelist:Wiretap","theDuelist:ScrapFactory","theDuelist:BlackPendant"],"picked":"SKIP","floor":2},{"not_picked":["theDuelist:SpiritHarp","theDuelist:SilverApples"],"picked":"theDuelist:SpiralSpearStrike","floor":13},{"not_picked":["theDuelist:SpellShatteringArrow","theDuelist:Hinotama","theDuelist:CoreBlaster","theDuelist:CombinationAttack"],"picked":"theDuelist:GravityBlaster","floor":13},{"not_picked":["theDuelist:FortressWarrior","theDuelist:PowerGiant","theDuelist:LightningVortex","theDuelist:SmashingGround"],"picked":"theDuelist:WingedKuriboh","floor":14},{"not_picked":["theDuelist:WormApocalypse","theDuelist:ImperialOrder","theDuelist:Tuningware"],"picked":"SKIP","floor":14},{"not_picked":["theDuelist:Raigeki","theDuelist:FeatherShot"],"picked":"theDuelist:MillenniumShield","floor":16},{"not_picked":["theDuelist:RainbowNeos","theDuelist:KamionTimelord","theDuelist:Eva","theDuelist:RainbowOverdragon"],"picked":"theDuelist:HappyLover","floor":16},{"not_picked":["theDuelist:CircleFireKings","theDuelist:AfterTheStorm+1"],"picked":"theDuelist:AmuletAmbition","floor":18},{"not_picked":["theDuelist:FortressWarrior","theDuelist:GaiaFierce","theDuelist:WingedKuriboh","theDuelist:RainbowOverdragon+1","theDuelist:Blockman"],"picked":"SKIP","floor":18},{"not_picked":["theDuelist:WhiteHowling","theDuelist:Electrowhip","theDuelist:ElectromagneticShield+1","theDuelist:MiraculousDescent"],"picked":"theDuelist:YamiForm+1","floor":19},{"not_picked":["theDuelist:SangaEarth","theDuelist:OjamaDeltaHurricane","theDuelist:Eva"],"picked":"SKIP","floor":19},{"not_picked":["theDuelist:InstantFusion+1","theDuelist:MillenniumShield"],"picked":"theDuelist:Wildfire+1","floor":21},{"not_picked":["theDuelist:AfterGenocide+1","theDuelist:OnslaughtFireKings"],"picked":"theDuelist:AfterTheStorm","floor":21},{"not_picked":["theDuelist:InstantFusion","theDuelist:SparkBlaster"],"picked":"theDuelist:InfernoFireBlast","floor":24},{"not_picked":["theDuelist:SangaEarth+1","theDuelist:RainbowNeos","theDuelist:Tuningware","theDuelist:Eva","theDuelist:PreventRat"],"picked":"SKIP","floor":24},{"not_picked":["theDuelist:ImperialOrder+1","theDuelist:GravityAxe","theDuelist:Electrowhip"],"picked":"theDuelist:MiraculousDescent","floor":25},{"not_picked":["theDuelist:AmuletAmbition","theDuelist:EgoBoost","theDuelist:WormApocalypse+1"],"picked":"SKIP","floor":25},{"not_picked":["theDuelist:CombinationAttack+1","theDuelist:Eva","theDuelist:SpiritHarp","theDuelist:BigFire","theDuelist:LightningVortex"],"picked":"SKIP","floor":28},{"not_picked":["theDuelist:Downbeat","theDuelist:Electrowhip","theDuelist:ImperialOrder"],"picked":"SKIP","floor":28},{"not_picked":["theDuelist:RainbowNeos","theDuelist:HappyLover","theDuelist:LabyrinthWall","theDuelist:EarthEffigy"],"picked":"theDuelist:GemElephant","floor":29},{"not_picked":["theDuelist:ChaosSeed","theDuelist:ScrapFactory"],"picked":"theDuelist:SwordDeepSeated+1","floor":29},{"not_picked":["theDuelist:WhiteMagicalHat","theDuelist:SpiritHarp","theDuelist:MythicalBeast","theDuelist:RainbowNeos","theDuelist:HappyLover"],"picked":"SKIP","floor":30},{"not_picked":["theDuelist:Wildfire","theDuelist:CharcoalInpachi","theDuelist:Invigoration"],"picked":"SKIP","floor":30},{"not_picked":["theDuelist:BigFire+1","theDuelist:SwordDeepSeated","theDuelist:WormApocalypse+1","theDuelist:Invigoration"],"picked":"theDuelist:FluteKuriboh","floor":31},{"not_picked":["theDuelist:FortressWarrior","theDuelist:Raigeki","theDuelist:WingedKuriboh","theDuelist:LightningVortex","theDuelist:ForbiddenLance"],"picked":"SKIP","floor":31},{"not_picked":["theDuelist:MagnumShield+1","theDuelist:Hinotama+1","theDuelist:Downbeat+1"],"picked":"SKIP","floor":31},{"not_picked":["theDuelist:LightningBlade","theDuelist:ForbiddenLance"],"picked":"theDuelist:AmuletAmbition","floor":33},{"not_picked":["theDuelist:SevenCompleted+1","theDuelist:PineappleBlast","theDuelist:LightningBlade+1","theDuelist:InstantFusion+1"],"picked":"theDuelist:AmuletAmbition","floor":33},{"not_picked":["theDuelist:YamiForm","theDuelist:Wildfire","theDuelist:LightLaser","theDuelist:GravityLash"],"picked":"theDuelist:FeatherShot","floor":33}],"player_experience":49608,"relics_obtained":[{"floor":9,"key":"infinitespire:Midas Blood"},{"floor":13,"key":"infinitespire:WardingShard"},{"floor":24,"key":"MawBank"},{"floor":25,"key":"Thread and Needle"},{"floor":26,"key":"Dead Branch"},{"floor":30,"key":"Prayer Wheel"},{"floor":31,"key":"Centennial Puzzle"}],"event_choices":[{"total_magic_score":46,"gold_gain":0,"duelist":true,"damage_taken":0,"relics_obtained":[],"points":5,"max_hp_gain":0,"max_hp_loss":0,"spent_points":{"magic":4,"greed":0,"war":0,"power":0,"hunger":0},"event_name":"Nameless Tomb","floor":3,"gold_loss":0,"magic_reward":4,"cards_obtained":["theDuelist:Nameless:Magic:MagnumShield"]},{"total_magic_score":46,"gold_gain":0,"duelist":true,"damage_taken":0,"relics_obtained":[],"points":5,"max_hp_gain":0,"max_hp_loss":0,"spent_points":{"magic":4,"greed":0,"war":0,"power":0,"hunger":0},"event_name":"Nameless Tomb","floor":3,"gold_loss":0,"magic_reward":4,"cards_obtained":["theDuelist:Nameless:Magic:MagnumShield"]},{"damage_healed":0,"gold_gain":0,"player_choice":"Entered Light","damage_taken":16,"max_hp_gain":0,"max_hp_loss":0,"event_name":"Shining Light","floor":4,"gold_loss":0,"cards_upgraded":["theDuelist:CastleWalls","theDuelist:FinalFlame"]},{"damage_healed":0,"gold_gain":0,"player_choice":"Leave","duelist":true,"damage_taken":0,"max_hp_gain":0,"max_hp_loss":0,"event_name":"Card Trader","floor":5,"gold_loss":0},{"damage_healed":0,"gold_gain":100,"player_choice":"Pray","damage_taken":0,"max_hp_gain":0,"max_hp_loss":0,"event_name":"Golden Shrine","floor":27,"gold_loss":0}],"is_beta":false,"boss_relics":[{"not_picked":["Snecko Eye","energizedSpire:SpiderWeb"],"picked":"Tiny House"},{"not_picked":["Philosopher\u0027s Stone","Runic Pyramid"],"picked":"Empty Cage"}],"items_purged_floors":[],"is_endless":true,"potions_floor_spawned":[2,16,18,19,24,29,30,31],"ascension_level":9}}