{"host":"7l2t4psy44vpcd9q","time":1610167803,"event":{"mods":["AchievementEnabler","BaseMod","DeckTracker","Minty Spire (QoL Compilation)","SuperFastMode"],"gold_per_floor":[119,44,59,72,82,54,54,88,88,88,98,98,98,108,108,187,187,187,112,112,112,112,112,112,112,112],"floor_reached":25,"playtime":1413,"items_purged":["Writhe"],"score":414,"play_id":"4efdd962-2b4f-4753-9b59-63852226b6a1","local_time":"20210109135003","is_ascension_mode":true,"campfire_choices":[{"data":"Sucker Punch","floor":7,"key":"SMITH"},{"data":"Noxious Fumes","floor":10,"key":"SMITH"},{"floor":15,"key":"REST"},{"data":"Choke","floor":23,"key":"SMITH"}],"circlet_count":0,"master_deck":["AscendersBane","Strike_G","Strike_G","Strike_G","Strike_G+1","Defend_G","Defend_G","Defend_G","Defend_G+1","Defend_G","Survivor","Neutralize","Blade Dance","Blade Dance","Noxious Fumes+1","Sucker Punch+1","PiercingWail","Dagger Spray","Venomology","Well Laid Plans+1","Dagger Spray","Choke+1","Finisher"],"relics":["Ring of the Snake","Mango","Blood Vial","Boot","Ectoplasm","Omamori"],"acts_visited":["Exordium","TheCity"],"potions_floor_usage":[8,16,16,18,22,22,24,24,25],"damage_taken":[{"damage":5,"enemies":"Cultist","floor":1,"turns":5},{"damage":7,"enemies":"2 Louse","floor":3,"turns":4},{"damage":2,"enemies":"Small Slimes","floor":4,"turns":3},{"damage":1,"enemies":"Exordium Wildlife","floor":5,"turns":3},{"damage":7,"enemies":"Exordium Thugs","floor":6,"turns":4},{"damage":19,"enemies":"3 Sentries","floor":8,"turns":9},{"damage":1,"enemies":"Large Slime","floor":11,"turns":6},{"damage":0,"enemies":"Looter","floor":14,"turns":3},{"damage":11,"enemies":"The Guardian","floor":16,"turns":12},{"damage":25,"enemies":"Spheric Guardian","floor":18,"turns":5},{"damage":7,"enemies":"3 Byrds","floor":20,"turns":4},{"damage":14,"enemies":"Snake Plant","floor":22,"turns":5},{"damage":13,"enemies":"3 Cultists","floor":24,"turns":5},{"damage":23,"enemies":"Snecko","floor":25,"turns":3}],"seed_played":"-6033043285971237458","potions_obtained":[{"floor":1,"key":"Swift Potion"},{"floor":3,"key":"DuplicationPotion"},{"floor":8,"key":"DistilledChaos"},{"floor":14,"key":"BlessingOfTheForge"},{"floor":22,"key":"Strength Potion"}],"is_trial":false,"path_per_floor":["M","$","M","M","M","M","R","E","T","R","M","?","?","M","R","B",null,"M","?","M","T","M","R","M","M"],"character_chosen":"THE_SILENT","items_purchased":[],"campfire_rested":1,"item_purchase_floors":[],"current_hp_per_floor":[68,68,61,59,58,51,51,32,32,32,33,33,9,11,35,26,67,44,44,39,39,27,27,16,0,0],"gold":112,"neow_bonus":"ONE_RARE_RELIC","is_daily":false,"chose_seed":false,"campfire_upgraded":3,"win_rate":0.0,"timestamp":1610167803,"path_taken":["M","?","M","M","M","?","R","E","T","R","?","?","?","M","R","BOSS","M","?","M","?","M","R","M","M"],"items_purchased_type":[],"build_version":"2020-12-22","purchased_purges":1,"victory":false,"max_hp_per_floor":[80,80,80,80,80,80,80,80,80,80,80,80,80,80,80,80,80,80,80,80,80,80,80,80,80,80],"card_choices":[{"not_picked":["Concentrate","Backflip"],"picked":"Blade Dance","floor":1},{"not_picked":["Flying Knee","Dagger Throw"],"picked":"Blade Dance","floor":3},{"not_picked":["Concentrate","Outmaneuver"],"picked":"Noxious Fumes","floor":4},{"not_picked":["Expertise","Backstab"],"picked":"Sucker Punch","floor":5},{"not_picked":["Dodge and Roll","Bullet Time"],"picked":"PiercingWail","floor":6},{"not_picked":["Outmaneuver","Catalyst","Acrobatics"],"picked":"SKIP","floor":8},{"not_picked":["Dagger Throw","Acrobatics"],"picked":"Dagger Spray","floor":11},{"not_picked":["Calculated Gamble","Deflect","Quick Slash"],"picked":"SKIP","floor":14},{"not_picked":["Adrenaline","Night Terror"],"picked":"Venomology","floor":16},{"not_picked":["All Out Attack","PiercingWail"],"picked":"Well Laid Plans+1","floor":18},{"not_picked":["Deadly Poison","Dodge and Roll"],"picked":"Dagger Spray","floor":20},{"not_picked":["Skewer+1","Doppelganger"],"picked":"Choke","floor":22},{"not_picked":["Tactician","Catalyst"],"picked":"Finisher","floor":24}],"player_experience":1154607,"relics_obtained":[{"floor":8,"key":"Blood Vial"},{"floor":9,"key":"Boot"},{"floor":21,"key":"Omamori"}],"event_choices":[{"damage_healed":0,"gold_gain":0,"player_choice":"Fled","damage_taken":0,"max_hp_gain":0,"max_hp_loss":0,"event_name":"Scrap Ooze","floor":12,"gold_loss":0},{"damage_healed":0,"gold_gain":0,"player_choice":"Entered Light","damage_taken":24,"max_hp_gain":0,"max_hp_loss":0,"event_name":"Shining Light","floor":13,"gold_loss":0,"cards_upgraded":["Defend_G","Strike_G"]},{"cards_removed":["Strike_G"],"damage_healed":0,"gold_gain":0,"player_choice":"Gave Gold","damage_taken":0,"max_hp_gain":0,"max_hp_loss":0,"event_name":"Beggar","floor":19,"gold_loss":75}],"is_beta":false,"boss_relics":[{"not_picked":["Sozu","Snecko Eye"],"picked":"Ectoplasm"}],"items_purged_floors":[2],"is_endless":false,"potions_floor_spawned":[1,3,8,14,22],"killed_by":"Snecko","ascension_level":20}}