{"host":"itwqv0qrbl3wcy1o","time":1610219780,"event":{"mods":["10 clothes from DAL","ATMod(阿瑾Mod)","Act Like it!","Ascension Reborn","Aspiration","BaseMod","Colored Powertips","Conspire","Downfall","Friendly Minions","Gensokyo","HololiveMod","HumanHunterMod(怪物杀人mod)","Kiyohime（清姬）","LagranYue(拉格朗・月)","Lobotomy","Minty Spire (QoL Compilation)","MostiFishMod","Pale of the Ancients","Prisma Mod","Quick Restart","Replay The Spire","RumiaBox-露米娅的神秘盒子","Spicy Shops","StSLib","TestMod","The Animator","UnlockEverythingMod","[功能]功能增强和修复MOD","【功能Mod】混沌之环修复补丁","【功能Mod】精心准备","【功能Mod】聪明的最终Boss","【角色mod】十八桐人","【遗物卡牌】REMEMod"],"gold_per_floor":[81,81,98,98,28,53,53],"floor_reached":6,"playtime":349,"items_purged":[],"score":169,"play_id":"c6eb4f43-968e-4620-8d46-2b172bda1431","local_time":"20210110031620","daily_mods":["SealedDeck","Vintage","Heirloom","Flight"],"is_ascension_mode":true,"campfire_choices":[],"circlet_count":0,"master_deck":["Hololive_CallYozoraMel+1","Hololive_CallTokoyamiTowa","Hololive_CallOkamiMio","Hololive_CallTokinoSora+1","Hololive_CallTsunomakiWatame","Hololive_CallNakiriAyame","Hololive_CallHimemoriLuna","Hololive_CallCivia","Hololive_CallShiranuiFlare","Hololive_CallShiroganeNoel","AT_ManFootWork","MostiFishMod:Overload","Hololive_CallAmaneKanata+1","Hololive_Yoholoon"],"relics":["Hololive_TheStar","replay:Trail_Library","AT_ATBox","DaveBox","testmod-TestBox","REME_ComplimentaryCards","Replay:Kaleidoscope","Sling","HalloweenModHalloween","Blue Candle","Replay:WaspNest","SynthV:TestCard","MagicDraw3","Ying","Technique","Whetstone","AT_BellowingDragoncrestRing","ReplayFunnel","Kunai","Garlic","testmod-IWantAll","Akabeko","aspiration:ChemicalBlood","LagranYue:NewUniverseRelic","Ancient Tea Set","CombinedTypeHook"],"acts_visited":["Gensokyo:Gensokyo"],"potions_floor_usage":[],"damage_taken":[{"damage":0,"enemies":"Gensokyo:2_Kodama","floor":1,"turns":3},{"damage":0,"enemies":"Gensokyo:3_Fairies","floor":3,"turns":4},{"damage":0,"enemies":"Gensokyo:Cirno","floor":6,"turns":5}],"seed_played":"-9010463586012857836","potions_obtained":[{"floor":1,"key":"GamblersBrew"},{"floor":3,"key":"Explosive Potion"},{"floor":6,"key":"Adrenaline Potion"}],"is_trial":true,"path_per_floor":["M","$","M","$","?","E"],"character_chosen":"Hololive_HololiveCharacter","items_purchased":["Hololive_CallAmaneKanata+1","MagicDraw3","Ying","Technique","Whetstone","AT_BellowingDragoncrestRing","Kunai","Hololive_Yoholoon","Garlic","testmod-IWantAll","Akabeko","aspiration:ChemicalBlood","LagranYue:NewUniverseRelic"],"campfire_rested":0,"item_purchase_floors":[2,2,2,2,2,2,4,4,4,4,4,4,4],"current_hp_per_floor":[35,35,35,35,35,35,35],"gold":53,"neow_bonus":"","is_daily":false,"chose_seed":false,"campfire_upgraded":0,"win_rate":0.0,"timestamp":1610219780,"path_taken":["M","$","?","$","?","E"],"items_purchased_type":["Card","Relic","Relic","Relic","Relic","Relic","Relic","Card","Relic","Relic","Relic","Relic","Relic"],"build_version":"2020-12-22","purchased_purges":0,"victory":false,"max_hp_per_floor":[35,35,35,35,35,35,35],"card_choices":[],"player_experience":483153,"relics_obtained":[{"floor":1,"key":"Replay:WaspNest"},{"floor":1,"key":"SynthV:TestCard"},{"floor":3,"key":"ReplayFunnel"},{"floor":6,"key":"CombinedTypeHook"}],"event_choices":[],"is_beta":false,"boss_relics":[],"items_purged_floors":[],"is_endless":true,"potions_floor_spawned":[1,3,6,6,6],"killed_by":"Gensokyo:Cirno","ascension_level":0}}