{"host":"rolltorest","time":1610181547,"event":{"mods":["BaseMod","Minty Spire (QoL Compilation)","Relic Stats","Robot Space Explorer","Slay the Relics Exporter","StSLib"],"gold_per_floor":[109,125,142,68,79,111,111,137,188,188,34,64,64,114,114,193,193,211,226,245,265,276,308,308,44,70,70,83,111,111,122,122,122,122],"floor_reached":33,"playtime":2629,"items_purged":["RobotSpaceExplorer:Strike","RobotSpaceExplorer:Strike"],"score":583,"play_id":"265db953-e3c4-4494-9e8e-8dda0caf5898","local_time":"20210109003907","is_ascension_mode":true,"campfire_choices":[{"data":"RobotSpaceExplorer:DoubleBlock","floor":7,"key":"SMITH"},{"floor":13,"key":"REST"},{"data":"RobotSpaceExplorer:DoubleFind","floor":15,"key":"SMITH"},{"data":"RobotSpaceExplorer:HighVoltage","floor":24,"key":"SMITH"},{"floor":27,"key":"REST"},{"data":"RobotSpaceExplorer:ShockMissile","floor":30,"key":"SMITH"},{"floor":32,"key":"REST"}],"circlet_count":0,"master_deck":["AscendersBane","RobotSpaceExplorer:Strike","RobotSpaceExplorer:Strike","RobotSpaceExplorer:Defend","RobotSpaceExplorer:Defend","RobotSpaceExplorer:Defend","RobotSpaceExplorer:Defend","RobotSpaceExplorer:Scan","RobotSpaceExplorer:MiniLasers","RobotSpaceExplorer:DoubleFind+1","RobotSpaceExplorer:RigExplosive+1","RobotSpaceExplorer:DoubleBlock+1","RobotSpaceExplorer:Fix","RobotSpaceExplorer:SurgingStrike","RobotSpaceExplorer:StunGrenade","RobotSpaceExplorer:Blitz+1","RobotSpaceExplorer:LaserBurst+1","RobotSpaceExplorer:HighVoltage+1","RobotSpaceExplorer:Pulsar","RobotSpaceExplorer:Electropulse+1","RobotSpaceExplorer:Pulsar+1","RobotSpaceExplorer:GearShield","RobotSpaceExplorer:ShockMissile+1","Flex","Footwork+1"],"relics":["RobotSpaceExplorer:RoboCore","NeowsBlessing","White Beast Statue","Bottled Lightning","Ancient Tea Set","Happy Flower","Runic Dome","Bronze Scales","PrismaticShard","Omamori","Whetstone"],"acts_visited":["Exordium","TheCity"],"potions_floor_usage":[5,5,6,6,8,12,12,12,16,18,19,20,22,23,28,29,29,31,33],"damage_taken":[{"damage":0,"enemies":"Small Slimes","floor":1,"turns":1},{"damage":0,"enemies":"2 Louse","floor":2,"turns":1},{"damage":0,"enemies":"Cultist","floor":3,"turns":1},{"damage":7,"enemies":"Gremlin Gang","floor":5,"turns":6},{"damage":25,"enemies":"Gremlin Nob","floor":6,"turns":4},{"damage":18,"enemies":"3 Sentries","floor":8,"turns":10},{"damage":10,"enemies":"Lagavulin","floor":12,"turns":8},{"damage":18,"enemies":"The Guardian","floor":16,"turns":16},{"damage":5,"enemies":"Shell Parasite","floor":18,"turns":9},{"damage":2,"enemies":"3 Byrds","floor":19,"turns":5},{"damage":17,"enemies":"Snecko","floor":20,"turns":5},{"damage":18,"enemies":"Snake Plant","floor":21,"turns":5},{"damage":0,"enemies":"3 Cultists","floor":22,"turns":5},{"damage":8,"enemies":"Gremlin Leader","floor":23,"turns":6},{"damage":4,"enemies":"Sentry and Sphere","floor":28,"turns":4},{"damage":19,"enemies":"Slavers","floor":29,"turns":2},{"damage":0,"enemies":"Snecko","floor":31,"turns":4},{"damage":52,"enemies":"Champ","floor":33,"turns":9}],"seed_played":"1227149595303383156","potions_obtained":[{"floor":1,"key":"Weak Potion"},{"floor":2,"key":"LiquidMemories"},{"floor":5,"key":"SpeedPotion"},{"floor":8,"key":"ColorlessPotion"},{"floor":12,"key":"EssenceOfSteel"},{"floor":16,"key":"Strength Potion"},{"floor":20,"key":"RobotSpaceExplorer:PlasmaFlask"},{"floor":23,"key":"PowerPotion"},{"floor":29,"key":"Weak Potion"}],"is_trial":false,"path_per_floor":["M","M","M","$","M","E","R","E","T","?","$","E","R","?","R","B",null,"M","M","M","M","M","E","R","$","T","R","M","E","R","M","R","B"],"character_chosen":"RobotSpaceExplorer","items_purchased":["RobotSpaceExplorer:DoubleBlock","RobotSpaceExplorer:Blitz","PrismaticShard"],"campfire_rested":3,"item_purchase_floors":[4,11,25],"current_hp_per_floor":[64,64,64,64,57,32,32,18,18,18,18,12,33,33,33,19,58,57,59,46,32,32,28,28,28,28,49,49,30,30,30,51,3,3],"gold":122,"neow_bonus":"THREE_ENEMY_KILL","is_daily":false,"chose_seed":false,"campfire_upgraded":4,"win_rate":0.0,"timestamp":1610181547,"path_taken":["M","M","M","$","M","E","R","E","T","?","$","E","R","?","R","BOSS","M","?","?","?","M","E","R","$","T","R","M","E","R","M","R","BOSS"],"items_purchased_type":["Card","Card","Relic"],"build_version":"2020-12-18","purchased_purges":2,"victory":false,"max_hp_per_floor":[71,71,71,71,71,71,71,71,71,71,71,71,71,71,71,71,71,71,71,71,71,71,71,71,71,71,71,71,71,71,71,71,71,71],"relic_stats":{"Happy Flower":[23],"counters":[18,101],"Bronze Scales":[36],"Whetstone":["RobotSpaceExplorer:LaserBurst","RobotSpaceExplorer:Blitz"],"obtain_stats":[{"Runic Dome":17,"NeowsBlessing":0,"Happy Flower":12,"Bronze Scales":23,"RobotSpaceExplorer:RoboCore":0,"Omamori":26,"Bottled Lightning":8,"Whetstone":29,"Ancient Tea Set":9,"PrismaticShard":25,"White Beast Statue":6},{"Runic Dome":8,"NeowsBlessing":0,"Happy Flower":7,"Bronze Scales":14,"RobotSpaceExplorer:RoboCore":0,"Omamori":14,"Bottled Lightning":6,"Whetstone":16,"Ancient Tea Set":6,"PrismaticShard":14,"White Beast Statue":5},{"Runic Dome":47,"NeowsBlessing":0,"Happy Flower":31,"Bronze Scales":82,"RobotSpaceExplorer:RoboCore":0,"Omamori":82,"Bottled Lightning":23,"Whetstone":88,"Ancient Tea Set":23,"PrismaticShard":82,"White Beast Statue":13}]},"card_choices":[{"not_picked":["RobotSpaceExplorer:ExhaustFan","RobotSpaceExplorer:MetalStrike"],"picked":"RobotSpaceExplorer:DoubleFind","floor":1},{"not_picked":["RobotSpaceExplorer:GlueSpray","RobotSpaceExplorer:SurgingStrike"],"picked":"RobotSpaceExplorer:RigExplosive","floor":2},{"not_picked":["RobotSpaceExplorer:Probe","RobotSpaceExplorer:ShockKick","RobotSpaceExplorer:SlimeMissile"],"picked":"SKIP","floor":3},{"not_picked":["RobotSpaceExplorer:GlueShot","RobotSpaceExplorer:PowerGlove"],"picked":"RobotSpaceExplorer:Fix","floor":5},{"not_picked":["RobotSpaceExplorer:Discharger","RobotSpaceExplorer:GlueSpray"],"picked":"RobotSpaceExplorer:SurgingStrike","floor":6},{"not_picked":["RobotSpaceExplorer:ExhaustFan","RobotSpaceExplorer:Multitool"],"picked":"RobotSpaceExplorer:StunGrenade","floor":8},{"not_picked":["RobotSpaceExplorer:PowerCollector","RobotSpaceExplorer:ImprovisedAttack"],"picked":"RobotSpaceExplorer:LaserBurst","floor":12},{"not_picked":["RobotSpaceExplorer:DroneSwarm","RobotSpaceExplorer:Scanner"],"picked":"RobotSpaceExplorer:HighVoltage","floor":16},{"not_picked":["RobotSpaceExplorer:Probe","RobotSpaceExplorer:ShockKick+1","RobotSpaceExplorer:SurgingStrike"],"picked":"SKIP","floor":18},{"not_picked":["RobotSpaceExplorer:SlimeMissile","RobotSpaceExplorer:Counterblock"],"picked":"RobotSpaceExplorer:Pulsar","floor":19},{"not_picked":["RobotSpaceExplorer:GlueShot","RobotSpaceExplorer:Electroshield"],"picked":"RobotSpaceExplorer:Electropulse+1","floor":20},{"not_picked":["RobotSpaceExplorer:DoubleBlock","RobotSpaceExplorer:ScrapShield"],"picked":"RobotSpaceExplorer:Pulsar+1","floor":21},{"not_picked":["RobotSpaceExplorer:FranticSearch","RobotSpaceExplorer:GlueShot"],"picked":"RobotSpaceExplorer:GearShield","floor":22},{"not_picked":["RobotSpaceExplorer:ScrapMissile","RobotSpaceExplorer:FranticSearch"],"picked":"RobotSpaceExplorer:ShockMissile","floor":23},{"not_picked":["Nirvana","Blind"],"picked":"Flex","floor":28},{"not_picked":["EmptyBody+1","Steam+1"],"picked":"Footwork+1","floor":29},{"not_picked":["Coolheaded","Collect","Tactician"],"picked":"SKIP","floor":31}],"player_experience":1813378,"relics_obtained":[{"floor":6,"key":"White Beast Statue"},{"floor":8,"key":"Bottled Lightning"},{"floor":9,"key":"Ancient Tea Set"},{"floor":12,"key":"Happy Flower"},{"floor":23,"key":"Bronze Scales"},{"floor":26,"key":"Omamori"},{"floor":29,"key":"Whetstone"}],"event_choices":[{"damage_healed":0,"gold_gain":0,"player_choice":"Grow","damage_taken":0,"max_hp_gain":0,"max_hp_loss":0,"event_name":"Living Wall","floor":10,"gold_loss":0,"cards_upgraded":["RobotSpaceExplorer:RigExplosive"]},{"damage_healed":0,"gold_gain":50,"player_choice":"Pray","damage_taken":0,"max_hp_gain":0,"max_hp_loss":0,"event_name":"Golden Shrine","floor":14,"gold_loss":0}],"is_beta":true,"boss_relics":[{"not_picked":["Busted Crown","Pandora\u0027s Box"],"picked":"Runic Dome"}],"items_purged_floors":[11,25],"is_endless":false,"potions_floor_spawned":[1,2,5,8,12,16,18,19,20,21,22,23,28,29,31],"killed_by":"Champ","ascension_level":18}}