{"host":"wkcoec525dnrk4jw","time":1610165085,"event":{"mods":["BaseMod","Conspire","Lobotomy","Minty Spire (QoL Compilation)","Quick Restart","Replay The Spire","Shop Mod","StSLib","TestMod","The Bug Knight","The Cursed","[IsaacMod]ÒÔÈö¼âËþ"],"gold_per_floor":[117,128,128,128,128,162,174,217,290,337,365,416,416,600,600,600,600],"floor_reached":16,"playtime":731,"items_purged":[],"score":236,"play_id":"7af27385-7ebc-430e-9b43-a090af71fa9a","local_time":"20210109120445","is_ascension_mode":true,"campfire_choices":[{"floor":13,"key":"REST"},{"floor":15,"key":"REST"}],"circlet_count":0,"master_deck":["AscendersBane","Strike_R","Strike_R+1","Strike_R","Strike_R","Strike_R","Defend_R+1","Defend_R","Defend_R","Defend_R+1","Bash+1","CrumblingArmor","Wild Strike","BodiesMountain","CherryBlossoms","Juggernaut","SpiderBud","ReplayTheSpireMod:Limb From Limb","VoidDream","Searing Blow","Scorched","Wild Strike+1","Wellcheers","Ghostly Armor","Murderer","Barricade+1","Doubt"],"relics":["Burning Blood","HushsDoor","testmod-TestBox","testmod-EqualTreatment","GuppysTail","CogitoBucket","testmod-DragonStarHat","Ornamental Fan","War Paint","CeramicFish","Frozen Egg 2","Gremlin Food","LuminousBracelet","Gremlin Horn"],"acts_visited":["Exordium"],"potions_floor_usage":[10,16,16],"damage_taken":[{"damage":1.0,"enemies":"Cultist","floor":1.0,"turns":3.0},{"damage":5.0,"enemies":"2 Louse","floor":2.0,"turns":3.0},{"damage":20.0,"enemies":"Gremlin Nob","floor":6.0,"turns":4.0},{"damage":6.0,"enemies":"conspire:RoseBush","floor":7.0,"turns":3.0},{"damage":27,"enemies":"Replay:BlueRogue","floor":8,"turns":4},{"damage":12,"enemies":"HollowMod:MossKnight","floor":10,"turns":4},{"damage":11,"enemies":"Large Slime","floor":11,"turns":2},{"damage":57,"enemies":"Replay:BlueRogue","floor":12,"turns":7},{"damage":77,"enemies":"Hexaghost","floor":16,"turns":2}],"seed_played":"5163454447808313764","potions_obtained":[{"floor":1.0,"key":"Block Potion"},{"floor":8,"key":"AttackPotion"},{"floor":10,"key":"Elixir"},{"floor":11,"key":"SkillPotion"}],"is_trial":false,"path_per_floor":["M","M","?","?","T","E","M","E","T","E","M","E","R","?","R","B"],"character_chosen":"IRONCLAD","items_purchased":[],"campfire_rested":2,"item_purchase_floors":[],"current_hp_per_floor":[77,78,75,75,75,63,64,45,45,42,52,16,44,44,72,0,0],"gold":600,"neow_bonus":"","is_daily":false,"chose_seed":false,"campfire_upgraded":0,"win_rate":0.0,"timestamp":1610165085,"path_taken":["M","?","?","?","?","E","M","E","T","E","M","E","R","?","R","BOSS"],"items_purchased_type":[],"build_version":"2020-12-22","purchased_purges":0,"victory":false,"max_hp_per_floor":[80,80,80,80,80,80,80,80,80,80,95,95,95,95,95,95,95],"card_choices":[{"not_picked":["WallGazer","MHz"],"picked":"CrumblingArmor","floor":1.0},{"not_picked":["True Grit","Run Through"],"picked":"Wild Strike","floor":1.0},{"not_picked":["SpiderBud","FairyFestival"],"picked":"BodiesMountain","floor":2.0},{"not_picked":["Armaments","Warcry"],"picked":"Bomb","floor":2.0},{"not_picked":["MHz","SpiderBud","BeautyBeast"],"picked":"Singing Bowl","floor":6.0},{"not_picked":["MeatLantern","Wellcheers"],"picked":"CherryBlossoms","floor":6.0},{"not_picked":["Anger","Perfected Strike"],"picked":"Juggernaut","floor":6.0},{"not_picked":["BeautyBeast","WallGazer"],"picked":"SpiderBud","floor":7.0},{"not_picked":["Cleave","Wild Strike"],"picked":"ReplayTheSpireMod:Limb From Limb","floor":7.0},{"not_picked":["Scorched","OSAHOGD","Murderer"],"picked":"Singing Bowl","floor":8},{"not_picked":["PunishingBird","Wellcheers"],"picked":"VoidDream","floor":8},{"not_picked":["ReplayTheSpireMod:Corrosion Curse","Demonic Infusion"],"picked":"Searing Blow","floor":8},{"not_picked":["Variant","OSAHOGD"],"picked":"Scorched","floor":10},{"not_picked":["Infernal Blade","conspire:ExplosiveBarrier"],"picked":"Wild Strike","floor":10},{"not_picked":["GalaxyChild","BeautyBeast"],"picked":"Wellcheers","floor":11},{"not_picked":["Havoc","Thunderclap"],"picked":"Ghostly Armor","floor":11},{"not_picked":["LittlePrince","OSAHOGD"],"picked":"Murderer","floor":12},{"not_picked":["Sword Boomerang","Iron Wave"],"picked":"Barricade+1","floor":12}],"player_experience":207859,"relics_obtained":[{"floor":5.0,"key":"Ornamental Fan"},{"floor":6.0,"key":"War Paint"},{"floor":8,"key":"CeramicFish"},{"floor":9,"key":"Frozen Egg 2"},{"floor":10,"key":"Gremlin Food"},{"floor":12,"key":"Gremlin Horn"}],"event_choices":[{"damage_healed":0.0,"max_hp_gain":0.0,"max_hp_loss":0.0,"gold_gain":0.0,"event_name":"Scrap Ooze","player_choice":"Success","floor":3.0,"gold_loss":0.0,"damage_taken":3.0,"relics_obtained":["testmod-DragonStarHat"]},{"damage_healed":0,"gold_gain":175,"player_choice":"AGREE","damage_taken":0,"max_hp_gain":0,"max_hp_loss":0,"event_name":"Liars Game","floor":14,"gold_loss":0,"cards_obtained":["Doubt"]}],"is_beta":false,"boss_relics":[],"items_purged_floors":[],"is_endless":false,"potions_floor_spawned":[1,8,10,11],"killed_by":"Hexaghost","ascension_level":13}}