{"host":"k5yjj86hwv5qv2gx","time":1610207574,"event":{"mods":["BaseMod","BetterRewards","Downfall","Hermit","Minty Spire (QoL Compilation)","StSLib"],"gold_per_floor":[117,131,146,160,74,108,108,133,184,197,232,250,250,270,270,348,348,363,436,346,363,363,363,393,393,416,426,452,467,467,467,467],"floor_reached":31,"playtime":1171,"items_purged":["Strike_G"],"score":844,"play_id":"75e96191-f2fe-46bf-9cb8-cf88fce509f2","local_time":"20210109075254","is_ascension_mode":true,"campfire_choices":[{"data":"Catalyst","floor":7,"key":"SMITH"},{"data":"Footwork","floor":15,"key":"SMITH"},{"data":"Burst","floor":23,"key":"SMITH"},{"data":"Catalyst","floor":25,"key":"SMITH"},{"data":"Footwork","floor":30,"key":"SMITH"}],"circlet_count":0,"master_deck":["AscendersBane","Strike_G","Strike_G","Strike_G","Defend_G","Defend_G","Defend_G","Defend_G","Defend_G","Survivor","Neutralize","Noxious Fumes","Crippling Poison","Noxious Fumes","Dodge and Roll","PiercingWail","Dash","Dash","Catalyst+1","Cloak And Dagger","Blade Dance","Bouncing Flask","Footwork+1","Burst+1","Cloak And Dagger","Footwork+1","Catalyst+1","Dodge and Roll","Escape Plan+1"],"relics":["Ring of the Snake","Lee\u0027s Waffle","TwistedFunnel","Anchor","Blue Candle","Juzu Bracelet","Coffee Dripper","Mummified Hand","PreservedInsect","Happy Flower","Centennial Puzzle"],"acts_visited":["Exordium","TheCity"],"potions_floor_usage":[8,16,21,27],"damage_taken":[{"damage":3,"enemies":"Cultist","floor":1,"turns":4},{"damage":1,"enemies":"2 Louse","floor":2,"turns":2},{"damage":1,"enemies":"Jaw Worm","floor":3,"turns":4},{"damage":0,"enemies":"Lots of Slimes","floor":4,"turns":2},{"damage":12,"enemies":"Lagavulin","floor":6,"turns":6},{"damage":5,"enemies":"Gremlin Nob","floor":8,"turns":3},{"damage":5,"enemies":"Gremlin Gang","floor":10,"turns":4},{"damage":11,"enemies":"3 Sentries","floor":11,"turns":6},{"damage":0,"enemies":"2 Fungi Beasts","floor":12,"turns":3},{"damage":1,"enemies":"Looter","floor":14,"turns":3},{"damage":19,"enemies":"Slime Boss","floor":16,"turns":8},{"damage":0,"enemies":"Chosen","floor":18,"turns":3},{"damage":0,"enemies":"3 Byrds","floor":21,"turns":3},{"damage":46,"enemies":"Slavers","floor":24,"turns":5},{"damage":0,"enemies":"Centurion and Healer","floor":27,"turns":5},{"damage":2,"enemies":"Book of Stabbing","floor":28,"turns":4},{"damage":8,"enemies":"Sentry and Sphere","floor":29,"turns":5},{"damage":4,"enemies":"Gremlin Leader","floor":31,"turns":2}],"seed_played":"-8183788159345405710","potions_obtained":[{"floor":1,"key":"sneckomod:MuddlingPotion"},{"floor":6,"key":"DuplicationPotion"},{"floor":10,"key":"Fire Potion"},{"floor":24,"key":"DistilledChaos"},{"floor":27,"key":"FearPotion"}],"is_trial":false,"path_per_floor":["M","M","M","M","$","E","R","E","T","M","E","M","?","M","R","B",null,"M","T","$","M","?","R","E","R","T","M","E","M","R","E"],"character_chosen":"THE_SILENT","items_purchased":["Lee\u0027s Waffle","Noxious Fumes","TwistedFunnel","Crippling Poison","Noxious Fumes","CultistPotion","Catalyst","Footwork"],"campfire_rested":0,"item_purchase_floors":[0,0,0,0,0,0,5,20],"current_hp_per_floor":[70,69,68,68,68,56,56,51,51,46,35,35,31,30,30,11,58,58,58,58,58,58,58,12,12,12,12,10,2,2,0,0],"gold":467,"neow_bonus":"","is_daily":false,"chose_seed":false,"campfire_upgraded":5,"win_rate":0.0,"timestamp":1610207574,"path_taken":["M","M","?","M","$","E","R","E","T","M","E","M","?","M","R","BOSS","M","?","?","M","?","R","E","R","T","M","E","M","R","E"],"items_purchased_type":["Relic","Card","Relic","Card","Card","Potion","Card","Card"],"build_version":"2020-12-22","purchased_purges":1,"victory":false,"max_hp_per_floor":[73,73,73,73,73,73,73,73,73,73,73,73,73,73,73,73,73,73,73,73,73,73,73,73,73,73,73,73,73,73,73,73],"card_choices":[{"not_picked":["Sucker Punch","Deflect"],"picked":"Dodge and Roll","floor":1},{"not_picked":["Sucker Punch","Underhanded Strike"],"picked":"PiercingWail","floor":2},{"not_picked":["Catalyst","Cloak And Dagger"],"picked":"Dash","floor":3},{"not_picked":["Night Terror","Poisoned Stab"],"picked":"Dash","floor":4},{"not_picked":["Outmaneuver","Underhanded Strike"],"picked":"Cloak And Dagger","floor":6},{"not_picked":["Sucker Punch","Masterful Stab"],"picked":"Blade Dance","floor":8},{"not_picked":["Dagger Throw","Tools of the Trade","Bane"],"picked":"SKIP","floor":10},{"not_picked":["Distraction","Slice"],"picked":"Bouncing Flask","floor":11},{"not_picked":["Deadly Poison","A Thousand Cuts"],"picked":"Footwork","floor":12},{"not_picked":["Prepared","Choke","Underhanded Strike"],"picked":"SKIP","floor":14},{"not_picked":["Die Die Die","Envenom"],"picked":"Burst","floor":16},{"not_picked":["Bane","Dagger Spray"],"picked":"Cloak And Dagger","floor":18},{"not_picked":["Caltrops","Deflect"],"picked":"Catalyst","floor":21},{"not_picked":["Dodge and Roll","Concentrate","Bane+1"],"picked":"SKIP","floor":24},{"not_picked":["Concentrate","Bane+1"],"picked":"Dodge and Roll","floor":24},{"not_picked":["Poisoned Stab","Footwork"],"picked":"Escape Plan+1","floor":27},{"not_picked":["Prepared","Dagger Throw","Slice+1"],"picked":"SKIP","floor":28},{"not_picked":["Quick Slash","Glass Knife","Expertise"],"picked":"SKIP","floor":29}],"player_experience":1258823,"relics_obtained":[{"floor":6,"key":"Anchor"},{"floor":8,"key":"Blue Candle"},{"floor":11,"key":"Juzu Bracelet"},{"floor":19,"key":"Mummified Hand"},{"floor":24,"key":"PreservedInsect"},{"floor":26,"key":"Happy Flower"},{"floor":28,"key":"Centennial Puzzle"}],"event_choices":[{"damage_healed":0,"gold_gain":0,"player_choice":"Bought 0 Potions","damage_taken":0,"max_hp_gain":0,"max_hp_loss":0,"event_name":"The Woman in Blue","floor":13,"gold_loss":0},{"cards_removed":["Strike_G"],"damage_healed":0,"gold_gain":0,"player_choice":"Offered Basic","damage_taken":0,"max_hp_gain":0,"max_hp_loss":0,"event_name":"Bonfire Elementals","floor":22,"gold_loss":0}],"is_beta":false,"boss_relics":[{"not_picked":["Busted Crown","Velvet Choker"],"picked":"Coffee Dripper"}],"items_purged_floors":[0],"is_endless":false,"potions_floor_spawned":[1,6,10,12,14,24,27],"killed_by":"Gremlin Leader","ascension_level":20}}