{"host":"w01uex9uy9hwwtiw","time":1610174111,"event":{"mods":["ATMod(阿瑾Mod)","Arknights The Spire","BaseMod","Better Third Choice","Lobotomy","LobotomyExtend","Minty Spire (QoL Compilation)","Remilia（蕾米莉亚）","Replay The Spire","RumiaBox-露米娅的神秘盒子","SIMod","StSLib","TestMod","The Administrix","The Hierophant","The Servant 0.9.4","[IsaacMod]以撒尖塔","vexMod","【遗物Mod】死灵法师NEW","【遗物卡牌】REMEMod","残留之物","篝火指南","老伊莉雅"],"gold_per_floor":[132,166,166,196,232,232,232],"floor_reached":6,"playtime":375,"items_purged":[],"score":40,"play_id":"ba788838-676d-4005-9ee3-0e834e84f556","local_time":"20210109143511","is_ascension_mode":true,"campfire_choices":[],"circlet_count":0,"master_deck":["SpecialBullet","SpecialBullet","SpecialBullet","SpecialBullet","SpecialBullet","SpecialBullet","SpecialBullet","SpecialBullet","CentralCode","SecurityCode","InformationCode","AT_FamilyPortrait","HandOfGreed","Mimicry","PunishingBird","SomewhereSpear","FairyFestival","Wingbeat","Yin","Battle Trance"],"relics":["CogitoBucket","testmod-TestBox","REME_ComplimentaryCards","AT_ATBox","HushsDoor","testmod-Prudence","DeadEye","LetterFromLob","PrismaticShard","Yang_Lob"],"acts_visited":["Exordium"],"potions_floor_usage":[],"damage_taken":[{"damage":0,"enemies":"Small Slimes","floor":1,"turns":2},{"damage":6,"enemies":"2 Louse","floor":2,"turns":2},{"damage":0,"enemies":"Cultist","floor":4,"turns":2},{"damage":6,"enemies":"Exordium Thugs","floor":5,"turns":3},{"damage":99999999,"enemies":"3 Sentries","floor":6,"turns":1}],"seed_played":"1080358951022988355","potions_obtained":[{"floor":2,"key":"Explosive Potion"},{"floor":5,"key":"Venom Potion"}],"is_trial":false,"path_per_floor":["M","M","?","M","M","E"],"character_chosen":"Angela","items_purchased":[],"campfire_rested":0,"item_purchase_floors":[],"current_hp_per_floor":[70,70,70,70,70,0,0],"gold":232,"neow_bonus":"ONE_RANDOM_RARE_CARD","is_daily":false,"chose_seed":false,"campfire_upgraded":0,"win_rate":0.0,"timestamp":1610174111,"path_taken":["M","M","?","?","M","E"],"items_purchased_type":[],"build_version":"2020-12-22","purchased_purges":0,"victory":false,"max_hp_per_floor":[70,70,70,70,70,70,70],"card_choices":[{"not_picked":[],"picked":"SuicideKing","floor":0},{"not_picked":["Wellcheers","SpiderBud"],"picked":"PunishingBird","floor":1},{"not_picked":["Pleasure"],"picked":"SomewhereSpear","floor":1},{"not_picked":["Bloodbath","Freischutz"],"picked":"FairyFestival","floor":2},{"not_picked":["GrinderMk4"],"picked":"Wingbeat","floor":2},{"not_picked":["Scorched","Mercenary"],"picked":"Yin","floor":4},{"not_picked":["FloweringNight","ats:Defend Order"],"picked":"SKIP","floor":4},{"not_picked":["Fan"],"picked":"Battle Trance","floor":5}],"player_experience":122718,"relics_obtained":[{"floor":1,"key":"LetterFromLob"}],"event_choices":[],"is_beta":false,"boss_relics":[],"items_purged_floors":[],"is_endless":false,"potions_floor_spawned":[2,5],"killed_by":"3 Sentries","ascension_level":1}}