{"host":"r5m27m0hu9mtdi9d","time":1610165126,"event":{"mods":["AchievementEnabler","BaseMod","Colored Map","Colored Powertips","Highlight Path","Minty Spire (QoL Compilation)"],"gold_per_floor":[114,114,214,228,32,67,86,125,150,150,29,57,57,77,77,186,186,197,197,224,143,93,132,132,132,132],"floor_reached":25,"playtime":2023,"items_purged":["Strike_B","Defend_B","Defend_B"],"score":343,"play_id":"912a586a-dcf9-4c01-9c26-e9b0cde173f3","local_time":"20210108230526","is_ascension_mode":true,"campfire_choices":[{"data":"Loop","floor":10.0,"key":"SMITH"},{"data":"Zap","floor":13.0,"key":"SMITH"},{"data":"Glacier","floor":15.0,"key":"SMITH"},{"data":"Echo Form","floor":24,"key":"SMITH"}],"circlet_count":0,"master_deck":["Strike_B","Strike_B","Defend_B+1","Defend_B","Zap+1","Dualcast+1","Sweeping Beam","Gash","Go for the Eyes","Cold Snap","Loop+1","Coolheaded","Melter","Glacier+1","Echo Form+1","Skim+1","Self Repair","Consume"],"relics":["Cracked Core","NeowsBlessing","Runic Capacitor","CeramicFish","Smiling Mask","Toy Ornithopter","Sozu","Turnip"],"acts_visited":["Exordium","TheCity"],"potions_floor_usage":[23],"damage_taken":[{"damage":0.0,"enemies":"Small Slimes","floor":1.0,"turns":1.0},{"damage":0.0,"enemies":"2 Louse","floor":4.0,"turns":1.0},{"damage":0.0,"enemies":"Lagavulin","floor":6.0,"turns":1.0},{"damage":0.0,"enemies":"Cultist","floor":7.0,"turns":2.0},{"damage":41.0,"enemies":"3 Sentries","floor":8.0,"turns":10.0},{"damage":10.0,"enemies":"Gremlin Gang","floor":12.0,"turns":3.0},{"damage":4.0,"enemies":"Lots of Slimes","floor":14.0,"turns":3.0},{"damage":9.0,"enemies":"Hexaghost","floor":16.0,"turns":11.0},{"damage":0.0,"enemies":"Spheric Guardian","floor":18.0,"turns":3.0},{"damage":24.0,"enemies":"3 Byrds","floor":20.0,"turns":5.0},{"damage":36,"enemies":"Slavers","floor":23,"turns":7},{"damage":8,"enemies":"Snake Plant","floor":25,"turns":1}],"seed_played":"-466211267435982014","potions_obtained":[{"floor":6.0,"key":"FairyPotion"},{"floor":12.0,"key":"CultistPotion"},{"floor":14.0,"key":"AttackPotion"},{"floor":16.0,"key":"SteroidPotion"}],"is_trial":false,"path_per_floor":["M","?","?","M","$","E","M","E","T","R","$","M","R","M","R","B",null,"M","?","M","$","$","E","R","M"],"character_chosen":"DEFECT","items_purchased":["Runic Capacitor","Go for the Eyes","Melter","Self Repair"],"campfire_rested":0,"item_purchase_floors":[5,5,11,21],"current_hp_per_floor":[68,53,53,53,53,53,53,12,12,12,12,2,2,22,22,18,61,61,61,37,37,37,6,6,0,0],"gold":132,"neow_bonus":"THREE_ENEMY_KILL","is_daily":false,"chose_seed":false,"campfire_upgraded":4,"win_rate":0.0,"timestamp":1610165126,"path_taken":["M","?","?","M","$","E","M","E","T","R","$","M","R","M","R","BOSS","M","?","?","?","$","E","R","M"],"items_purchased_type":["Relic","Card","Card","Card"],"build_version":"2020-12-22","purchased_purges":3,"victory":false,"max_hp_per_floor":[75,75,75,75,75,75,75,75,75,75,75,75,75,75,75,75,75,75,75,75,75,75,75,75,75,75],"card_choices":[{"not_picked":["Conserve Battery","Barrage"],"picked":"Sweeping Beam","floor":1.0},{"not_picked":["Loop","Ball Lightning"],"picked":"Gash","floor":4.0},{"not_picked":["Hello World","Loop"],"picked":"Cold Snap","floor":6.0},{"not_picked":["Heatsinks","Aggregate"],"picked":"Loop","floor":7.0},{"not_picked":["Steam Power","Blizzard"],"picked":"Coolheaded","floor":8.0},{"not_picked":["Sunder","Rebound"],"picked":"Glacier","floor":12.0},{"not_picked":["Doom and Gloom","Loop","Force Field"],"picked":"SKIP","floor":14.0},{"not_picked":["Buffer","Electrodynamics"],"picked":"Echo Form","floor":16.0},{"not_picked":["Cold Snap+1","Stack","Aggregate"],"picked":"SKIP","floor":18.0},{"not_picked":["Cold Snap","Go for the Eyes+1"],"picked":"Skim+1","floor":20.0},{"not_picked":["Undo","Sweeping Beam"],"picked":"Consume","floor":23}],"player_experience":680699,"relics_obtained":[{"floor":6.0,"key":"CeramicFish"},{"floor":8.0,"key":"Smiling Mask"},{"floor":9.0,"key":"Toy Ornithopter"},{"floor":23,"key":"Turnip"}],"event_choices":[{"damage_healed":0.0,"max_hp_gain":0.0,"max_hp_loss":0.0,"gold_gain":0.0,"event_name":"Shining Light","player_choice":"Entered Light","floor":2.0,"gold_loss":0.0,"damage_taken":15.0,"cards_upgraded":["Dualcast","Defend_B"]},{"damage_healed":0.0,"max_hp_gain":0.0,"max_hp_loss":0.0,"gold_gain":100.0,"event_name":"Wheel of Change","player_choice":"Gold","floor":3.0,"gold_loss":0.0,"damage_taken":0.0},{"cards_removed":["Strike_B"],"damage_healed":0.0,"max_hp_gain":0.0,"max_hp_loss":0.0,"gold_gain":0.0,"event_name":"Purifier","player_choice":"Purged","floor":19.0,"gold_loss":0.0,"damage_taken":0.0}],"is_beta":false,"boss_relics":[{"not_picked":["Velvet Choker","Runic Pyramid"],"picked":"Sozu"}],"items_purged_floors":[11,21,22],"is_endless":false,"potions_floor_spawned":[6,12,14,16,20,23],"killed_by":"Snake Plant","ascension_level":7}}