{"host":"wghdsg8ym2wc7ov9","time":1610165167,"event":{"mods":["AchievementEnabler","Astrologer","BaseMod","Beaked The Cultist","Better Altar","Better Note","Colored Map","Downfall","Hermit","Highlight Path","Jorbs\u0027s Wanderer Trilogy","KinomotoSakuraMod(????)","Minty Spire (QoL Compilation)","Random Character Button","Relic Stats","SIMod","Shop Mod","StSLib","The Blackbeard","The Bladedancer","The Construct","The Cursed","The Death Knight","The Gatherer","The Hierophant","The Marked","The Mystic","The Necromancer","The Runesmith","The Senshi","The Servant 0.9.4"],"gold_per_floor":[111,166,179,195,195,229,249,275,298,318,334,344,344,62,62,163,163,174,193,204,224,224,239,239,268,293,306,266,266,281,298,298,403,403,417,417,435,450,462,492,492,220,220,220,320,339,670,682,682,682,682,682,13,43,43,43],"floor_reached":55,"playtime":11707,"items_purged":[],"score":844,"play_id":"54938448-d1c6-49d1-817d-589b81c1f56f","local_time":"20210108200607","is_ascension_mode":false,"campfire_choices":[{"floor":13.0,"key":"REST"},{"floor":15.0,"key":"REST"},{"floor":24.0,"key":"REST"},{"floor":29.0,"key":"REST"},{"floor":32.0,"key":"REST"},{"floor":41.0,"key":"RECALL"},{"floor":44.0,"key":"REST"},{"data":"Discovery","floor":49.0,"key":"SMITH"},{"data":"ClowCardTheFlower","floor":52.0,"key":"SMITH"}],"circlet_count":0,"master_deck":["SakuraCardTheLittle+","SakuraCardTheDream+","SakuraCardTheThrough+","ClowCardTheSword+1","ClowCardTheShield+1","SpellCardSeal","SpellCardRelease","ClowCardTheFloat","ClowCardTheFreeze+1","ClowCardTheWatery","ClowCardTheBubbles+1","ClowCardTheTwin","ClowCardTheRain","ClowCardTheIllusion","ClowCardTheWood","ClowCardTheWave","ClowCardTheMist","ClowCardTheSand","ClowCardTheThunder","ClowCardTheSnow","ClowCardTheMaze+1","ClowCardTheVoice","ClowCardTheSand","ClowCardTheDream","ClowCardTheMirror","ClowCardTheMist","ClowCardTheFloat","ClowCardTheFight","ClowCardTheLoop","ClowCardTheDash","ClowCardTheJump+1","ClowCardTheLittle","ClowCardTheWave","ClowCardTheRain","ClowCardTheSweet","Discovery+1","ClowCardTheShadow+1","ClowCardTheRain","ClowCardTheFirey+1","ClowCardTheDream+1","ClowCardTheTime","ClowCardTheShot+1","ClowCardTheFlower+1","ClowCardTheWatery","ClowCardTheFlower","ClowCardTheSnow","ClowCardTheFloat","ClowCardTheRain","ClowCardTheWindy+1"],"relics":["KSMOD_SealedBook","KSMOD_SealedWand","Art of War","Centennial Puzzle","KSMOD_DarknessWand","Anchor","SlaversCollar","Ancient Tea Set","Bronze Scales","Ornamental Fan","MerchantsRug","Lantern"],"acts_visited":["Exordium","TheCity","TheBeyond","TheEnding"],"potions_floor_usage":[],"damage_taken":[{"damage":0.0,"enemies":"Small Slimes","floor":1.0,"turns":3.0},{"damage":0.0,"enemies":"Cultist","floor":3.0,"turns":5.0},{"damage":6.0,"enemies":"2 Louse","floor":4.0,"turns":2.0},{"damage":28.0,"enemies":"Gremlin Nob","floor":6.0,"turns":4.0},{"damage":9.0,"enemies":"Looter","floor":7.0,"turns":3.0},{"damage":6.0,"enemies":"Lagavulin","floor":8.0,"turns":6.0},{"damage":10.0,"enemies":"Blue Slaver","floor":10.0,"turns":4.0},{"damage":0.0,"enemies":"Lots of Slimes","floor":11.0,"turns":1.0},{"damage":7.0,"enemies":"Gremlin Gang","floor":12.0,"turns":5.0},{"damage":13.0,"enemies":"The Guardian","floor":16.0,"turns":9.0},{"damage":7.0,"enemies":"Shell Parasite","floor":18.0,"turns":5.0},{"damage":12.0,"enemies":"3 Byrds","floor":19.0,"turns":4.0},{"damage":4.0,"enemies":"Cultist and Chosen","floor":20.0,"turns":4.0},{"damage":13.0,"enemies":"Centurion and Healer","floor":21.0,"turns":4.0},{"damage":19.0,"enemies":"3 Cultists","floor":22.0,"turns":4.0},{"damage":10.0,"enemies":"Sentry and Sphere","floor":23.0,"turns":5.0},{"damage":18.0,"enemies":"Gremlin Leader","floor":25.0,"turns":7.0},{"damage":5.0,"enemies":"Centurion and Healer","floor":27.0,"turns":4.0},{"damage":0.0,"enemies":"Snecko","floor":30.0,"turns":4.0},{"damage":27.0,"enemies":"3 Cultists","floor":31.0,"turns":6.0},{"damage":48.0,"enemies":"Collector","floor":33.0,"turns":8.0},{"damage":0.0,"enemies":"3 Shapes","floor":35.0,"turns":8.0},{"damage":10.0,"enemies":"3 Darklings","floor":37.0,"turns":5.0},{"damage":1.0,"enemies":"Jaw Worm Horde","floor":38.0,"turns":5.0},{"damage":2.0,"enemies":"Maw","floor":39.0,"turns":8.0},{"damage":12.0,"enemies":"Reptomancer","floor":40.0,"turns":4.0},{"damage":10.0,"enemies":"3 Darklings","floor":46.0,"turns":5.0},{"damage":0.0,"enemies":"Giant Head","floor":47.0,"turns":7.0},{"damage":4.0,"enemies":"Transient","floor":48.0,"turns":5.0},{"damage":16.0,"enemies":"Donu and Deca","floor":50.0,"turns":8.0},{"damage":67.0,"enemies":"Shield and Spear","floor":54.0,"turns":7.0},{"damage":56,"enemies":"The Heart","floor":55,"turns":3}],"seed_played":"-548502178705138511","potions_obtained":[{"floor":1.0,"key":"FearPotion"},{"floor":4.0,"key":"champ:CounterPotion"},{"floor":7.0,"key":"Swift Potion"},{"floor":8.0,"key":"SmokeBomb"},{"floor":16.0,"key":"PowerPotion"},{"floor":20.0,"key":"Weak Potion"},{"floor":23.0,"key":"FairyPotion"},{"floor":30.0,"key":"KSMOD_MagickBottle"},{"floor":33.0,"key":"Block Potion"},{"floor":39.0,"key":"SpeedPotion"},{"floor":47.0,"key":"BlessingOfTheForge"},{"floor":54.0,"key":"DistilledChaos"}],"is_trial":false,"path_per_floor":["M","?","M","M","?","E","M","E","T","M","M","M","R","$","R","B",null,"M","M","M","M","M","M","R","E","T","M","?","R","M","M","R","B",null,"M","?","M","M","M","E","R","$","T","R","?","M","E","M","R","B",null,"R","$","E","B"],"character_chosen":"KINOMOTOSAKURA","items_purchased":["KSMOD_GemBrooch","ClowCardTheWave","ClowCardTheMist","ClowCardTheSand","ClowCardTheSweet","Discovery","Orrery","Bronze Scales","Ornamental Fan","ClowCardTheFlower","ClowCardTheSnow","MerchantsRug","ClowCardTheFloat","ClowCardTheRain"],"campfire_rested":6,"item_purchase_floors":[14,14,14,14,42,42,42,53,53,53,53,53,53,53],"current_hp_per_floor":[70,70,70,64,64,36,27,21,21,11,11,4,40,40,70,57,70,63,51,47,41,22,12,48,30,30,25,25,61,61,34,70,22,70,70,70,60,59,57,45,45,45,45,70,70,65,70,70,70,54,70,70,70,3,0,0],"gold":43,"neow_bonus":"THREE_CARDS","is_daily":false,"chose_seed":false,"campfire_upgraded":2,"win_rate":0.0,"timestamp":1610165167,"path_taken":["M","?","M","M","?","E","M","E","T","?","M","M","R","$","R","BOSS","M","M","M","M","?","M","R","E","T","M","?","R","M","M","R","BOSS","M","?","M","M","M","E","R","$","T","R","?","M","E","M","R","BOSS","R","$","E","BOSS"],"items_purchased_type":["Relic","Card","Card","Card","Card","Card","Relic","Relic","Relic","Card","Card","Relic","Card","Card"],"build_version":"2020-12-22","purchased_purges":0,"victory":false,"max_hp_per_floor":[70,70,70,70,70,70,70,70,70,70,70,70,70,70,70,70,70,70,70,70,70,70,70,70,70,70,70,70,70,70,70,70,70,70,70,70,70,70,70,70,70,70,70,70,70,70,70,70,70,70,70,70,70,70,70,70],"relic_stats":{"Centennial Puzzle":[66],"counters":[32,162],"Ornamental Fan":[16],"Bronze Scales":[48],"Art of War":[23],"obtain_stats":[{"KSMOD_GemBrooch":14,"MerchantsRug":53,"Regal Pillow":9,"Lantern":54,"KSMOD_SealedBook":0,"Whetstone":26,"Ancient Tea Set":40,"Old Coin":47,"SlaversCollar":34,"Centennial Puzzle":8,"Anchor":25,"KSMOD_DarknessWand":17,"Ornamental Fan":53,"Bronze Scales":53,"Orrery":42,"KSMOD_SealedWand":0,"Art of War":6},{"KSMOD_GemBrooch":9,"MerchantsRug":30,"Regal Pillow":6,"Lantern":31,"KSMOD_SealedBook":0,"Whetstone":17,"Ancient Tea Set":26,"Old Coin":28,"SlaversCollar":21,"Centennial Puzzle":6,"Anchor":17,"KSMOD_DarknessWand":10,"Ornamental Fan":30,"Bronze Scales":30,"Orrery":26,"KSMOD_SealedWand":0,"Art of War":4},{"KSMOD_GemBrooch":33,"MerchantsRug":152,"Regal Pillow":23,"Lantern":159,"KSMOD_SealedBook":0,"Whetstone":75,"Ancient Tea Set":127,"Old Coin":139,"SlaversCollar":97,"Centennial Puzzle":23,"Anchor":75,"KSMOD_DarknessWand":42,"Ornamental Fan":152,"Bronze Scales":152,"Orrery":127,"KSMOD_SealedWand":0,"Art of War":14}]},"card_choices":[{"not_picked":["ClowCardTheVoice","ClowCardTheSand"],"picked":"ClowCardTheFloat","floor":0.0},{"not_picked":["ClowCardTheWave","ClowCardThePower"],"picked":"ClowCardTheDream","floor":1.0},{"not_picked":["ClowCardTheLibra","ClowCardTheSleep"],"picked":"ClowCardTheFreeze","floor":3.0},{"not_picked":["ClowCardTheChange","ClowCardTheMist"],"picked":"ClowCardTheThrough","floor":4.0},{"not_picked":["ClowCardTheShot","ClowCardTheMirror"],"picked":"ClowCardTheWatery","floor":6.0},{"not_picked":["ClowCardTheCloud","ClowCardTheArrow"],"picked":"ClowCardTheBubbles","floor":7.0},{"not_picked":["ClowCardTheSong","ClowCardTheWood"],"picked":"ClowCardTheTwin","floor":8.0},{"not_picked":["ClowCardTheShadow","ClowCardTheCloud"],"picked":"ClowCardTheRain","floor":10.0},{"not_picked":["ClowCardTheSong","ClowCardTheStorm"],"picked":"ClowCardTheIllusion","floor":11.0},{"not_picked":["ClowCardTheSleep","ClowCardThePower"],"picked":"ClowCardTheWood","floor":12.0},{"not_picked":["ClowCardTheDash","ClowCardTheCreate"],"picked":"ClowCardTheThunder","floor":16.0},{"not_picked":["ClowCardTheSilent+1","ClowCardTheSand"],"picked":"ClowCardTheSnow","floor":18.0},{"not_picked":["ClowCardTheMist","ClowCardTheLibra+1"],"picked":"ClowCardTheLittle","floor":19.0},{"not_picked":["ClowCardTheDream","ClowCardTheShot"],"picked":"ClowCardTheMaze+1","floor":20.0},{"not_picked":["ClowCardTheMaze","ClowCardTheCloud"],"picked":"ClowCardTheVoice","floor":21.0},{"not_picked":["ClowCardTheLittle","ClowCardTheIllusion"],"picked":"ClowCardTheSand","floor":23.0},{"not_picked":["ClowCardTheSilent","ClowCardTheThrough"],"picked":"ClowCardTheDream","floor":25.0},{"not_picked":["ClowCardTheVoice","ClowCardTheCloud"],"picked":"ClowCardTheMirror","floor":27.0},{"not_picked":["ClowCardTheShot","ClowCardTheCloud"],"picked":"ClowCardTheMist","floor":30.0},{"not_picked":["ClowCardTheMaze","ClowCardTheCloud"],"picked":"ClowCardTheFloat","floor":31.0},{"not_picked":["ClowCardTheReturn","ClowCardTheDash"],"picked":"ClowCardTheFight","floor":33.0},{"not_picked":["ClowCardTheArrow+1","ClowCardTheSilent+1"],"picked":"ClowCardTheLoop","floor":35.0},{"not_picked":["ClowCardTheShot","ClowCardTheThrough"],"picked":"ClowCardTheJump+1","floor":37.0},{"not_picked":["ClowCardTheSilent","ClowCardTheFly+1"],"picked":"ClowCardTheLittle","floor":38.0},{"not_picked":["ClowCardTheLock+1","ClowCardTheBubbles"],"picked":"ClowCardTheWave","floor":39.0},{"not_picked":["ClowCardTheLibra","ClowCardTheWood+1"],"picked":"ClowCardTheRain","floor":40.0},{"not_picked":["ClowCardTheVoice","ClowCardTheGlow+1"],"picked":"ClowCardTheShadow+1","floor":42.0},{"not_picked":["ClowCardTheShadow","ClowCardTheShot+1"],"picked":"ClowCardTheRain","floor":42.0},{"not_picked":["ClowCardTheReturn","ClowCardTheCloud"],"picked":"ClowCardTheFirey+1","floor":42.0},{"not_picked":["ClowCardTheLibra+1","ClowCardTheWood+1"],"picked":"ClowCardTheDream+1","floor":42.0},{"not_picked":["ClowCardTheFreeze+1","ClowCardTheChange+1"],"picked":"ClowCardTheTime","floor":42.0},{"not_picked":["ClowCardTheJump+1","ClowCardTheStorm"],"picked":"ClowCardTheShot+1","floor":46.0},{"not_picked":["ClowCardTheWindy","ClowCardTheFirey+1"],"picked":"ClowCardTheFlower","floor":47.0},{"not_picked":["ClowCardTheBig","ClowCardTheLoop+1"],"picked":"ClowCardTheWatery","floor":48.0},{"not_picked":["ClowCardTheChange+1","ClowCardTheMaze"],"picked":"ClowCardTheWindy+1","floor":54.0}],"player_experience":631898,"relics_obtained":[{"floor":6.0,"key":"Art of War"},{"floor":8.0,"key":"Centennial Puzzle"},{"floor":9.0,"key":"Regal Pillow"},{"floor":25.0,"key":"Anchor"},{"floor":26.0,"key":"Whetstone"},{"floor":40.0,"key":"Ancient Tea Set"},{"floor":47.0,"key":"Old Coin"},{"floor":54.0,"key":"Lantern"}],"event_choices":[{"damage_healed":0.0,"max_hp_gain":0.0,"max_hp_loss":0.0,"gold_gain":55.0,"event_name":"Golden Wing","player_choice":"Gained Gold","floor":2.0,"gold_loss":0.0,"damage_taken":0.0},{"damage_healed":0.0,"max_hp_gain":0.0,"max_hp_loss":0.0,"gold_gain":0.0,"event_name":"The Woman in Blue","player_choice":"Bought 0 Potions","floor":5.0,"gold_loss":0.0,"damage_taken":0.0},{"damage_healed":0.0,"max_hp_gain":0.0,"max_hp_loss":0.0,"gold_gain":0.0,"event_name":"Designer","player_choice":"Upgrade","floor":28.0,"gold_loss":40.0,"damage_taken":0.0,"cards_upgraded":["ClowCardTheLittle"]},{"damage_healed":0.0,"max_hp_gain":0.0,"max_hp_loss":0.0,"gold_gain":0.0,"event_name":"Match and Keep!","player_choice":"1 cards matched","floor":36.0,"gold_loss":0.0,"damage_taken":0.0,"cards_obtained":["ClowCardTheDash"]},{"damage_healed":0.0,"max_hp_gain":0.0,"max_hp_loss":0.0,"gold_gain":100.0,"event_name":"Golden Shrine","player_choice":"Pray","floor":45.0,"gold_loss":0.0,"damage_taken":0.0}],"is_beta":false,"boss_relics":[{"not_picked":["Runic Dome","Cursed Key"],"picked":"KSMOD_DarknessWand"},{"not_picked":["Sozu","Astrolabe"],"picked":"SlaversCollar"}],"items_purged_floors":[],"is_endless":false,"potions_floor_spawned":[1,4,7,8,16,20,22,23,30,33,39,46,47,54],"killed_by":"The Heart","ascension_level":0}}