{"host":"ig7tc0uedzltt2sr","time":1610231777,"event":{"mods":["BaseMod","Better Twitch Integration","Block Reminder","Colored Map","Colored Powertips","Communication Mod","Current Relic Mod","GifTheSpireLib","HexUI Lib","Minty Spire (QoL Compilation)","Quick Restart","Random Character Button","Rare Cards Sparkle","Relic Sorter","Relic Stats","Slay the Relics Exporter","StSLib","SuperFastMode","Synergy Search","Twitch Decklist","Twitch Utils","everything is the same but u backflip on backflip","slay the spire mod where everything is the same but ironclad has a cowboy hat"],"gold_per_floor":[218,168,180,191,215,215,243,253,327,343,343,343,358,369,369,369,369],"floor_reached":16,"playtime":122,"items_purged":[],"score":104,"play_id":"4373e5e1-8bde-4d27-8a7e-f9db38a5d6e9","local_time":"20210109143617","is_ascension_mode":false,"campfire_choices":[{"floor":6,"key":"REST"},{"floor":15,"key":"REST"}],"circlet_count":0,"master_deck":["Strike_R","Strike_R","Strike_R","Strike_R","Strike_R","Defend_R","Defend_R","Defend_R","Bash","Pummel+1","Searing Blow","Battle Trance","Double Tap","Infernal Blade","Searing Blow","Clash","Combust"],"relics":["Burning Blood","Boot","Akabeko","Mummified Hand"],"acts_visited":["Exordium"],"potions_floor_usage":[],"damage_taken":[{"damage":5,"enemies":"Small Slimes","floor":1,"turns":8},{"damage":0,"enemies":"Jaw Worm","floor":3,"turns":3},{"damage":1,"enemies":"Cultist","floor":4,"turns":4},{"damage":59,"enemies":"3 Sentries","floor":7,"turns":12},{"damage":12,"enemies":"Exordium Wildlife","floor":8,"turns":5},{"damage":18,"enemies":"Large Slime","floor":10,"turns":6},{"damage":6,"enemies":"2 Fungi Beasts","floor":13,"turns":4},{"damage":0,"enemies":"Red Slaver","floor":14,"turns":1},{"damage":39,"enemies":"Hexaghost","floor":16,"turns":7}],"seed_played":"2594427408137293097","potions_obtained":[{"floor":1,"key":"Fire Potion"},{"floor":3,"key":"Block Potion"},{"floor":8,"key":"SpeedPotion"},{"floor":13,"key":"AttackPotion"}],"is_trial":false,"path_per_floor":["M","?","M","M","T","R","E","M","T","M","$","?","M","M","R","B"],"character_chosen":"IRONCLAD","items_purchased":[],"campfire_rested":2,"item_purchase_floors":[],"current_hp_per_floor":[80,80,80,80,80,80,27,21,21,9,9,9,9,15,39,0,0],"gold":369,"neow_bonus":"HUNDRED_GOLD","is_daily":false,"chose_seed":false,"campfire_upgraded":0,"win_rate":0.0,"timestamp":1610231777,"path_taken":["M","?","M","M","?","R","E","M","T","M","?","?","M","M","R","BOSS"],"items_purchased_type":[],"build_version":"2020-12-22","purchased_purges":0,"victory":false,"max_hp_per_floor":[80,80,80,80,80,80,80,80,80,80,80,80,80,80,80,80,80],"relic_stats":{"counters":[9,50],"Mummified Hand":[0],"Boot":[42],"obtain_stats":[{"Mummified Hand":9,"Boot":5,"Burning Blood":0,"Akabeko":7},{"Mummified Hand":5,"Boot":3,"Burning Blood":0,"Akabeko":4},{"Mummified Hand":32,"Boot":15,"Burning Blood":0,"Akabeko":27}],"Burning Blood":36},"card_choices":[{"not_picked":["Ghostly Armor","Searing Blow"],"picked":"Pummel","floor":1},{"not_picked":["Rupture","Blood for Blood"],"picked":"Searing Blow","floor":3},{"not_picked":["Ghostly Armor","Sever Soul"],"picked":"Battle Trance","floor":4},{"not_picked":["Blood for Blood","Flame Barrier"],"picked":"Double Tap","floor":7},{"not_picked":["Iron Wave","Warcry"],"picked":"Infernal Blade","floor":8},{"not_picked":["Warcry","Cleave"],"picked":"Searing Blow","floor":10},{"not_picked":["Havoc","Shrug It Off"],"picked":"Clash","floor":13},{"not_picked":["Flex","Armaments"],"picked":"Combust","floor":14}],"player_experience":1471844,"relics_obtained":[{"floor":5,"key":"Boot"},{"floor":7,"key":"Akabeko"},{"floor":9,"key":"Mummified Hand"}],"event_choices":[{"cards_removed":["Defend_R"],"damage_healed":0,"gold_gain":0,"player_choice":"Card Removal","damage_taken":0,"max_hp_gain":0,"max_hp_loss":0,"event_name":"The Cleric","floor":2,"gold_loss":50},{"damage_healed":0,"gold_gain":0,"player_choice":"Upgraded","damage_taken":0,"max_hp_gain":0,"max_hp_loss":0,"event_name":"Upgrade Shrine","floor":12,"gold_loss":0,"cards_upgraded":["Pummel"]}],"is_beta":false,"boss_relics":[],"items_purged_floors":[],"is_endless":false,"potions_floor_spawned":[1,3,8,13],"killed_by":"Hexaghost","ascension_level":0}}