{"host":"q79spna8ofw6hj3r","time":1610217392,"event":{"mods":["Aspiration","BaseMod","Bestiary","Better Altar","Better Match","Better Note","Better Sensory Stone","Better Skull","Better Third Choice","Better Vampires","BetterRewards","Block Reminder","Card Filter","Challenge The Spire","Colored Map","Colored Powertips","Conspire","Custom Start","Energized Spire","Halation","Hubris","Infinite Spire","Jedi Mod","Mimic Mod","Minty Spire (QoL Compilation)","Permanent Neow","Quick Restart","Relic Filter","Relic Sorter","Replay The Spire","Shop Mod","StSLib","SuperFastMode","Synergy Search","The Servant 0.9.4","vexMod"],"gold_per_floor":[819,423,456,491,517,517,246,96,122,147,179,179,179,179,209,243,273,308],"floor_reached":19,"playtime":966,"items_purged":["Strike_S","Strike_S","Strike_S","Defend_S"],"score":370,"play_id":"52866c35-4627-4371-91f2-5167c9518f93","local_time":"20210109203632","daily_mods":["challengethespire:Bronze Difficulty","challengethespire:Elite Rush","Uncertain Future"],"is_ascension_mode":false,"campfire_choices":[{"data":"Orbit","floor":13,"key":"SMITH"},{"data":"FlawlessForm","floor":14,"key":"SMITH"}],"circlet_count":0,"master_deck":["Strike_S","Defend_S","Defend_S","Defend_S","KidneyShot","Exchange","SilverBlades","Orbit+1","Rearm","GearUp","SilverBlades","FlawlessForm+1","CurseOfTheBell","GearUp","SurpressingFire","SurpressingFire","DancingSilver","Rearm","Defend_S","SurpressingFire"],"relics":["Uniform","Black Star","Sling","PreservedInsect","Garlic","aspiration:Lifesprig","hubris:BottledRain","Matryoshka","Nunchaku","vexMod:CardConverter","Potion Belt","Calling Bell","halation:PrussianBluePaint","vexMod:ScavengeHelm","Durian","vexMod:Cooldron","halation:LettersToHer","ReplayTheSpireMod:TigerMarble","infinitespire:Lychee Nut","aspiration:TomeofQuesting","Ice Cream","Blood Vial","Cursed Key","Oddly Smooth Stone","OldScarf","hubris:SlimyHat","hubris:Spice","Vajra","conspire:TopHat","Turnip"],"acts_visited":["Exordium"],"potions_floor_usage":[5,11,11,11,11,11,11,16,16,17,17,17,17,17,17,17,17,17],"damage_taken":[{"damage":2,"enemies":"Lagavulin","floor":3,"turns":4},{"damage":2,"enemies":"3 Sentries","floor":4,"turns":3},{"damage":8,"enemies":"Gremlin Nob","floor":5,"turns":3},{"damage":6,"enemies":"Gremlin Leader","floor":9,"turns":4},{"damage":43,"enemies":"Slavers","floor":10,"turns":6},{"damage":0,"enemies":"Book of Stabbing","floor":11,"turns":6},{"damage":14,"enemies":"Nemesis","floor":15,"turns":11},{"damage":9,"enemies":"Giant Head","floor":16,"turns":8},{"damage":0,"enemies":"Reptomancer","floor":17,"turns":4},{"damage":49,"enemies":"Shield and Spear","floor":18,"turns":8}],"seed_played":"4171919733291791510","potions_obtained":[{"floor":3,"key":"Weak Potion"},{"floor":10,"key":"EntropicBrew"},{"floor":15,"key":"EntropicBrew"},{"floor":16,"key":"EntropicBrew"}],"is_trial":true,"path_per_floor":["$","$","E","E","E","T","$","$","E","E","E","T","R","R","E","E","E","E",null],"character_chosen":"THE_SERVANT","items_purchased":["SilverBlades","Orbit","Rearm","Garlic","vexMod:Cooldron"],"campfire_rested":0,"item_purchase_floors":[1,1,2,2,7],"current_hp_per_floor":[65,65,63,61,55,62,62,62,58,17,25,25,25,25,21,30,38,32],"gold":308,"neow_bonus":"","is_daily":false,"chose_seed":false,"campfire_upgraded":2,"win_rate":0.0,"timestamp":1610217392,"path_taken":["$","$","E","E","E","T","$","$","E","E","E","T","R","R","E","E","E","E"],"items_purchased_type":["Card","Card","Card","Relic","Relic"],"build_version":"2020-12-22","purchased_purges":4,"victory":true,"max_hp_per_floor":[65,65,65,65,67,74,74,74,76,59,61,61,61,61,63,73,73,85],"card_choices":[],"player_experience":228177,"relics_obtained":[{"floor":3,"key":"aspiration:Lifesprig"},{"floor":3,"key":"hubris:BottledRain"},{"floor":4,"key":"Matryoshka"},{"floor":4,"key":"Nunchaku"},{"floor":5,"key":"vexMod:CardConverter"},{"floor":5,"key":"Potion Belt"},{"floor":6,"key":"halation:PrussianBluePaint"},{"floor":6,"key":"vexMod:ScavengeHelm"},{"floor":6,"key":"Durian"},{"floor":9,"key":"halation:LettersToHer"},{"floor":9,"key":"ReplayTheSpireMod:TigerMarble"},{"floor":10,"key":"infinitespire:Lychee Nut"},{"floor":10,"key":"aspiration:TomeofQuesting"},{"floor":11,"key":"Ice Cream"},{"floor":11,"key":"Blood Vial"},{"floor":15,"key":"Oddly Smooth Stone"},{"floor":15,"key":"OldScarf"},{"floor":16,"key":"hubris:SlimyHat"},{"floor":16,"key":"hubris:Spice"},{"floor":17,"key":"Vajra"},{"floor":17,"key":"conspire:TopHat"},{"floor":18,"key":"hubris:Spice"},{"floor":18,"key":"Turnip"}],"event_choices":[],"is_beta":false,"boss_relics":[{"not_picked":["jedi:hotpepper","halation:Risk"],"picked":"Calling Bell"},{"not_picked":["vexMod:FluxCapacitor","Honey Jar"],"picked":"Cursed Key"}],"items_purged_floors":[1,2,7,8],"is_endless":false,"potions_floor_spawned":[3,10,15,16],"ascension_level":0}}