{"host":"m113y2j4kbc0e5kb","time":1610236681,"event":{"mods":["BaseMod","Colored Powertips","Lobotomy","LobotomyExtend","Minty Spire (QoL Compilation)","StSLib"],"gold_per_floor":[113,123,123,134,149,149,6,6,31,31,52,52,96,96,96,217,217,231,249,249,273,273,306,306,349,419,419,434,359,359,378,378,419,419,440,467,510,510,510,510,510],"floor_reached":13,"playtime":4300,"items_purged":["PunishingBird"],"score":282,"play_id":"6196dc22-4d27-4c3d-89a4-0b15d0b06e65","local_time":"20210110085801","is_ascension_mode":false,"campfire_choices":[{"floor":27,"key":"REST"}],"circlet_count":1,"master_deck":["SpecialBullet","SpecialBullet","SpecialBullet","SpecialBullet","SpecialBullet","SpecialBullet","SpecialBullet","InformationCode","CentralCode","DisciplinaryCode","CrumblingArmor","OSAHOGD","OldLady","Lantern","BearPaw","Twilight+1","VoidDream","Hypocrisy","UniverseFragment","RedEyes+1","ExtractionCode","CENSORED_ego","TodaysExpression","LaLuna","SomewhereSpear","SnowQueen","Ecstasy+1","Lamp+3","SecurityCode","Logging+1","WallGazer","Horn+1","DreamingCurrent","CherryBlossom+1","BodiesMountain","Moonlight+1"],"relics":["CogitoBucket","NeowsBlessing","Golden Idol","Toy Ornithopter","Bag of Marbles","Art of War","Fusion Hammer","SkinProphecy","Regal Pillow","Centennial Puzzle","Darkstone Periapt","LaetitiaHeart","InspiredRelic","HellTrain","LetterFromLob","Circlet","Matryoshka","Kunai","Blood Vial","Mercury Hourglass"],"acts_visited":["Exordium","TheCity"],"potions_floor_usage":[13,23,1,1,13],"damage_taken":[{"damage":0,"enemies":"Small Slimes","floor":1,"turns":1},{"damage":0,"enemies":"Cultist","floor":2,"turns":1},{"damage":0,"enemies":"2 Louse","floor":4,"turns":1},{"damage":1,"enemies":"Blue Slaver","floor":5,"turns":2},{"damage":0,"enemies":"2 Fungi Beasts","floor":11,"turns":1},{"damage":0,"enemies":"Gremlin Nob","floor":13,"turns":3},{"damage":18,"enemies":"The Guardian","floor":16,"turns":7},{"damage":3,"enemies":"2 Thieves","floor":18,"turns":5},{"damage":7,"enemies":"Chosen","floor":19,"turns":3},{"damage":9,"enemies":"Centurion and Healer","floor":21,"turns":6},{"damage":28,"enemies":"Book of Stabbing","floor":23,"turns":5},{"damage":23,"enemies":"Slavers","floor":25,"turns":6},{"damage":0,"enemies":"Sentry and Sphere","floor":28,"turns":1},{"damage":0,"enemies":"Sentry and Sphere","floor":28,"turns":1},{"damage":50,"enemies":"Cultist","floor":1,"turns":8},{"damage":10,"enemies":"Small Slimes","floor":4,"turns":2},{"damage":2,"enemies":"Lagavulin","floor":6,"turns":3},{"damage":0,"enemies":"2 Louse","floor":8,"turns":1},{"damage":3,"enemies":"Gremlin Nob","floor":10,"turns":3},{"damage":129,"enemies":"Blue Slaver","floor":13,"turns":6}],"seed_played":"-1084596652890840635","potions_obtained":[{"floor":1,"key":"Block Potion"},{"floor":4,"key":"Dexterity Potion"},{"floor":16,"key":"PowerPotion"},{"floor":19,"key":"SteroidPotion"},{"floor":4,"key":"PowerPotion"},{"floor":6,"key":"SteroidPotion"}],"is_trial":false,"path_per_floor":["M","M","?","M","M","R","$","?","T","T","M","R","E","?","R","B",null,"M","M","?","M","$","E","R","E","T","R","M","M","$","?","M","?","E","R","M","T","E","?","R","M"],"character_chosen":"Angela","items_purchased":["BearPaw","Twilight"],"campfire_rested":1,"item_purchase_floors":[7,7],"current_hp_per_floor":[70,70,70,70,69,69,69,65,65,65,69,69,73,58,58,40,73,74,63,63,54,54,51,51,24,24,66,33,33,61,63,69,79,79,87,87,111,111,111,32,32],"gold":510,"neow_bonus":"THREE_ENEMY_KILL","is_daily":false,"chose_seed":false,"campfire_upgraded":0,"win_rate":0.0,"timestamp":1610236681,"path_taken":["M","M","?","M","?","R","$","?","T","?","M","R","E","?","R","BOSS","M","M","?","M","$","E","R","E","T","R","M","M","$","?","M","?","E","R","M","T","E","?","R","?"],"items_purchased_type":["Card","Card"],"build_version":"2020-12-22","purchased_purges":1,"victory":false,"max_hp_per_floor":[70,70,70,70,70,70,70,65,65,65,69,69,73,73,73,73,73,77,79,79,85,85,91,91,93,93,93,85,85,85,91,97,103,103,105,105,111,111,111,115,115],"card_choices":[{"not_picked":["Wellcheers","Alriune"],"picked":"QueenBee","floor":1},{"not_picked":["Harmony","Noise"],"picked":"SKIP","floor":1},{"not_picked":["FairyFestival","HappyTeddy"],"picked":"CrumblingArmor","floor":2},{"not_picked":["Wingbeat","FrostShard"],"picked":"SKIP","floor":2},{"not_picked":["Woodsman","Laetitia"],"picked":"OSAHOGD","floor":4},{"not_picked":["Harmony","Penitence"],"picked":"SKIP","floor":4},{"not_picked":["FairyFestival","SpiderBud"],"picked":"OldLady","floor":5},{"not_picked":["Penitence"],"picked":"Lantern","floor":5},{"not_picked":["SpiderBud","MHz"],"picked":"VoidDream","floor":11},{"not_picked":["WristCuter"],"picked":"Hypocrisy","floor":11},{"not_picked":["BeautyBeast","MHz"],"picked":"UniverseFragment","floor":13},{"not_picked":["CrimsonScar"],"picked":"RedEyes","floor":13},{"not_picked":["Justitia"],"picked":"CENSORED_ego","floor":16},{"not_picked":["BigBird","GalaxyChild"],"picked":"Yin","floor":18},{"not_picked":["Loneliness"],"picked":"TodaysExpression","floor":18},{"not_picked":["RedEyes+1","Tough+1","Loneliness"],"picked":"SKIP","floor":19},{"not_picked":["FieryBird","Woodsman"],"picked":"LaLuna","floor":21},{"not_picked":["Harvest","Heaven"],"picked":"SomewhereSpear","floor":21},{"not_picked":["CherryBlossoms","PunishingBird"],"picked":"SnowQueen","floor":23},{"not_picked":["LifeForTheDareDevil+1","Regret_ego"],"picked":"Ecstasy+1","floor":23},{"not_picked":["Wellcheers","WhiteNight","MHz"],"picked":"Singing Bowl","floor":25},{"not_picked":["Ecstasy+1","CUTE+1"],"picked":"Lamp+1","floor":25},{"not_picked":["LongBird","WhitesApple","Bloodbath"],"picked":"Singing Bowl","floor":1},{"not_picked":["MHz","Murderer"],"picked":"PunishingBird","floor":1},{"not_picked":["Diffraction+1","Soda+1"],"picked":"Logging+1","floor":1},{"not_picked":["DespairKnight","Mercenary","MeatLantern"],"picked":"Singing Bowl","floor":4},{"not_picked":["PunishingBird","Laetitia"],"picked":"WallGazer","floor":4},{"not_picked":["Soda+1","Noise+1"],"picked":"Horn+1","floor":4},{"not_picked":["MHz","PunishingBird","Scorched"],"picked":"Singing Bowl","floor":6},{"not_picked":["Bloodbath","MeatLantern"],"picked":"DreamingCurrent","floor":6},{"not_picked":["FeatherOfHonor+1","RapturousDream+1"],"picked":"CherryBlossom+1","floor":6},{"not_picked":["HeroicMonk","Murderer","BeautyBeast"],"picked":"Singing Bowl","floor":8},{"not_picked":["ScreamingWedge+1","LifeForTheDareDevil+1","RapturousDream+1"],"picked":"SKIP","floor":8},{"not_picked":["Scorched","FieryBird","FairyFestival"],"picked":"Singing Bowl","floor":10},{"not_picked":["Wellcheers","MeltingLove"],"picked":"BodiesMountain","floor":10},{"not_picked":["Lamp+1","Lantern+1"],"picked":"Moonlight+1","floor":10}],"player_experience":1098956,"relics_obtained":[{"floor":1,"key":"LetterFromLob"},{"floor":9,"key":"Toy Ornithopter"},{"floor":10,"key":"Bag of Marbles"},{"floor":13,"key":"Art of War"},{"floor":23,"key":"Regal Pillow"},{"floor":25,"key":"Centennial Puzzle"},{"floor":26,"key":"Darkstone Periapt"},{"floor":1,"key":"LetterFromLob"},{"floor":6,"key":"Matryoshka"},{"floor":9,"key":"Kunai"},{"floor":9,"key":"Blood Vial"},{"floor":10,"key":"Mercury Hourglass"}],"event_choices":[{"cards_removed":["SpecialBullet"],"damage_healed":0,"gold_gain":0,"player_choice":"Purged","damage_taken":0,"max_hp_gain":0,"max_hp_loss":0,"event_name":"Purifier","floor":3,"gold_loss":0},{"damage_healed":0,"gold_gain":0,"player_choice":"Lose Max HP","damage_taken":0,"relics_obtained":["Golden Idol"],"max_hp_gain":0,"max_hp_loss":5,"event_name":"Golden Idol","floor":8,"gold_loss":0},{"damage_healed":0,"gold_gain":0,"player_choice":"Entered Light","damage_taken":15,"max_hp_gain":0,"max_hp_loss":0,"event_name":"Shining Light","floor":14,"gold_loss":0,"cards_upgraded":["Twilight","RedEyes"]},{"cards_removed":["QueenBee"],"damage_healed":0,"gold_gain":0,"player_choice":"Elegance","damage_taken":0,"max_hp_gain":0,"max_hp_loss":0,"event_name":"Back to Basics","floor":20,"gold_loss":0},{"damage_healed":28,"gold_gain":0,"player_choice":"Banana","damage_taken":0,"max_hp_gain":0,"max_hp_loss":0,"event_name":"Big Fish","floor":3,"gold_loss":0},{"damage_healed":0,"gold_gain":0,"player_choice":"Take Wound","damage_taken":0,"relics_obtained":["Circlet"],"max_hp_gain":0,"max_hp_loss":0,"event_name":"Golden Idol","floor":5,"gold_loss":0,"cards_obtained":["Injury"]}],"is_beta":false,"boss_relics":[{"not_picked":["Calling Bell","Snecko Eye"],"picked":"Fusion Hammer"}],"items_purged_floors":[2],"is_endless":false,"potions_floor_spawned":[1,4,16,19,28,28,4,6],"killed_by":"Blue Slaver","ascension_level":0}}