{"host":"a4s27ghlnr83kbqz","time":1610178877,"event":{"mods":["AchievementEnabler","BaseMod","Colored Map","Minty Spire (QoL Compilation)","Permanent Neow","SuperFastMode"],"gold_per_floor":[118,129,140,140,159,159,176,209,232,31,60,75,109,120,120,191,191,204,119,134,134,5,32,51,66,66,66,91,102,102,129,129,204,204,222,84,84,99,110,136,162,209,272,295,182,182,214,233,233,233,233,233,233,6,40,40,40],"floor_reached":56,"playtime":1175,"items_purged":["Defend_R"],"score":2267,"play_id":"8bbe818c-be12-4b94-add5-def4c28cbe88","local_time":"20210109155437","is_ascension_mode":true,"campfire_choices":[{"data":"Perfected Strike","floor":6.0,"key":"SMITH"},{"data":"Fire Breathing","floor":15.0,"key":"SMITH"},{"data":"Perfected Strike","floor":27.0,"key":"SMITH"},{"data":"Shockwave","floor":30.0,"key":"SMITH"},{"data":"Evolve","floor":32.0,"key":"SMITH"},{"data":"Perfected Strike","floor":46.0,"key":"SMITH"},{"floor":49.0,"key":"RECALL"},{"data":"Perfected Strike","floor":53,"key":"SMITH"}],"circlet_count":0,"master_deck":["AscendersBane","Strike_R","Strike_R","Strike_R","Strike_R","Defend_R","Defend_R","Bash","Pommel Strike","Wild Strike","Perfected Strike+1","Battle Trance","Evolve+1","Perfected Strike+1","Shockwave+1","Perfected Strike+1","Pommel Strike","Fire Breathing+1","Offering","Pommel Strike","Carnage","Perfected Strike+1","Perfected Strike","Reaper","Wild Strike","Immolate","Twin Strike","Perfected Strike+1","Wild Strike","Wild Strike","Feel No Pain+1","Shrug It Off","Shrug It Off","Wild Strike","Impervious","Blood for Blood","Twin Strike","Shrug It Off"],"relics":["Burning Blood","PreservedInsect","Toy Ornithopter","Orichalcum","Centennial Puzzle","Regal Pillow","Snecko Eye","Vajra","Lantern","Lizard Tail","Pen Nib","The Courier","Sozu","Orrery","MawBank","TungstenRod","Pear","Bottled Tornado","Strawberry"],"acts_visited":["Exordium","TheCity","TheBeyond","TheEnding"],"potions_floor_usage":[51],"damage_taken":[{"damage":5.0,"enemies":"Small Slimes","floor":1.0,"turns":4.0},{"damage":6.0,"enemies":"Cultist","floor":2.0,"turns":3.0},{"damage":2.0,"enemies":"2 Louse","floor":3.0,"turns":2.0},{"damage":16.0,"enemies":"2 Fungi Beasts","floor":5.0,"turns":3.0},{"damage":12.0,"enemies":"Looter","floor":7.0,"turns":3.0},{"damage":15.0,"enemies":"Lagavulin","floor":8.0,"turns":3.0},{"damage":9.0,"enemies":"3 Sentries","floor":11.0,"turns":5.0},{"damage":4.0,"enemies":"Red Slaver","floor":12.0,"turns":2.0},{"damage":0.0,"enemies":"Lagavulin","floor":13.0,"turns":4.0},{"damage":0.0,"enemies":"2 Fungi Beasts","floor":14.0,"turns":2.0},{"damage":30.0,"enemies":"Hexaghost","floor":16.0,"turns":7.0},{"damage":6.0,"enemies":"Shell Parasite","floor":18.0,"turns":1.0},{"damage":1.0,"enemies":"2 Thieves","floor":20.0,"turns":2.0},{"damage":18.0,"enemies":"Gremlin Leader","floor":23.0,"turns":3.0},{"damage":2.0,"enemies":"3 Cultists","floor":24.0,"turns":3.0},{"damage":7.0,"enemies":"Cultist and Chosen","floor":25.0,"turns":3.0},{"damage":3.0,"enemies":"Slavers","floor":28.0,"turns":3.0},{"damage":0.0,"enemies":"Snake Plant","floor":29.0,"turns":1.0},{"damage":10.0,"enemies":"Book of Stabbing","floor":31.0,"turns":2.0},{"damage":16.0,"enemies":"Automaton","floor":33.0,"turns":3.0},{"damage":0.0,"enemies":"3 Darklings","floor":35.0,"turns":2.0},{"damage":6.0,"enemies":"3 Shapes","floor":38.0,"turns":2.0},{"damage":0.0,"enemies":"Sphere and 2 Shapes","floor":39.0,"turns":2.0},{"damage":0.0,"enemies":"Reptomancer","floor":40.0,"turns":1.0},{"damage":17.0,"enemies":"3 Darklings","floor":41.0,"turns":2.0},{"damage":0.0,"enemies":"Nemesis","floor":42.0,"turns":1.0},{"damage":5.0,"enemies":"Maw","floor":44.0,"turns":3.0},{"damage":6.0,"enemies":"Giant Head","floor":47.0,"turns":3.0},{"damage":5.0,"enemies":"Jaw Worm Horde","floor":48.0,"turns":2.0},{"damage":66.0,"enemies":"Awakened One","floor":50.0,"turns":6.0},{"damage":45,"enemies":"Donu and Deca","floor":51,"turns":7},{"damage":5,"enemies":"Shield and Spear","floor":55,"turns":3},{"damage":133,"enemies":"The Heart","floor":56,"turns":5}],"seed_played":"2924251958623874031","potions_obtained":[{"floor":7.0,"key":"FearPotion"},{"floor":8.0,"key":"Energy Potion"},{"floor":11.0,"key":"BlessingOfTheForge"},{"floor":16.0,"key":"GamblersBrew"},{"floor":20.0,"key":"EntropicBrew"},{"floor":28.0,"key":"DuplicationPotion"}],"is_trial":false,"path_per_floor":["M","M","M","?","M","R","M","E","T","$","E","M","E","M","R","B",null,"M","?","M","?","$","E","M","M","T","R","E","M","R","E","R","B",null,"M","$","?","M","M","E","M","E","T","M","$","R","E","M","R","B","B",null,"R","$","E","B"],"character_chosen":"IRONCLAD","items_purchased":["Perfected Strike","Orichalcum","Perfected Strike","Orrery","Impervious","Bottled Tornado"],"campfire_rested":0,"item_purchase_floors":[10,10,22,36,45,54],"current_hp_per_floor":[68,68,68,68,58,58,52,43,43,43,40,42,48,59,59,35,60,65,65,68,68,68,56,65,66,66,66,68,68,68,64,64,54,65,68,68,68,68,68,68,57,63,63,64,64,64,74,75,75,32,12,62,62,62,70,0,0],"gold":40,"neow_bonus":"REMOVE_TWO","is_daily":false,"chose_seed":false,"campfire_upgraded":7,"win_rate":0.0,"timestamp":1610178877,"path_taken":["M","M","M","?","M","R","M","E","T","?","E","M","E","M","R","BOSS","M","?","M","?","$","E","M","M","T","R","E","M","R","E","R","BOSS","M","$","?","?","M","E","M","E","T","M","$","R","E","M","R","BOSS","BOSS","R","$","E","BOSS"],"items_purchased_type":["Card","Relic","Card","Relic","Card","Relic"],"build_version":"2020-12-22","purchased_purges":1,"victory":false,"max_hp_per_floor":[68,68,68,68,68,68,68,68,68,68,68,68,68,68,68,68,68,68,68,68,68,68,68,68,68,68,68,68,68,68,68,68,68,68,68,68,68,68,68,68,68,68,68,68,68,68,78,78,78,78,78,78,78,78,85,85,85],"card_choices":[{"not_picked":["Flex","Warcry"],"picked":"Pommel Strike","floor":1.0},{"not_picked":["Power Through","Havoc"],"picked":"Wild Strike","floor":2.0},{"not_picked":["Feel No Pain","Shrug It Off"],"picked":"Perfected Strike","floor":3.0},{"not_picked":["True Grit","Rampage"],"picked":"Battle Trance","floor":5.0},{"not_picked":["Infernal Blade","Rupture"],"picked":"Evolve","floor":7.0},{"not_picked":["Pummel","Sword Boomerang","Heavy Blade"],"picked":"SKIP","floor":8.0},{"not_picked":["Rupture","Havoc"],"picked":"Shockwave","floor":11.0},{"not_picked":["Rupture","Warcry"],"picked":"Perfected Strike","floor":12.0},{"not_picked":["Exhume","Warcry"],"picked":"Pommel Strike","floor":13.0},{"not_picked":["Twin Strike","Shrug It Off"],"picked":"Fire Breathing","floor":14.0},{"not_picked":["Reaper","Corruption"],"picked":"Offering","floor":16.0},{"not_picked":["Combust+1","Warcry"],"picked":"Pommel Strike","floor":18.0},{"not_picked":["Shrug It Off","Thunderclap"],"picked":"Carnage","floor":20.0},{"not_picked":["Infernal Blade","Reckless Charge"],"picked":"Reaper","floor":23.0},{"not_picked":["Rampage","Heavy Blade","Cleave+1"],"picked":"SKIP","floor":24.0},{"not_picked":["Reckless Charge","Body Slam","Sword Boomerang"],"picked":"SKIP","floor":25.0},{"not_picked":["Carnage+1","Sword Boomerang"],"picked":"Wild Strike","floor":28.0},{"not_picked":["Spot Weakness","Rampage","Entrench"],"picked":"SKIP","floor":29.0},{"not_picked":["True Grit+1","Body Slam+1","Clothesline"],"picked":"SKIP","floor":31.0},{"not_picked":["Feed","Demon Form"],"picked":"Immolate","floor":33.0},{"not_picked":["Clash","Feel No Pain"],"picked":"Twin Strike","floor":35.0},{"not_picked":["Infernal Blade+1","Whirlwind"],"picked":"Perfected Strike+1","floor":36.0},{"not_picked":["Disarm+1","True Grit"],"picked":"Wild Strike","floor":36.0},{"not_picked":["Fiend Fire","Sentinel"],"picked":"Wild Strike","floor":36.0},{"not_picked":["Bloodletting","Sword Boomerang"],"picked":"Feel No Pain+1","floor":36.0},{"not_picked":["Clothesline","Cleave"],"picked":"Shrug It Off","floor":38.0},{"not_picked":["Iron Wave","Combust","Disarm+1"],"picked":"SKIP","floor":39.0},{"not_picked":["Rampage+1","Cleave"],"picked":"Shrug It Off","floor":40.0},{"not_picked":["Headbutt+1","Spot Weakness","Thunderclap+1"],"picked":"SKIP","floor":41.0},{"not_picked":["Combust+1","Inflame"],"picked":"Wild Strike","floor":42.0},{"not_picked":["Body Slam","Iron Wave+1","Inflame"],"picked":"SKIP","floor":44.0},{"not_picked":["Pommel Strike","Sword Boomerang+1"],"picked":"Blood for Blood","floor":47.0},{"not_picked":["Iron Wave","Battle Trance"],"picked":"Twin Strike","floor":48.0},{"not_picked":["Reckless Charge","Armaments"],"picked":"Shrug It Off","floor":55}],"player_experience":1093720,"relics_obtained":[{"floor":8.0,"key":"PreservedInsect"},{"floor":9.0,"key":"Toy Ornithopter"},{"floor":11.0,"key":"Centennial Puzzle"},{"floor":13.0,"key":"Regal Pillow"},{"floor":23.0,"key":"Lantern"},{"floor":26.0,"key":"Lizard Tail"},{"floor":28.0,"key":"Pen Nib"},{"floor":31.0,"key":"The Courier"},{"floor":40.0,"key":"MawBank"},{"floor":42.0,"key":"TungstenRod"},{"floor":47.0,"key":"Pear"},{"floor":55,"key":"Strawberry"}],"event_choices":[{"damage_healed":0.0,"max_hp_gain":0.0,"max_hp_loss":0.0,"gold_gain":0.0,"event_name":"Match and Keep!","player_choice":"0 cards matched","floor":4.0,"gold_loss":0.0,"damage_taken":0.0,"cards_obtained":[]},{"damage_healed":0.0,"max_hp_gain":0.0,"max_hp_loss":0.0,"gold_gain":0.0,"event_name":"Addict","player_choice":"Obtained Relic","floor":19.0,"gold_loss":85.0,"damage_taken":0.0,"relics_obtained":["Vajra"]},{"damage_healed":0.0,"max_hp_gain":0.0,"max_hp_loss":0.0,"gold_gain":0.0,"event_name":"The Library","player_choice":"Read","floor":21.0,"gold_loss":0.0,"damage_taken":0.0,"cards_obtained":["Perfected Strike"]},{"damage_healed":0.0,"max_hp_gain":0.0,"max_hp_loss":0.0,"gold_gain":0.0,"event_name":"Lab","player_choice":"Got Potions","floor":37.0,"gold_loss":0.0,"damage_taken":0.0}],"is_beta":false,"boss_relics":[{"not_picked":["Astrolabe","Velvet Choker"],"picked":"Snecko Eye"},{"not_picked":["Busted Crown","Black Blood"],"picked":"Sozu"}],"items_purged_floors":[22],"is_endless":false,"potions_floor_spawned":[7,8,11,12,16,20,24,28,38,39,41,47],"killed_by":"The Heart","ascension_level":20}}