{"host":"avjwtc49fhlk6kym","time":1610150549,"event":{"mods":["AchievementEnabler","BaseMod","Better Match","Better Note","Better Third Choice","Colored Map","Colored Powertips","Displayed Cursed Tome","Highlight Path","Minty Spire (QoL Compilation)","Permanent Neow","Quick Restart","StSLib"],"gold_per_floor":[119,136,211,223,45,45,56,56,56,71,82,107,107,32,32,128,128,142,142,152,152,166,166,179,179,179,3,3,3],"floor_reached":28,"playtime":1019,"items_purged":["Burn"],"score":220,"play_id":"2ee65cde-6571-43c6-a76d-07e0d68c705d","local_time":"20210108190229","is_ascension_mode":false,"campfire_choices":[{"data":"Eruption","floor":6.0,"key":"SMITH"},{"data":"CutThroughFate","floor":8.0,"key":"SMITH"},{"data":"CrushJoints","floor":15.0,"key":"SMITH"},{"floor":23,"key":"REST"},{"data":"ReachHeaven","floor":25,"key":"SMITH"}],"circlet_count":0,"master_deck":["Strike_P","Strike_P","Strike_P","Strike_P","Defend_P","Defend_P","Defend_P","Defend_P","Eruption+1","Vigilance","Bandage Up","CutThroughFate+1","BowlingBash","FlurryOfBlows","Consecrate","DeusExMachina","CrushJoints+1","CutThroughFate","Establishment+1","Protect","ReachHeaven+1","PathToVictory+1","Evaluate","MasterReality","Trip"],"relics":["PureWater","Regal Pillow","Bag of Preparation","Pear","Black Star","TeardropLocket"],"acts_visited":["Exordium","TheCity"],"potions_floor_usage":[22,28],"damage_taken":[{"damage":1.0,"enemies":"Jaw Worm","floor":1.0,"turns":4.0},{"damage":1.0,"enemies":"Small Slimes","floor":2.0,"turns":2.0},{"damage":0.0,"enemies":"Cultist","floor":4.0,"turns":4.0},{"damage":4.0,"enemies":"Blue Slaver","floor":7.0,"turns":3.0},{"damage":0.0,"enemies":"Gremlin Gang","floor":10.0,"turns":2.0},{"damage":4.0,"enemies":"2 Fungi Beasts","floor":11.0,"turns":3.0},{"damage":21.0,"enemies":"3 Sentries","floor":12.0,"turns":6.0},{"damage":4.0,"enemies":"Slime Boss","floor":16.0,"turns":7.0},{"damage":20.0,"enemies":"2 Thieves","floor":18.0,"turns":3.0},{"damage":0.0,"enemies":"Spheric Guardian","floor":20.0,"turns":2.0},{"damage":10,"enemies":"Centurion and Healer","floor":22,"turns":3},{"damage":25,"enemies":"Snake Plant","floor":24,"turns":4},{"damage":68,"enemies":"Slavers","floor":28,"turns":6}],"seed_played":"-9144256899536658596","potions_obtained":[{"floor":1.0,"key":"SkillPotion"},{"floor":4.0,"key":"StancePotion"},{"floor":7.0,"key":"Strength Potion"},{"floor":11.0,"key":"PowerPotion"},{"floor":20.0,"key":"Swift Potion"},{"floor":24,"key":"BlessingOfTheForge"}],"is_trial":false,"path_per_floor":["M","M","?","M","$","R","M","R","T","M","M","E","?","$","R","B",null,"M","?","M","?","M","R","M","R","T","$","E"],"character_chosen":"WATCHER","items_purchased":["Regal Pillow","Consecrate","MasterReality","Trip"],"campfire_rested":1,"item_purchase_floors":[5,5,27,27],"current_hp_per_floor":[71,70,59,63,63,63,63,63,63,67,67,60,60,60,60,60,82,66,66,66,66,60,82,61,61,61,61,0,0],"gold":3,"neow_bonus":"RANDOM_COLORLESS","is_daily":false,"chose_seed":false,"campfire_upgraded":4,"win_rate":0.0,"timestamp":1610150549,"path_taken":["M","M","?","M","$","R","M","R","T","M","M","E","?","$","R","BOSS","M","?","M","?","M","R","?","R","T","$","E"],"items_purchased_type":["Relic","Card","Card","Card"],"build_version":"2020-12-22","purchased_purges":1,"victory":false,"max_hp_per_floor":[72,72,72,72,72,72,72,72,72,72,72,82,82,82,82,82,82,82,82,82,82,82,82,82,82,82,82,82,82],"card_choices":[{"not_picked":["Dramatic Entrance","Enlightenment"],"picked":"Bandage Up","floor":0.0},{"not_picked":["JustLucky","EmptyFist"],"picked":"CutThroughFate","floor":1.0},{"not_picked":["MentalFortress","ThirdEye"],"picked":"BowlingBash","floor":2.0},{"not_picked":["Prostrate","WaveOfTheHand"],"picked":"FlurryOfBlows","floor":4.0},{"not_picked":["BowlingBash","Weave","Worship"],"picked":"SKIP","floor":7.0},{"not_picked":["Evaluate","MentalFortress"],"picked":"DeusExMachina","floor":10.0},{"not_picked":["InnerPeace","Fasting2"],"picked":"CrushJoints","floor":11.0},{"not_picked":["Crescendo","JustLucky"],"picked":"CutThroughFate","floor":12.0},{"not_picked":["Wish","MasterReality"],"picked":"Establishment","floor":16.0},{"not_picked":["FlyingSleeves","JustLucky"],"picked":"Protect","floor":18.0},{"not_picked":["Prostrate","ThirdEye+1"],"picked":"ReachHeaven","floor":20.0},{"not_picked":["ReachHeaven","Crescendo"],"picked":"PathToVictory+1","floor":22},{"not_picked":["SignatureMove","SashWhip"],"picked":"Evaluate","floor":24}],"player_experience":367709,"relics_obtained":[{"floor":9.0,"key":"Bag of Preparation"},{"floor":12.0,"key":"Pear"},{"floor":26,"key":"TeardropLocket"}],"event_choices":[{"damage_healed":0.0,"max_hp_gain":0.0,"max_hp_loss":0.0,"gold_gain":75.0,"event_name":"betterThird:BetterGoop","player_choice":"Gold","floor":3.0,"gold_loss":0.0,"damage_taken":11.0},{"damage_healed":60.0,"max_hp_gain":0.0,"max_hp_loss":82.0,"gold_gain":0.0,"event_name":"betterThird:BetterShining","player_choice":"Embrace Burn","floor":13.0,"gold_loss":0.0,"damage_taken":0.0},{"cards_removed":["Strike_P"],"damage_healed":0.0,"max_hp_gain":0.0,"max_hp_loss":0.0,"gold_gain":0.0,"event_name":"betterNote:BetterNote","player_choice":"Give","floor":19.0,"gold_loss":0.0,"damage_taken":0.0,"cards_obtained":["Strike_P"]},{"damage_healed":0.0,"max_hp_gain":0.0,"max_hp_loss":0.0,"gold_gain":0.0,"event_name":"Accursed Blacksmith","player_choice":"Forge","floor":21.0,"gold_loss":0.0,"damage_taken":0.0,"cards_upgraded":["Establishment"]}],"is_beta":false,"boss_relics":[{"not_picked":["Astrolabe","Snecko Eye"],"picked":"Black Star"}],"items_purged_floors":[14],"is_endless":false,"potions_floor_spawned":[1,4,7,11,20,24],"killed_by":"Slavers","ascension_level":0}}