{"host":"tfkz8stxzb1up54p","time":1610186364,"event":{"mods":["AchievementEnabler","BaseMod","Better Note","BetterRewards","Block Reminder","Colored Powertips","Curses Come First","Disable Question Mark Monsters","Displayed Cursed Tome","Emptier Cage","Gold Saver","Gremlin Skip","Halation","Highlight Path","Minty Spire (QoL Compilation)","Permanent Neow","Poor People Problems","Replay The Spire","StSLib"],"gold_per_floor":[1262,1281,1294,1307,1322,1322,1364,1364,1364,1406,1428,1456,1456,1484,1484,1594,1594,1613,1635,801,818,854,891,936,970,1021,1064,1082,1102,1128,1128,1128,1233,1360,1387,1396,538,551,570,608,608,634,657,685,698,754,754,560,560,560,560,560,467,506,506],"floor_reached":56,"playtime":5978,"items_purged":["Defend_B","ReplayTheSpireMod:Omega Cannon"],"score":1750,"play_id":"a054e464-bb06-4c89-8896-7aff0e09cdff","local_time":"20210109095924","is_ascension_mode":true,"campfire_choices":[{"floor":6,"key":"RECALL"},{"data":"Electrodynamics","floor":8,"key":"SMITH"},{"data":"Chill","floor":15,"key":"SMITH"},{"data":"Double Energy","floor":32,"key":"SMITH"},{"data":"Heatsinks","floor":41,"key":"SMITH"},{"data":"Double Energy","floor":49,"key":"SMITH"},{"data":"Storm","floor":52,"key":"SMITH"}],"circlet_count":0,"master_deck":["Conserve Battery","Compile Driver","Chill+1","Sweeping Beam","Electrodynamics+1","ReplayTheSpireMod:Calculation Training","Barrage","Sweeping Beam","Creative AI","Self Repair","Heatsinks+1","Meteor Strike","Double Energy+1","Double Energy+1","Storm+1","Storm","Fusion+1","Bite","Bite","Bite","Bite","Bite","Conserve Battery","Buffer","Electrodynamics","Self Repair","Melter","ReplayRNGCard","Meteor Strike+1","Undo+1","Amplify+1","Redo+1","Capacitor","Capacitor","Madness","Coolheaded+1","Redo+1","Sweeping Beam+1","Sweeping Beam+1","ReplayUltimateDefense","ReplayTheSpireMod:Brewmster","Impatience","Double Energy"],"relics":["PreservedInsect","halation:Thesaurus","PureWater","Peace Pipe","CeramicFish","Pear","halation:SwordOfLegend","Painkiller Herb","DataDisk","Iron Hammer","halation:NonexistentMirror","Eternal Feather","MealTicket","Ornamental Fan","Replay:Grab Bag","Replay:Wanted Poster","Sozu","Astrolabe","halation:Jellyphish","Molten Egg 2","Replay:Bottled Steam","halation:LettersToHer","Counterbalance","Gremlin Food","ReplayTheSpireMod:Shallot","Ice Cream","Runic Capacitor","ReplayTheSpireMod:ShopPack","halation:BottledLove"],"acts_visited":["Exordium","TheCity","TheBeyond","TheEnding"],"potions_floor_usage":[7,7,16,16,25,29,33,55],"damage_taken":[{"damage":1,"enemies":"Cultist","floor":1,"turns":3},{"damage":5,"enemies":"Small Slimes","floor":2,"turns":4},{"damage":0,"enemies":"Jaw Worm","floor":3,"turns":3},{"damage":0,"enemies":"Blue Slaver","floor":4,"turns":4},{"damage":0,"enemies":"Red Slaver","floor":5,"turns":3},{"damage":7,"enemies":"Lagavulin","floor":7,"turns":5},{"damage":4,"enemies":"Gremlin Nob","floor":10,"turns":4},{"damage":0,"enemies":"Large Slime","floor":11,"turns":3},{"damage":3,"enemies":"Looter","floor":12,"turns":3},{"damage":0,"enemies":"Exordium Wildlife","floor":14,"turns":3},{"damage":47,"enemies":"Hexaghost","floor":16,"turns":9},{"damage":28,"enemies":"Shell Parasite","floor":18,"turns":7},{"damage":0,"enemies":"Chosen","floor":19,"turns":6},{"damage":0,"enemies":"3 Cultists","floor":21,"turns":3},{"damage":0,"enemies":"Snake Plant","floor":22,"turns":2},{"damage":24,"enemies":"Replay:Snechameleon","floor":23,"turns":4},{"damage":9,"enemies":"Book of Stabbing","floor":25,"turns":4},{"damage":2,"enemies":"Replay:Snechameleon","floor":27,"turns":4},{"damage":0,"enemies":"Snecko","floor":29,"turns":4},{"damage":20,"enemies":"Shelled Parasite and Fungi","floor":30,"turns":5},{"damage":32,"enemies":"Collector","floor":33,"turns":5},{"damage":1,"enemies":"3 Darklings","floor":35,"turns":3},{"damage":4,"enemies":"3 Shapes","floor":38,"turns":4},{"damage":0,"enemies":"Maw","floor":39,"turns":5},{"damage":0,"enemies":"Reptomancer","floor":40,"turns":4},{"damage":3,"enemies":"Giant Head","floor":42,"turns":4},{"damage":5,"enemies":"Nemesis","floor":44,"turns":3},{"damage":28,"enemies":"Spire Growth","floor":45,"turns":4},{"damage":38,"enemies":"2 Orb Walkers","floor":46,"turns":4},{"damage":47,"enemies":"Donu and Deca","floor":50,"turns":6},{"damage":48,"enemies":"Shield and Spear","floor":54,"turns":5},{"damage":46,"enemies":"The Heart","floor":55,"turns":6}],"seed_played":"1686089905547582837","potions_obtained":[{"floor":1,"key":"FairyPotion"},{"floor":3,"key":"Cursed Concoction"},{"floor":5,"key":"Fire Potion"},{"floor":10,"key":"DuplicationPotion"},{"floor":12,"key":"AttackPotion"},{"floor":18,"key":"Milkshake"},{"floor":22,"key":"Strength Potion"},{"floor":23,"key":"FocusPotion"},{"floor":25,"key":"CultistPotion"}],"is_trial":false,"path_per_floor":["M","M","M","M","M","R","E","R","T","E","M","M","?","M","R","B",null,"?","?","T","?","?","E","?","E","T","E","?","?","?","?","T","B",null,"?","?","T","?","?","E","T","E","T","E","?","?","?","T","T","B",null,"T","T","E","B",null],"character_chosen":"DEFECT","items_purchased":["PreservedInsect","halation:Thesaurus","DataDisk","Iron Hammer","Meteor Strike","halation:NonexistentMirror","Double Energy","halation:Jellyphish","Capacitor","Molten Egg 2","Replay:Bottled Steam","Madness","Runic Capacitor","Sweeping Beam+1","ReplayTheSpireMod:ShopPack"],"campfire_rested":0,"item_purchase_floors":[0,0,20,20,20,20,20,37,37,37,37,37,48,48,53],"current_hp_per_floor":[68,65,67,69,71,71,66,66,76,74,76,75,75,77,83,38,85,57,66,66,75,77,62,62,59,59,71,71,85,74,74,85,71,85,85,85,85,85,85,85,85,85,85,85,78,68,68,83,85,60,85,85,85,50,34],"gold":506,"neow_bonus":"","is_daily":false,"chose_seed":false,"campfire_upgraded":6,"win_rate":0.0,"timestamp":1610186364,"path_taken":["M","M","M","?","M","R","E","R","T","E","M","?","?","M","R","BOSS","?","?","T","?","?","E","?","E","T","E","?","?","?","?","T","BOSS","?","?","T","?","?","E","T","E","T","E","?","?","?","?","T","BOSS","T","T","E","BOSS"],"items_purchased_type":["Relic","Relic","Relic","Relic","Card","Relic","Card","Relic","Card","Relic","Relic","Card","Relic","Card","Relic"],"build_version":"2020-12-22","purchased_purges":2,"victory":true,"max_hp_per_floor":[75,75,75,75,75,75,75,75,85,85,85,85,85,85,85,85,85,85,85,85,85,85,85,85,85,85,85,85,85,85,85,85,85,85,85,85,85,85,85,85,85,85,85,85,85,85,85,85,85,85,85,85,85,85,85],"card_choices":[{"not_picked":["ReplayTheSpireMod:Calculation Training","Stack"],"picked":"Conserve Battery","floor":1},{"not_picked":["Fusion","ReplayTheSpireMod:Repulse"],"picked":"Compile Driver","floor":2},{"not_picked":["Redo","Aggregate"],"picked":"Conserve Battery","floor":3},{"not_picked":["Beam Cell","Cold Snap"],"picked":"Chill","floor":4},{"not_picked":["BasicCrystalCard","Leap"],"picked":"Sweeping Beam","floor":5},{"not_picked":["Sunder","Double Energy"],"picked":"Electrodynamics","floor":7},{"not_picked":["Reprogram","Hello World"],"picked":"ReplayTheSpireMod:Calculation Training","floor":10},{"not_picked":["Sunder","Gash"],"picked":"Redo","floor":11},{"not_picked":["Leap","FIFO Queue"],"picked":"Barrage","floor":12},{"not_picked":["ReplayGash","BasicCrystalCard"],"picked":"Sweeping Beam","floor":14},{"not_picked":["Rainbow","ReplayRNGCard"],"picked":"Creative AI","floor":16},{"not_picked":["Turbo+1","Go for the Eyes"],"picked":"Self Repair","floor":18},{"not_picked":["Rip and Tear","Leap"],"picked":"Heatsinks","floor":19},{"not_picked":["Crystallizer","Cold Snap","Turbo"],"picked":"SKIP","floor":21},{"not_picked":["Fusion+1","Turbo"],"picked":"Storm","floor":22},{"not_picked":["Gash","Rainbow"],"picked":"Fusion+1","floor":23},{"not_picked":["ReplayTheSpireMod:Repulse","Coolheaded"],"picked":"Conserve Battery","floor":25},{"not_picked":["Sunder","Stack"],"picked":"Buffer","floor":27},{"not_picked":["Beam Cell","Steam","Compile Driver"],"picked":"SKIP","floor":29},{"not_picked":["Beam Cell","Leap"],"picked":"Melter","floor":30},{"not_picked":["Rainbow","Electrodynamics"],"picked":"ReplayRNGCard","floor":33},{"not_picked":["Leap","Fusion+1"],"picked":"Redo+1","floor":35},{"not_picked":["FIFO Queue+1","Leap","Redo"],"picked":"SKIP","floor":38},{"not_picked":["Sweeping Beam+1","ReplayTheSpireMod:Repulse"],"picked":"Coolheaded+1","floor":39},{"not_picked":["Beam Cell+1","BasicCrystalCard"],"picked":"Redo+1","floor":40},{"not_picked":["Steam+1","Gash+1","Coolheaded+1"],"picked":"SKIP","floor":42},{"not_picked":["Gash+1","Fission","Cold Snap+1"],"picked":"SKIP","floor":44},{"not_picked":["Hologram+1","Stack","FIFO Queue+1"],"picked":"SKIP","floor":45},{"not_picked":["Ball Lightning+1","Skim"],"picked":"Sweeping Beam+1","floor":46},{"not_picked":["Sadistic Nature","Secret Technique"],"picked":"ReplayUltimateDefense","floor":53},{"not_picked":["Deep Breath","Forethought"],"picked":"ReplayTheSpireMod:Brewmster","floor":53},{"not_picked":["Specialist","Dramatic Entrance"],"picked":"Impatience","floor":53},{"not_picked":["BootSequence","Crystallizer"],"picked":"Double Energy","floor":54}],"player_experience":1330872,"relics_obtained":[{"floor":7,"key":"CeramicFish"},{"floor":9,"key":"Pear"},{"floor":10,"key":"halation:SwordOfLegend"},{"floor":23,"key":"Eternal Feather"},{"floor":25,"key":"MealTicket"},{"floor":27,"key":"Ornamental Fan"},{"floor":40,"key":"halation:LettersToHer"},{"floor":42,"key":"Counterbalance"},{"floor":43,"key":"halation:LettersToHer"},{"floor":43,"key":"Gremlin Food"},{"floor":44,"key":"ReplayTheSpireMod:Shallot"},{"floor":46,"key":"Ice Cream"},{"floor":54,"key":"halation:BottledLove"}],"event_choices":[{"cards_removed":["Electrodynamics"],"damage_healed":0,"gold_gain":0,"player_choice":"Give","damage_taken":0,"max_hp_gain":0,"max_hp_loss":0,"event_name":"betterNote:BetterNote","floor":13,"gold_loss":0,"cards_obtained":["Redo"]},{"damage_healed":0,"gold_gain":0,"player_choice":"Became a vampire (Vial)","damage_taken":0,"max_hp_gain":0,"max_hp_loss":0,"event_name":"Vampires","floor":24,"relics_lost":["Blood Vial"],"gold_loss":0,"cards_obtained":["Bite","Bite","Bite","Bite","Bite"]},{"damage_healed":0,"gold_gain":0,"cards_transformed":["Defend_B","Defend_B"],"player_choice":"Became Test Subject","damage_taken":0,"max_hp_gain":0,"max_hp_loss":0,"event_name":"Drug Dealer","floor":28,"gold_loss":0,"cards_obtained":["Electrodynamics","Self Repair"]},{"damage_healed":0,"gold_gain":0,"cards_transformed":["Redo"],"player_choice":"Transformed","damage_taken":0,"max_hp_gain":0,"max_hp_loss":0,"event_name":"Transmorgrifier","floor":36,"gold_loss":0,"cards_obtained":["ReplayTheSpireMod:Omega Cannon"]},{"damage_healed":0,"gold_gain":0,"player_choice":"Fight","damage_taken":0,"max_hp_gain":0,"max_hp_loss":0,"event_name":"Mysterious Sphere","floor":46,"gold_loss":0},{"cards_removed":["Conserve Battery"],"damage_healed":0,"gold_gain":0,"player_choice":"Removed Skill","damage_taken":0,"max_hp_gain":0,"max_hp_loss":0,"event_name":"Falling","floor":47,"gold_loss":0}],"is_beta":false,"boss_relics":[{"not_picked":["Coffee Dripper","Abe\u0027s Treasure"],"picked":"Painkiller Herb"},{"not_picked":["Runic Pyramid","ReplayTheSpireMod:DimensionalGlitch"],"picked":"Replay:Grab Bag"},{"not_picked":["Velvet Choker","ReplayTheSpireMod:Onyx Gauntlets"],"picked":"Replay:Wanted Poster"},{"not_picked":["Philosopher\u0027s Stone","Fusion Hammer"],"picked":"Sozu"},{"not_picked":["halation:Risk","halation:MonkeysPaw"],"picked":"Astrolabe"}],"items_purged_floors":[20,37],"is_endless":false,"potions_floor_spawned":[1,3,5,10,12,18,22,23,25,27,42,44,45,46,54],"ascension_level":1}}