{"host":"p245q48pmopyklqs","time":1610171589,"event":{"mods":["AchievementEnabler","BaseMod","DeckTracker","Minty Spire (QoL Compilation)","Relic Stats","StSLib","SuperFastMode"],"gold_per_floor":[111,122,134,151,151,151,151,151],"floor_reached":7,"playtime":144,"items_purged":[],"score":86,"play_id":"61e94630-b226-47f5-a5c5-659ef719a90b","local_time":"20210109145309","is_ascension_mode":true,"campfire_choices":[{"data":"Neutralize","floor":6,"key":"SMITH"}],"circlet_count":0,"master_deck":["AscendersBane","Strike_G","Strike_G","Strike_G","Strike_G","Strike_G","Defend_G","Defend_G","Defend_G","Defend_G","Defend_G","Survivor","Neutralize+1","Leg Sweep","Dash","Heel Hook","Adrenaline"],"relics":["Ring of the Snake","Dead Branch"],"acts_visited":["Exordium"],"potions_floor_usage":[7],"damage_taken":[{"damage":1,"enemies":"Small Slimes","floor":1,"turns":3},{"damage":7,"enemies":"2 Louse","floor":2,"turns":3},{"damage":4,"enemies":"Cultist","floor":3,"turns":4},{"damage":9,"enemies":"3 Louse","floor":4,"turns":3},{"damage":32,"enemies":"Gremlin Nob","floor":7,"turns":4}],"seed_played":"-5764674126384204527","potions_obtained":[{"floor":1,"key":"Weak Potion"},{"floor":2,"key":"Energy Potion"}],"is_trial":false,"path_per_floor":["M","M","M","M","?","R","E"],"character_chosen":"THE_SILENT","items_purchased":[],"campfire_rested":0,"item_purchase_floors":[],"current_hp_per_floor":[43,36,32,23,23,23,0,0],"gold":151,"neow_bonus":"ONE_RARE_RELIC","is_daily":false,"chose_seed":false,"campfire_upgraded":1,"win_rate":0.0,"timestamp":1610171589,"path_taken":["M","M","M","M","?","R","E"],"items_purchased_type":[],"build_version":"2020-12-22","purchased_purges":0,"victory":false,"max_hp_per_floor":[66,66,66,66,66,66,66,66],"relic_stats":{"counters":[5,17],"Dead Branch":[6],"obtain_stats":[{"Dead Branch":0,"Ring of the Snake":0},{"Dead Branch":0,"Ring of the Snake":0},{"Dead Branch":0,"Ring of the Snake":0}],"Ring of the Snake":[10]},"card_choices":[{"not_picked":["Outmaneuver","Bane"],"picked":"Leg Sweep","floor":1},{"not_picked":["Sucker Punch","Bouncing Flask"],"picked":"Dash","floor":2},{"not_picked":["Slice","Sucker Punch"],"picked":"Heel Hook","floor":3},{"not_picked":["Acrobatics","Blade Dance"],"picked":"Adrenaline","floor":4}],"player_experience":2330855,"relics_obtained":[],"event_choices":[{"damage_healed":0,"gold_gain":0,"player_choice":"Ignored","damage_taken":0,"max_hp_gain":0,"max_hp_loss":0,"event_name":"Liars Game","floor":5,"gold_loss":0}],"is_beta":false,"boss_relics":[],"items_purged_floors":[],"is_endless":false,"potions_floor_spawned":[1,2],"killed_by":"Gremlin Nob","ascension_level":20}}