{"host":"ox77rn1xcurm2t5a","time":1610201299,"event":{"mods":["2.2 Compatiblity","AchievementEnabler","Act Like it!","Aspiration","BaseMod","Best Route Mod","Better Match","Better Note","Better Sensory Stone","Block Reminder","Colored Map","Colored Powertips","Conjunction","Conspire","Custom Start","Energized Spire","GifTheSpireLib","Gold Saver","Gremlin Skip","Halation","Highlight Path","Hubris","Infinite Spire","Minty Spire (QoL Compilation)","Pale of the Ancients","Quick Restart","Replay The Spire","Reworked Bosses","ShortenTheSpire","Spire Exporter","StSLib","Stuff the Spire","Wandering Minibosses","vexMod"],"gold_per_floor":[115,115,115,115,115,145,145,145,170,185,218,229,262,273,273,345,345,357,357,357,377,396,396,396],"floor_reached":23,"playtime":1391,"items_purged":[],"score":386,"play_id":"409a8517-720d-4ede-b2bf-3a138440e085","local_time":"20210109160819","is_ascension_mode":true,"campfire_choices":[{"data":"Capacitor","floor":7,"key":"SMITH"},{"floor":15,"key":"RECALL"}],"circlet_count":0,"master_deck":["AscendersBane","Strike_B","Strike_B","Strike_B","Strike_B","Defend_B","Defend_B+1","Defend_B","Defend_B","Zap+1","Dualcast","Capacitor+1","infinitespire:Oblivion","Machine Learning","Stack+1","Gash"],"relics":["Cracked Core","NeowsBlessing","Replay:Accelerometer","Nunchaku","Bag of Preparation","ReplayTheSpireMod:Lightbulb","vexMod:FocusSash","halation:PenCase","hubris:SphereOfDissonance","Ancient Tea Set","ReplayFunnel","hubris:TenFootPole","hubris:RGBLights","hubris:KleinBottle","Calipers","Matryoshka","Lantern","Incense Burner","aspiration:EnhancedActuators"],"acts_visited":["Exordium","TheCity"],"potions_floor_usage":[11,11,13,16,23],"damage_taken":[{"damage":0,"enemies":"Small Slimes","floor":1,"turns":1},{"damage":0,"enemies":"3 Sentries","floor":6,"turns":1},{"damage":0,"enemies":"Cultist","floor":10,"turns":1},{"damage":12,"enemies":"Gremlin Nob","floor":11,"turns":3},{"damage":0,"enemies":"2 Louse","floor":12,"turns":2},{"damage":15,"enemies":"3 Sentries","floor":13,"turns":5},{"damage":0,"enemies":"Looter","floor":14,"turns":1},{"damage":5,"enemies":"The Guardian","floor":16,"turns":7},{"damage":28,"enemies":"2 Thieves","floor":18,"turns":3},{"damage":11,"enemies":"Shell Parasite","floor":21,"turns":4},{"damage":17,"enemies":"Centurion and Healer","floor":22,"turns":9},{"damage":15,"enemies":"Gremlin Leader","floor":23,"turns":2}],"seed_played":"5241258201331443789","potions_obtained":[{"floor":11,"key":"Weak Potion"},{"floor":14,"key":"Adrenaline Potion"},{"floor":22,"key":"SteroidPotion"}],"is_trial":false,"path_per_floor":["M","?","$","?","?","E","R","$","T","M","E","M","E","M","R","B",null,"M","?","?","M","M","E"],"character_chosen":"DEFECT","items_purchased":["Bag of Preparation","EssenceOfSteel","Adrenaline Potion","ReplayTheSpireMod:Lightbulb","vexMod:FocusSash","halation:PenCase","hubris:SphereOfDissonance","Ancient Tea Set","ReplayFunnel","hubris:TenFootPole","hubris:RGBLights","hubris:KleinBottle","Calipers","Matryoshka"],"campfire_rested":0,"item_purchase_floors":[8,8,8,8,8,8,8,8,8,8,8,8,8,8],"current_hp_per_floor":[68,68,68,53,53,53,53,53,53,53,41,41,26,26,26,21,62,34,34,42,31,14,0,0],"gold":396,"neow_bonus":"THREE_ENEMY_KILL","is_daily":false,"chose_seed":false,"campfire_upgraded":1,"win_rate":0.0,"timestamp":1610201299,"path_taken":["M","?","?","?","?","E","R","?","T","M","E","M","E","M","R","BOSS","M","?","?","M","M","E"],"items_purchased_type":["Relic","Potion","Potion","Relic","Relic","Relic","Relic","Relic","Relic","Relic","Relic","Relic","Relic","Relic"],"build_version":"2020-12-22","purchased_purges":0,"victory":false,"max_hp_per_floor":[75,75,75,75,75,75,75,75,75,75,75,75,75,75,75,75,75,75,75,75,75,75,75,75],"card_choices":[{"not_picked":["Steam","StuffTheSpire:Plugnplay","Lockon"],"picked":"SKIP","floor":1},{"not_picked":["Steam","StuffTheSpire:Plugnplay"],"picked":"Capacitor","floor":6},{"not_picked":["infinitespire:Collect","infinitespire:SevenWalls"],"picked":"infinitespire:Oblivion","floor":8},{"not_picked":["Hologram","Stack","BasicCrystalCard"],"picked":"SKIP","floor":10},{"not_picked":["Panic Button","ReplayGash","Chaos"],"picked":"SKIP","floor":11},{"not_picked":["Hologram","Redo","Streamline"],"picked":"SKIP","floor":12},{"not_picked":["Panic Button","Conserve Battery","Rebound"],"picked":"SKIP","floor":13},{"not_picked":["Reinforced Body","Conserve Battery","Steam"],"picked":"SKIP","floor":14},{"not_picked":["ReplayRNGCard","Hyperbeam"],"picked":"Machine Learning","floor":16},{"not_picked":["Lockon","Melter"],"picked":"Stack+1","floor":18},{"not_picked":["StuffTheSpire:Plugnplay","Time Bomb+1","Redo"],"picked":"SKIP","floor":21},{"not_picked":["Cold Snap","Rebound"],"picked":"Gash","floor":22}],"player_experience":2976292,"relics_obtained":[{"floor":2,"key":"Replay:Accelerometer"},{"floor":6,"key":"Nunchaku"},{"floor":9,"key":"Lantern"},{"floor":11,"key":"Incense Burner"},{"floor":13,"key":"aspiration:EnhancedActuators"}],"event_choices":[{"damage_healed":0,"gold_gain":0,"player_choice":"Relic","damage_taken":0,"max_hp_gain":0,"max_hp_loss":0,"event_name":"Wheel of Change","floor":2,"gold_loss":0},{"damage_healed":0,"gold_gain":0,"player_choice":"Entered Light","damage_taken":15,"max_hp_gain":0,"max_hp_loss":0,"event_name":"Shining Light","floor":4,"gold_loss":0,"cards_upgraded":["Defend_B","Zap"]},{"damage_healed":0,"gold_gain":0,"player_choice":"Ignored","damage_taken":0,"max_hp_gain":0,"max_hp_loss":0,"event_name":"Golden Wing","floor":5,"gold_loss":0}],"is_beta":false,"boss_relics":[{"not_picked":["energizedSpire:DeadBattery","Replay:Drink Me","aspiration:RitualDagger"]}],"items_purged_floors":[],"is_endless":false,"potions_floor_spawned":[10,11,14,22],"killed_by":"Gremlin Leader","ascension_level":13}}