{"host":"hf26dlu7397s98tc","time":1610173897,"event":{"mods":["Act Like it!","Arknights The Spire","Astrologer","BaseMod","CapriCore","Elementarium","GifTheSpireLib","Hermit","Luminous","Minty Spire (QoL Compilation)","Pale of the Ancients","Pikachu Mod","Quick Restart","Robot Space Explorer","StSLib","The Dragon Tamer","The Gatherer","The Immortal","TheWitcher","UnlockEverythingMod","Yakumo Yukari mod"],"gold_per_floor":[113,46,46,46,65,98,110,110,110,121,121,155,155],"floor_reached":12,"playtime":651,"items_purged":[],"score":113,"play_id":"ec8f0907-6097-4108-9faf-d0e03c25edd0","local_time":"20210109143137","is_ascension_mode":false,"campfire_choices":[{"data":"ats:Emotion Absorption","floor":8.0,"key":"SMITH"},{"floor":11.0,"key":"REST"}],"circlet_count":0,"master_deck":["ats:Strike C","ats:Strike G","ats:Strike S","ats:Strike V","ats:Armor Crushing Shot","ats:Defend","ats:Defend","ats:Defend","ats:Defend","ats:Emotion Absorption+1","ats:Flame Of Heaven","ats:Composite Medical Shells","ats:Thorns"],"relics":["ats:Sanity","NeowsBlessing","ats:Originium","Du-Vu Doll","White Beast Statue","Blood Vial"],"acts_visited":["Exordium"],"potions_floor_usage":[12],"damage_taken":[{"damage":0.0,"enemies":"Cultist","floor":1.0,"turns":1.0},{"damage":0.0,"enemies":"2 Louse","floor":5.0,"turns":1.0},{"damage":0.0,"enemies":"Gremlin Nob","floor":6.0,"turns":1.0},{"damage":1.0,"enemies":"Jaw Worm","floor":7.0,"turns":3.0},{"damage":37.0,"enemies":"Exordium Thugs","floor":10.0,"turns":10.0},{"damage":68,"enemies":"Lagavulin","floor":12,"turns":8}],"seed_played":"1042710288345387928","potions_obtained":[{"floor":4.0,"key":"SkillPotion"},{"floor":4.0,"key":"FairyPotion"},{"floor":4.0,"key":"CultistPotion"},{"floor":5.0,"key":"PowerPotion"},{"floor":10.0,"key":"LiquidBronze"},{"floor":12,"key":"AttackPotion"}],"is_trial":false,"path_per_floor":["M","$","$","?","M","E","M","R","T","M","R","E"],"character_chosen":"DOCTOR_CLASS","items_purchased":["ats:Flame Of Heaven"],"campfire_rested":1,"item_purchase_floors":[2],"current_hp_per_floor":[72,72,72,72,72,72,71,71,71,40,61,21,21],"gold":155,"neow_bonus":"THREE_ENEMY_KILL","is_daily":false,"chose_seed":false,"campfire_upgraded":1,"win_rate":0.0,"timestamp":1610173897,"path_taken":["M","?","$","?","M","E","M","R","T","?","R","E"],"items_purchased_type":["Card"],"build_version":"2020-12-22","purchased_purges":0,"victory":false,"max_hp_per_floor":[72,72,72,72,72,72,72,72,72,72,72,72,72],"card_choices":[{"not_picked":["ats:Ignite","ats:Curse Doll","ats:Blood Oath"],"picked":"SKIP","floor":1.0},{"not_picked":["ats:Leaping Hammer","ats:Sunburst","ats:Consecutive Shot Auto"],"picked":"SKIP","floor":5.0},{"not_picked":["ats:Curse Doll","ats:Support Order","ats:Blood Oath"],"picked":"SKIP","floor":6.0},{"not_picked":["ats:Assault Order","ats:Consecutive Shot Auto","ats:Shell Defense"],"picked":"SKIP","floor":7.0},{"not_picked":["ats:Ignite","ats:Shell Defense"],"picked":"ats:Composite Medical Shells","floor":10.0},{"not_picked":["ats:Steam Pump","ats:Shell Defense"],"picked":"ats:Thorns","floor":12}],"player_experience":204621,"relics_obtained":[{"floor":6.0,"key":"ats:Originium"},{"floor":6.0,"key":"Du-Vu Doll"},{"floor":9.0,"key":"White Beast Statue"},{"floor":12,"key":"ats:Originium"},{"floor":12,"key":"Blood Vial"}],"event_choices":[{"damage_healed":0.0,"max_hp_gain":0.0,"max_hp_loss":0.0,"gold_gain":0.0,"event_name":"Lab","player_choice":"Got Potions","floor":4.0,"gold_loss":0.0,"damage_taken":0.0}],"is_beta":false,"boss_relics":[],"items_purged_floors":[],"is_endless":false,"potions_floor_spawned":[5,6,10,12],"killed_by":"Lagavulin","ascension_level":0}}