{"host":"dpbt13izwjrcdgd8","time":1610184172,"event":{"mods":["2.2 Compatiblity","BaseMod","Colored Powertips","DeckTracker","Highlight Path","Keyboard Shortcuts","Minty Spire (QoL Compilation)","Quick Restart","StSLib","SuperFastMode"],"gold_per_floor":[114,132,132,144,156,156,167,179,179,179,208,158,172,198,198,295,295,306,306,306,324,324,324,338,60,60,60,78,98,109,125,125,230,230,242,258,90,138,152,183,183,201,201,235,253,253,283,283,283,283,283],"floor_reached":50,"playtime":6397,"items_purged":["Defend_G","Strike_G"],"score":602,"play_id":"249ca421-84c3-4364-88fa-08177dc9ebe2","local_time":"20210109182252","is_ascension_mode":true,"campfire_choices":[{"data":"Deflect","floor":6.0,"key":"SMITH"},{"data":"Survivor","floor":10.0,"key":"SMITH"},{"data":"Terror","floor":15.0,"key":"SMITH"},{"data":"Dodge and Roll","floor":23.0,"key":"SMITH"},{"floor":32.0,"key":"RECALL"},{"data":"Footwork","floor":41.0,"key":"SMITH"},{"floor":46.0,"key":"REST"},{"floor":49.0,"key":"REST"}],"circlet_count":0,"master_deck":["Strike_G","Strike_G","Defend_G","Defend_G","Defend_G","Survivor+1","Neutralize","Venomology","Cloak And Dagger","All Out Attack","Deflect+1","Terror+1","Deadly Poison","PiercingWail","Poisoned Stab","Blade Dance","Glass Knife","CurseOfTheBell","Dodge and Roll+1","PiercingWail+1","Finesse","Dash","Dagger Spray","PiercingWail+1","Flechettes","Cloak And Dagger+1","Catalyst","Storm of Steel","Footwork+1","Deadly Poison","Outmaneuver+1","Finisher+1","Reflex","Poisoned Stab+1"],"relics":["Ring of the Snake","FossilizedHelix","Peace Pipe","Paper Crane","Calling Bell","Vajra","Mercury Hourglass","TungstenRod","Enchiridion","Orichalcum","SacredBark","Art of War","Calipers","Bag of Marbles","Regal Pillow","Bronze Scales","Darkstone Periapt"],"acts_visited":["Exordium","TheCity","TheBeyond"],"potions_floor_usage":[50,50,50],"damage_taken":[{"damage":0.0,"enemies":"Jaw Worm","floor":1.0,"turns":5.0},{"damage":0.0,"enemies":"2 Louse","floor":2.0,"turns":3.0},{"damage":2.0,"enemies":"Small Slimes","floor":4.0,"turns":4.0},{"damage":0.0,"enemies":"Red Slaver","floor":5.0,"turns":6.0},{"damage":0.0,"enemies":"Blue Slaver","floor":7.0,"turns":5.0},{"damage":3.0,"enemies":"Lots of Slimes","floor":8.0,"turns":5.0},{"damage":13.0,"enemies":"Gremlin Nob","floor":11.0,"turns":4.0},{"damage":7.0,"enemies":"Exordium Thugs","floor":13.0,"turns":7.0},{"damage":7.0,"enemies":"3 Sentries","floor":14.0,"turns":8.0},{"damage":20.0,"enemies":"Hexaghost","floor":16.0,"turns":8.0},{"damage":3.0,"enemies":"Shell Parasite","floor":18.0,"turns":5.0},{"damage":0.0,"enemies":"2 Thieves","floor":21.0,"turns":3.0},{"damage":0.0,"enemies":"Centurion and Healer","floor":24.0,"turns":6.0},{"damage":0.0,"enemies":"Cultist and Chosen","floor":28.0,"turns":5.0},{"damage":9.0,"enemies":"Snecko","floor":29.0,"turns":5.0},{"damage":0.0,"enemies":"Centurion and Healer","floor":30.0,"turns":2.0},{"damage":0.0,"enemies":"Shelled Parasite and Fungi","floor":31.0,"turns":6.0},{"damage":39.0,"enemies":"Collector","floor":33.0,"turns":11.0},{"damage":0.0,"enemies":"3 Darklings","floor":35.0,"turns":5.0},{"damage":0.0,"enemies":"3 Shapes","floor":36.0,"turns":4.0},{"damage":7.0,"enemies":"Maw","floor":39.0,"turns":10.0},{"damage":0.0,"enemies":"Nemesis","floor":40.0,"turns":7.0},{"damage":5.0,"enemies":"4 Shapes","floor":42.0,"turns":4.0},{"damage":33.0,"enemies":"Reptomancer","floor":44.0,"turns":7.0},{"damage":0.0,"enemies":"Jaw Worm Horde","floor":45.0,"turns":3.0},{"damage":41.0,"enemies":"Nemesis","floor":47.0,"turns":9.0},{"damage":79,"enemies":"Time Eater","floor":50,"turns":11}],"seed_played":"-5798226332975895455","potions_obtained":[{"floor":1.0,"key":"Poison Potion"},{"floor":4.0,"key":"LiquidMemories"},{"floor":5.0,"key":"SteroidPotion"},{"floor":7.0,"key":"Fire Potion"},{"floor":13.0,"key":"AttackPotion"},{"floor":16.0,"key":"Explosive Potion"},{"floor":18.0,"key":"Poison Potion"},{"floor":21.0,"key":"Energy Potion"},{"floor":31.0,"key":"Block Potion"},{"floor":35.0,"key":"Energy Potion"},{"floor":44.0,"key":"Explosive Potion"},{"floor":47.0,"key":"AttackPotion"}],"is_trial":false,"path_per_floor":["M","M","?","M","M","R","M","M","T","R","E","?","M","E","R","B",null,"M","?","?","M","?","R","M","$","T","?","M","M","M","M","R","B",null,"M","M","$","T","M","E","R","M","T","E","M","R","E","T","R","B"],"character_chosen":"THE_SILENT","items_purchased":["Orichalcum","Dagger Spray","Footwork"],"campfire_rested":2,"item_purchase_floors":[25,25,37],"current_hp_per_floor":[70,70,70,68,68,68,68,65,65,65,52,52,60,53,53,33,70,67,67,55,55,55,55,55,55,55,55,55,46,46,46,46,7,70,70,70,70,70,63,63,63,58,58,25,25,61,20,20,56,0,0],"gold":283,"neow_bonus":"ONE_RANDOM_RARE_CARD","is_daily":false,"chose_seed":false,"campfire_upgraded":5,"win_rate":0.0,"timestamp":1610184172,"path_taken":["M","M","?","M","M","R","M","M","T","R","E","?","M","E","R","BOSS","M","?","?","M","?","R","?","$","T","?","M","M","M","M","R","BOSS","M","M","$","?","M","E","R","M","T","E","M","R","E","?","R","BOSS"],"items_purchased_type":["Relic","Card","Card"],"build_version":"2020-12-22","purchased_purges":2,"victory":false,"max_hp_per_floor":[70,70,70,70,70,70,70,70,70,70,70,70,70,70,70,70,70,70,70,70,70,70,70,70,70,70,70,70,70,70,70,70,70,70,70,70,70,70,70,70,70,70,70,70,70,70,70,70,70,70,70],"card_choices":[{"not_picked":["Flying Knee","Acrobatics"],"picked":"Cloak And Dagger","floor":1.0},{"not_picked":["Choke","Dagger Spray"],"picked":"All Out Attack","floor":2.0},{"not_picked":["Sucker Punch","Slice"],"picked":"Deflect","floor":4.0},{"not_picked":["Acrobatics","Dodge and Roll"],"picked":"Terror","floor":5.0},{"not_picked":["Terror","Acrobatics","Dagger Throw"],"picked":"SKIP","floor":7.0},{"not_picked":["Wraith Form v2","Deadly Poison","Deflect"],"picked":"SKIP","floor":8.0},{"not_picked":["Wraith Form v2","Deflect"],"picked":"Deadly Poison","floor":8.0},{"not_picked":["Terror","Deflect"],"picked":"PiercingWail","floor":11.0},{"not_picked":["Heel Hook","Dash"],"picked":"Poisoned Stab","floor":13.0},{"not_picked":["Bane","Sucker Punch"],"picked":"Blade Dance","floor":14.0},{"not_picked":["Doppelganger","Night Terror"],"picked":"Glass Knife","floor":16.0},{"not_picked":["Slice+1","Flying Knee"],"picked":"Dodge and Roll","floor":18.0},{"not_picked":["Deflect","Quick Slash+1"],"picked":"PiercingWail+1","floor":21.0},{"not_picked":["Sucker Punch+1","Masterful Stab+1"],"picked":"Dash","floor":24.0},{"not_picked":["Backflip","Bouncing Flask"],"picked":"Flechettes","floor":28.0},{"not_picked":["Backflip","Deflect"],"picked":"Cloak And Dagger+1","floor":29.0},{"not_picked":["Acrobatics","Poisoned Stab","Dagger Throw"],"picked":"SKIP","floor":30.0},{"not_picked":["Underhanded Strike+1","PiercingWail+1"],"picked":"Catalyst","floor":31.0},{"not_picked":["Wraith Form v2","Burst"],"picked":"Storm of Steel","floor":33.0},{"not_picked":["Poisoned Stab+1","Underhanded Strike","PiercingWail"],"picked":"SKIP","floor":35.0},{"not_picked":["Quick Slash+1","Expertise+1","Blade Dance"],"picked":"SKIP","floor":36.0},{"not_picked":["Terror+1","PiercingWail"],"picked":"Deadly Poison","floor":39.0},{"not_picked":["Deflect","Prepared","Bullet Time"],"picked":"SKIP","floor":40.0},{"not_picked":["Blade Dance+1","Backstab"],"picked":"Outmaneuver+1","floor":42.0},{"not_picked":["Deflect","Backflip"],"picked":"Finisher+1","floor":44.0},{"not_picked":["Prepared","Escape Plan+1"],"picked":"Reflex","floor":45.0},{"not_picked":["Deflect","Riddle With Holes"],"picked":"Poisoned Stab+1","floor":47.0}],"player_experience":159613,"relics_obtained":[{"floor":9.0,"key":"FossilizedHelix"},{"floor":11.0,"key":"Peace Pipe"},{"floor":14.0,"key":"Paper Crane"},{"floor":17.0,"key":"Vajra"},{"floor":17.0,"key":"Mercury Hourglass"},{"floor":17.0,"key":"TungstenRod"},{"floor":20.0,"key":"Enchiridion"},{"floor":38.0,"key":"Art of War"},{"floor":40.0,"key":"Calipers"},{"floor":43.0,"key":"Bag of Marbles"},{"floor":44.0,"key":"Regal Pillow"},{"floor":47.0,"key":"Bronze Scales"},{"floor":48.0,"key":"Darkstone Periapt"}],"event_choices":[{"cards_removed":["Strike_G"],"damage_healed":0.0,"max_hp_gain":0.0,"max_hp_loss":0.0,"gold_gain":0.0,"event_name":"Living Wall","player_choice":"Forget","floor":3.0,"gold_loss":0.0,"damage_taken":0.0},{"cards_removed":["Defend_G"],"damage_healed":0.0,"max_hp_gain":0.0,"max_hp_loss":0.0,"gold_gain":0.0,"event_name":"The Cleric","player_choice":"Card Removal","floor":12.0,"gold_loss":50.0,"damage_taken":0.0},{"cards_removed":["Strike_G"],"damage_healed":0.0,"max_hp_gain":0.0,"max_hp_loss":0.0,"gold_gain":0.0,"event_name":"Back to Basics","player_choice":"Elegance","floor":19.0,"gold_loss":0.0,"damage_taken":0.0},{"damage_healed":0.0,"max_hp_gain":0.0,"max_hp_loss":0.0,"gold_gain":0.0,"event_name":"Cursed Tome","player_choice":"Obtained Book","floor":20.0,"gold_loss":0.0,"damage_taken":16.0},{"damage_healed":0.0,"max_hp_gain":0.0,"max_hp_loss":0.0,"gold_gain":0.0,"event_name":"Match and Keep!","player_choice":"1 cards matched","floor":22.0,"gold_loss":0.0,"damage_taken":0.0,"cards_obtained":["Finesse"]},{"damage_healed":0.0,"max_hp_gain":0.0,"max_hp_loss":0.0,"gold_gain":0.0,"event_name":"Duplicator","player_choice":"Copied","floor":27.0,"gold_loss":0.0,"damage_taken":0.0,"cards_obtained":["PiercingWail"]}],"is_beta":false,"boss_relics":[{"not_picked":["Busted Crown","Ectoplasm"],"picked":"Calling Bell"},{"not_picked":["Black Star","Runic Dome"],"picked":"SacredBark"}],"items_purged_floors":[25,37],"is_endless":false,"potions_floor_spawned":[1,4,5,7,13,16,18,21,31,35,36,44,47],"killed_by":"Time Eater","ascension_level":1}}