{"host":"a4s27ghlnr83kbqz","time":1610184784,"event":{"mods":["AchievementEnabler","BaseMod","Colored Map","Minty Spire (QoL Compilation)","Permanent Neow","SuperFastMode"],"gold_per_floor":[366,66,85,65,80,80,112,112,164,198,212,212,232,232,232,310,310,320,320,320,320,150,178,178,212,212,212,212,240,257,277,277,277,277],"floor_reached":33,"playtime":535,"items_purged":["Writhe"],"score":618,"play_id":"8ad9d930-a2f3-4f47-9a55-2040903e8160","local_time":"20210109173304","is_ascension_mode":true,"campfire_choices":[{"data":"Perfected Strike","floor":6,"key":"SMITH"},{"data":"Blood for Blood","floor":8,"key":"SMITH"},{"data":"Fire Breathing","floor":15,"key":"SMITH"},{"data":"Double Tap","floor":24,"key":"SMITH"},{"floor":28,"key":"REST"},{"data":"Enlightenment","floor":32,"key":"SMITH"}],"circlet_count":0,"master_deck":["AscendersBane","Strike_R","Strike_R","Strike_R","Strike_R","Strike_R","Bash","Iron Wave","Perfected Strike+1","Blood for Blood+1","Wild Strike","Shockwave","Double Tap+1","Dropkick+1","Rage+1","Thunderclap","Uppercut","Perfected Strike","Enlightenment+1","Feed","Perfected Strike","Pommel Strike"],"relics":["Burning Blood","PreservedInsect","Akabeko","Juzu Bracelet","Blood Vial","Odd Mushroom","Astrolabe","Pen Nib","Dead Branch","Toy Ornithopter","Kunai","Anchor"],"acts_visited":["Exordium","TheCity"],"potions_floor_usage":[7,7,16,29,33,33],"damage_taken":[{"damage":4,"enemies":"2 Louse","floor":1,"turns":4},{"damage":1,"enemies":"Cultist","floor":3,"turns":3},{"damage":7,"enemies":"Jaw Worm","floor":5,"turns":2},{"damage":8,"enemies":"Gremlin Nob","floor":7,"turns":3},{"damage":20,"enemies":"Lagavulin","floor":10,"turns":4},{"damage":14,"enemies":"Exordium Wildlife","floor":11,"turns":3},{"damage":17,"enemies":"The Mushroom Lair","floor":13,"turns":4},{"damage":21,"enemies":"Hexaghost","floor":16,"turns":7},{"damage":1,"enemies":"Spheric Guardian","floor":18,"turns":3},{"damage":33,"enemies":"Book of Stabbing","floor":23,"turns":4},{"damage":36,"enemies":"Slavers","floor":25,"turns":5},{"damage":30,"enemies":"Gremlin Leader","floor":29,"turns":3},{"damage":0,"enemies":"Chosen","floor":30,"turns":2},{"damage":0,"enemies":"Snake Plant","floor":31,"turns":2},{"damage":58,"enemies":"Collector","floor":33,"turns":4}],"seed_played":"226061642834857135","potions_obtained":[{"floor":1,"key":"Energy Potion"},{"floor":3,"key":"DistilledChaos"},{"floor":4,"key":"Fire Potion"},{"floor":7,"key":"Strength Potion"},{"floor":25,"key":"PowerPotion"},{"floor":29,"key":"CultistPotion"},{"floor":31,"key":"GamblersBrew"}],"is_trial":false,"path_per_floor":["M","$","M","?","M","R","E","R","T","E","M","?","?","?","R","B",null,"M","?","?","?","$","E","R","E","T","T","R","E","M","M","R","B"],"character_chosen":"IRONCLAD","items_purchased":["PreservedInsect","Fire Breathing","Perfected Strike","Enlightenment"],"campfire_rested":1,"item_purchase_floors":[2,2,2,22],"current_hp_per_floor":[52,52,57,57,56,56,54,54,54,40,34,34,25,30,30,17,64,71,71,71,71,71,46,46,18,18,18,42,25,33,41,41,0,0],"gold":277,"neow_bonus":"TWO_FIFTY_GOLD","is_daily":false,"chose_seed":false,"campfire_upgraded":5,"win_rate":0.0,"timestamp":1610184784,"path_taken":["M","$","M","?","M","R","E","R","T","E","M","?","?","?","R","BOSS","M","?","?","?","$","E","R","E","T","?","R","E","M","M","R","BOSS"],"items_purchased_type":["Relic","Card","Card","Card"],"build_version":"2020-12-22","purchased_purges":1,"victory":false,"max_hp_per_floor":[75,75,75,75,75,75,75,75,75,75,75,75,75,80,80,80,80,80,80,80,80,80,80,80,80,80,80,80,80,80,80,80,80,80],"card_choices":[{"not_picked":["Metallicize","Anger"],"picked":"Iron Wave","floor":1},{"not_picked":["Feel No Pain","Inflame"],"picked":"Blood for Blood","floor":3},{"not_picked":["Clothesline","True Grit","Sword Boomerang"],"picked":"SKIP","floor":5},{"not_picked":["Demon Form","Headbutt"],"picked":"Wild Strike","floor":7},{"not_picked":["Blood for Blood","Pummel","Havoc"],"picked":"SKIP","floor":10},{"not_picked":["Headbutt","Armaments","Heavy Blade"],"picked":"SKIP","floor":11},{"not_picked":["Warcry","Iron Wave"],"picked":"Shockwave","floor":13},{"not_picked":["Brutality","Impervious"],"picked":"Double Tap","floor":16},{"not_picked":["Armaments","Clothesline","Body Slam"],"picked":"SKIP","floor":18},{"not_picked":["Bloodletting","Whirlwind"],"picked":"Feed","floor":23},{"not_picked":["Dark Embrace","Havoc"],"picked":"Perfected Strike","floor":25},{"not_picked":["Juggernaut","Body Slam"],"picked":"Pommel Strike","floor":29},{"not_picked":["Heavy Blade","Sword Boomerang","Iron Wave"],"picked":"SKIP","floor":30},{"not_picked":["Cleave","Carnage","Armaments"],"picked":"SKIP","floor":31}],"player_experience":1095268,"relics_obtained":[{"floor":7,"key":"Akabeko"},{"floor":9,"key":"Juzu Bracelet"},{"floor":10,"key":"Blood Vial"},{"floor":13,"key":"Odd Mushroom"},{"floor":23,"key":"Dead Branch"},{"floor":25,"key":"Toy Ornithopter"},{"floor":27,"key":"Kunai"},{"floor":29,"key":"Anchor"}],"event_choices":[{"damage_healed":0,"gold_gain":0,"player_choice":"Bought 1 Potion","damage_taken":0,"max_hp_gain":0,"max_hp_loss":0,"event_name":"The Woman in Blue","floor":4,"gold_loss":0},{"cards_removed":["Defend_R"],"damage_healed":0,"gold_gain":0,"player_choice":"Offered Basic","damage_taken":0,"max_hp_gain":0,"max_hp_loss":0,"event_name":"Bonfire Elementals","floor":12,"gold_loss":0},{"damage_healed":0,"gold_gain":0,"player_choice":"Fought Mushrooms","damage_taken":0,"max_hp_gain":0,"max_hp_loss":0,"event_name":"Mushrooms","floor":13,"gold_loss":0},{"damage_healed":0,"gold_gain":0,"player_choice":"Donut","damage_taken":0,"max_hp_gain":5,"max_hp_loss":0,"event_name":"Big Fish","floor":14,"gold_loss":0},{"damage_healed":0,"gold_gain":0,"cards_transformed":["Sword Boomerang","Fire Breathing"],"player_choice":"Became Test Subject","damage_taken":0,"max_hp_gain":0,"max_hp_loss":0,"event_name":"Drug Dealer","floor":19,"gold_loss":0,"cards_obtained":["Thunderclap","Uppercut"]},{"damage_healed":0,"gold_gain":0,"player_choice":"Opened","damage_taken":0,"relics_obtained":["Pen Nib"],"max_hp_gain":0,"max_hp_loss":0,"event_name":"The Mausoleum","floor":20,"gold_loss":0,"cards_obtained":["Writhe"]},{"damage_healed":0,"gold_gain":0,"player_choice":"Read","damage_taken":0,"max_hp_gain":0,"max_hp_loss":0,"event_name":"The Library","floor":21,"gold_loss":0,"cards_obtained":["Perfected Strike"]}],"is_beta":false,"boss_relics":[{"not_picked":["Fusion Hammer","Black Blood"],"picked":"Astrolabe"}],"items_purged_floors":[22],"is_endless":false,"potions_floor_spawned":[1,3,5,7,25,29,31],"killed_by":"Collector","ascension_level":20}}