{"host":"56ghxnzsglgdq727","time":1610190365,"event":{"mods":["AchievementEnabler","BaseMod","Downfall","Duelist Mod","Hermit","Marisa????????","Minty Spire (QoL Compilation)","Rare Cards Sparkle","Remilia??????","SOS???????","StSLib","The Bug Knight","The Senshi","The Servant 0.9.4","The Wild Card","Yuri Mod"],"gold_per_floor":[118,133,133,152,77,96,96,110,110,110,139,139,3,14,14,14,14],"floor_reached":16,"playtime":445,"items_purged":["yuri:yuriStrike","yuri:yuriStrike"],"score":102,"play_id":"c200f9ff-53e0-4ddd-9433-ba0e69be08ed","local_time":"20210109060605","is_ascension_mode":false,"campfire_choices":[{"data":"expansioncontent:GuardianWhirl","floor":7,"key":"SMITH"},{"data":"yuri:SturdyUniform","floor":12,"key":"SMITH"},{"data":"yuri:SelfHarm","floor":15,"key":"SMITH"}],"circlet_count":0,"master_deck":["yuri:yuriStrike","yuri:yuriStrike","yuri:yuriStrike","yuri:yuriDefend","yuri:yuriDefend","yuri:yuriDefend","yuri:Oolong","yuri:yuriStab","expansioncontent:GuardianWhirl+1","yuri:SturdyUniform+1","yuri:WickedSlash","yuri:DistillInsanity","yuri:HeavierStrike","yuri:HoldBack","yuri:SelfHarm+1"],"relics":["yuri:yuriKnife","Gremlin Horn","Blue Candle"],"acts_visited":["Exordium"],"potions_floor_usage":[16,16,16],"damage_taken":[{"damage":1,"enemies":"Small Slimes","floor":1,"turns":2},{"damage":1,"enemies":"Cultist","floor":2,"turns":2},{"damage":5,"enemies":"Jaw Worm","floor":4,"turns":2},{"damage":16,"enemies":"Exordium Thugs","floor":6,"turns":4},{"damage":12,"enemies":"Red Slaver","floor":8,"turns":2},{"damage":14,"enemies":"Gremlin Nob","floor":11,"turns":4},{"damage":3,"enemies":"Exordium Wildlife","floor":14,"turns":2},{"damage":49,"enemies":"The Guardian","floor":16,"turns":5}],"seed_played":"-3570510201923662193","potions_obtained":[{"floor":1,"key":"Strength Potion"},{"floor":4,"key":"GamblersBrew"},{"floor":8,"key":"LiquidBronze"},{"floor":14,"key":"BlessingOfTheForge"}],"is_trial":false,"path_per_floor":["M","M","?","M","$","M","R","M","T","?","E","R","$","M","R","B"],"character_chosen":"YURI","items_purchased":["yuri:HoldBack"],"campfire_rested":0,"item_purchase_floors":[13],"current_hp_per_floor":[79,79,79,75,75,63,63,51,51,51,41,41,41,42,42,0,0],"gold":14,"neow_bonus":"RANDOM_COLORLESS","is_daily":false,"chose_seed":false,"campfire_upgraded":3,"win_rate":0.0,"timestamp":1610190365,"path_taken":["M","M","?","M","$","M","R","?","T","?","E","R","?","?","R","BOSS"],"items_purchased_type":["Card"],"build_version":"2020-12-22","purchased_purges":2,"victory":false,"max_hp_per_floor":[80,80,80,80,80,80,80,80,80,80,80,80,80,80,80,80,80],"card_choices":[{"not_picked":["expansioncontent:Hexaburn","expansioncontent:YouAreMine"],"picked":"expansioncontent:GuardianWhirl","floor":0},{"not_picked":["yuri:RecklessStrike","yuri:Skip","yuri:UnstableStrike"],"picked":"SKIP","floor":1},{"not_picked":["yuri:Spin","yuri:Skip"],"picked":"yuri:SturdyUniform","floor":2},{"not_picked":["yuri:MPose","yuri:RepairCode","yuri:SeeingDouble"],"picked":"SKIP","floor":4},{"not_picked":["yuri:ReactiveMadness","yuri:yuriQuickStrike"],"picked":"yuri:WickedSlash","floor":6},{"not_picked":["yuri:DebugCard","yuri:Spin","yuri:InsanityDefense"],"picked":"SKIP","floor":8},{"not_picked":["yuri:ReloadGame","yuri:MirrorInsanity"],"picked":"yuri:HeavierStrike","floor":11},{"not_picked":["yuri:MultiDip","yuri:UnstableStrike"],"picked":"yuri:SelfHarm","floor":14}],"player_experience":205221,"relics_obtained":[{"floor":9,"key":"Gremlin Horn"},{"floor":11,"key":"Blue Candle"}],"event_choices":[{"cards_removed":["yuri:yuriDefend"],"damage_healed":0,"gold_gain":0,"player_choice":"Card Removal","damage_taken":0,"max_hp_gain":0,"max_hp_loss":0,"event_name":"Wheel of Change","floor":3,"gold_loss":0},{"damage_healed":0,"gold_gain":0,"cards_transformed":["yuri:yuriDefend"],"player_choice":"Transformed","damage_taken":0,"max_hp_gain":0,"max_hp_loss":0,"event_name":"Transmorgrifier","floor":10,"gold_loss":0,"cards_obtained":["yuri:DistillInsanity"]}],"is_beta":false,"boss_relics":[],"items_purged_floors":[5,13],"is_endless":false,"potions_floor_spawned":[1,4,8,14],"killed_by":"The Guardian","ascension_level":0}}