{"host":"k85tjwrh7mjrrc9a","time":1610155902,"event":{"mods":["AchievementEnabler","BaseMod","Colored Powertips","Highlight Path","Minty Spire (QoL Compilation)","Rare Cards Sparkle","StSLib"],"gold_per_floor":[115,64,64,75,91,118,137,137,137,137,155,190,190,204,204,204,204],"floor_reached":16,"playtime":870,"items_purged":[],"score":162,"play_id":"bc00c462-8ab3-43e5-9bfe-90c6c14c92ee","local_time":"20210108203142","is_ascension_mode":true,"campfire_choices":[{"floor":8,"key":"REST"},{"data":"Uppercut","floor":10,"key":"SMITH"},{"floor":13,"key":"REST"},{"floor":15,"key":"REST"}],"circlet_count":0,"master_deck":["Strike_R","Strike_R","Strike_R","Strike_R","Strike_R","Defend_R","Defend_R","Defend_R","Defend_R","Bash","Iron Wave","Shrug It Off","Rampage","Uppercut+1","Twin Strike","Heavy Blade","Thunderclap","Feed","Shrug It Off"],"relics":["Burning Blood","Ancient Tea Set","Pantograph","Du-Vu Doll"],"acts_visited":["Exordium"],"potions_floor_usage":[12,12,16],"damage_taken":[{"damage":8,"enemies":"Jaw Worm","floor":1,"turns":5},{"damage":6,"enemies":"Cultist","floor":4,"turns":3},{"damage":11,"enemies":"2 Louse","floor":5,"turns":3},{"damage":56,"enemies":"Lagavulin","floor":6,"turns":9},{"damage":8,"enemies":"Red Slaver","floor":7,"turns":3},{"damage":7,"enemies":"3 Louse","floor":11,"turns":4},{"damage":30,"enemies":"3 Sentries","floor":12,"turns":7},{"damage":19,"enemies":"Large Slime","floor":14,"turns":6},{"damage":82,"enemies":"Hexaghost","floor":16,"turns":14}],"seed_played":"-387639039972196602","potions_obtained":[{"floor":5,"key":"Fire Potion"},{"floor":6,"key":"Swift Potion"},{"floor":14,"key":"ElixirPotion"}],"is_trial":false,"path_per_floor":["M","$","?","M","M","E","M","R","T","R","M","E","R","M","R","B"],"character_chosen":"IRONCLAD","items_purchased":["Shrug It Off"],"campfire_rested":3,"item_purchase_floors":[2],"current_hp_per_floor":[78,78,70,70,65,15,13,39,39,39,38,14,40,27,53,0,0],"gold":204,"neow_bonus":"TEN_PERCENT_HP_BONUS","is_daily":false,"chose_seed":false,"campfire_upgraded":1,"win_rate":0.0,"timestamp":1610155902,"path_taken":["M","$","?","?","M","E","M","R","T","R","M","E","R","M","R","BOSS"],"items_purchased_type":["Card"],"build_version":"2020-12-22","purchased_purges":0,"victory":false,"max_hp_per_floor":[88,88,88,88,88,88,88,88,88,88,88,88,88,88,88,88,88],"card_choices":[{"not_picked":["Body Slam","Perfected Strike"],"picked":"Iron Wave","floor":1},{"not_picked":["Flame Barrier","Sword Boomerang"],"picked":"Rampage","floor":4},{"not_picked":["Searing Blow","Wild Strike"],"picked":"Uppercut","floor":5},{"not_picked":["Burning Pact","Dual Wield"],"picked":"Twin Strike","floor":6},{"not_picked":["Cleave","Clothesline"],"picked":"Heavy Blade","floor":7},{"not_picked":["Perfected Strike","Clash"],"picked":"Thunderclap","floor":11},{"not_picked":["Hemokinesis","Rage"],"picked":"Feed","floor":12},{"not_picked":["Uppercut","Flex"],"picked":"Shrug It Off","floor":14}],"player_experience":170167,"relics_obtained":[{"floor":6,"key":"Ancient Tea Set"},{"floor":9,"key":"Pantograph"},{"floor":12,"key":"Du-Vu Doll"}],"event_choices":[{"damage_healed":0,"gold_gain":0,"player_choice":"Damaged","damage_taken":8,"max_hp_gain":0,"max_hp_loss":0,"event_name":"Wheel of Change","floor":3,"gold_loss":0}],"is_beta":false,"boss_relics":[],"items_purged_floors":[],"is_endless":false,"potions_floor_spawned":[5,6,14],"killed_by":"Hexaghost","ascension_level":9}}