{"host":"5dk97cf2ubw2v967","time":1610193700,"event":{"mods":["AlwaysNeverKeys","BaseMod","Better Altar","Better Vampires","Block Reminder","Colored Powertips","Downfall","Googly Eyes","Highlight Path","Minty Spire (QoL Compilation)","Permanent Neow","Potion Indicator Mod","Quick Restart","Relic Filter","Relic Stats","Say the Spire","Spicy Shops","StSLib","Waifu the Spire","everything is the same but u backflip on backflip"],"gold_per_floor":[99,117,267,278,294,219,246,262,262,262,262],"floor_reached":9,"playtime":380,"items_purged":[],"score":106,"play_id":"324d6efa-6472-4a30-adf4-6eb0d0410e58","local_time":"20210109120140","is_ascension_mode":true,"campfire_choices":[{"floor":1,"key":"RECALL"},{"data":"Guardian:TwinSlam","floor":6,"key":"SMITH"}],"circlet_count":0,"master_deck":["AscendersBane","Guardian:Strike_Guardian","Guardian:Strike_Guardian","Guardian:Strike_Guardian","Guardian:Strike_Guardian","Guardian:Defend_Guardian","Guardian:Defend_Guardian","Guardian:Defend_Guardian","Guardian:Defend_Guardian","Guardian:CurlUp","Guardian:TwinSlam+1","CurseOfTheBell","Guardian:Gem_Crimson","Guardian:Gem_Green","Guardian:Gem_Cyan","Guardian:Gem_Red","Doubt","Guardian:Gem_Purple","Guardian:BronzeOrb","Guardian:DecasProtection"],"relics":["Calling Bell","Orichalcum","Kunai","Guardian:SackOfGems","downfall:HeartBlessingRed","Anchor"],"acts_visited":["Exordium"],"potions_floor_usage":[9],"damage_taken":[{"damage":17,"enemies":"Jaw Worm","floor":2,"turns":5},{"damage":0,"enemies":"2 Louse","floor":4,"turns":3},{"damage":7,"enemies":"Small Slimes","floor":5,"turns":5},{"damage":0,"enemies":"3 Louse","floor":8,"turns":3},{"damage":42,"enemies":"Gremlin Nob","floor":9,"turns":4}],"seed_played":"5683003008690461699","potions_obtained":[{"floor":4,"key":"LiquidMemories"}],"is_trial":false,"path_per_floor":["R","M","?","M","M","R","T","M","E"],"character_chosen":"GUARDIAN","items_purchased":[],"campfire_rested":0,"item_purchase_floors":[],"current_hp_per_floor":[65,48,48,48,41,41,41,41,0,0,0],"gold":262,"neow_bonus":"BOSS_RELIC","is_daily":false,"chose_seed":false,"campfire_upgraded":1,"win_rate":0.0,"timestamp":1610193700,"path_taken":["R","M","?","M","M","R","T","M","E"],"items_purchased_type":[],"build_version":"2020-12-22","purchased_purges":0,"victory":false,"max_hp_per_floor":[72,72,72,72,72,72,72,72,72,72,72],"relic_stats":{"counters":[5,20],"Kunai":[3],"Orichalcum":[24],"obtain_stats":[{"Calling Bell":0,"Anchor":7,"downfall:HeartBlessingRed":6,"Guardian:ModeShifter":0,"Guardian:SackOfGems":0,"Kunai":0,"Orichalcum":0},{"Calling Bell":0,"Anchor":3,"downfall:HeartBlessingRed":3,"Guardian:ModeShifter":0,"Guardian:SackOfGems":0,"Kunai":0,"Orichalcum":0},{"Calling Bell":0,"Anchor":13,"downfall:HeartBlessingRed":13,"Guardian:ModeShifter":0,"Guardian:SackOfGems":0,"Kunai":0,"Orichalcum":0}]},"card_choices":[{"not_picked":["Guardian:TemporalShield","Guardian:ShieldSpikes"],"picked":"Guardian:Gem_Red","floor":2},{"not_picked":["Guardian:SpikerProtocol","Guardian:FloatingOrbs"],"picked":"Guardian:Gem_Purple","floor":4},{"not_picked":["Guardian:Planning","Guardian:ChargeCore"],"picked":"Guardian:BronzeOrb","floor":5},{"not_picked":["Guardian:Gem_Yellow","Guardian:ChargeUp"],"picked":"Guardian:DecasProtection","floor":8}],"player_experience":1347371,"relics_obtained":[{"floor":0,"key":"Orichalcum"},{"floor":0,"key":"Kunai"},{"floor":0,"key":"Guardian:SackOfGems"},{"floor":7,"key":"Anchor"}],"event_choices":[],"is_beta":false,"boss_relics":[],"items_purged_floors":[],"is_endless":false,"potions_floor_spawned":[4],"killed_by":"Gremlin Nob","ascension_level":20}}