{"host":"a5lz0e76zb3fcwkm","time":1610193276,"event":{"mods":["AchievementEnabler","BaseMod","Colored Map","Colored Powertips","Minty Spire (QoL Compilation)","StSLib","SuperFastMode"],"gold_per_floor":[111,36,36,54,54,80,98,98,98,128,53,66,128,156,156,156,156],"floor_reached":16,"playtime":258,"items_purged":["Strike_R"],"score":286,"play_id":"5485526f-d928-479c-9d5f-69327ca28e09","local_time":"20210109205436","is_ascension_mode":true,"campfire_choices":[{"data":"Blood for Blood","floor":8.0,"key":"SMITH"},{"data":"Hemokinesis","floor":15,"key":"SMITH"}],"circlet_count":0,"master_deck":["AscendersBane","Strike_R","Defend_R","Defend_R","Defend_R","Defend_R+1","Bash","Blood for Blood+1","Fire Breathing","Second Wind+1","Bloodletting","Hemokinesis+1"],"relics":["Burning Blood","NeowsBlessing","Meat on the Bone","Matryoshka","Boot","Oddly Smooth Stone","War Paint"],"acts_visited":["Exordium"],"potions_floor_usage":[13,13,16],"damage_taken":[{"damage":0.0,"enemies":"Small Slimes","floor":1.0,"turns":1.0},{"damage":0.0,"enemies":"Cultist","floor":4.0,"turns":1.0},{"damage":0.0,"enemies":"Lagavulin","floor":6.0,"turns":2.0},{"damage":1.0,"enemies":"2 Louse","floor":7.0,"turns":3.0},{"damage":56.0,"enemies":"Gremlin Nob","floor":10.0,"turns":5.0},{"damage":21.0,"enemies":"Blue Slaver","floor":12.0,"turns":4.0},{"damage":27,"enemies":"Gremlin Nob","floor":13,"turns":5},{"damage":21,"enemies":"Lagavulin","floor":14,"turns":5},{"damage":23,"enemies":"The Guardian","floor":16,"turns":8}],"seed_played":"3380422281623407349","potions_obtained":[{"floor":4.0,"key":"EssenceOfSteel"},{"floor":10.0,"key":"HeartOfIron"},{"floor":14,"key":"FearPotion"}],"is_trial":false,"path_per_floor":["M","?","?","M","?","E","M","R","T","E","$","M","?","E","R","B"],"character_chosen":"IRONCLAD","items_purchased":[],"campfire_rested":0,"item_purchase_floors":[],"current_hp_per_floor":[74,74,74,75,75,75,75,75,75,37,37,34,25,22,22,0,0],"gold":156,"neow_bonus":"THREE_ENEMY_KILL","is_daily":false,"chose_seed":false,"campfire_upgraded":2,"win_rate":0.0,"timestamp":1610193276,"path_taken":["M","?","?","M","?","E","?","R","T","E","$","M","?","E","R","BOSS"],"items_purchased_type":[],"build_version":"2020-12-22","purchased_purges":1,"victory":false,"max_hp_per_floor":[75,75,75,75,75,75,75,75,75,75,75,75,75,75,75,75,75],"card_choices":[{"not_picked":["Headbutt","Heavy Blade","Perfected Strike"],"picked":"SKIP","floor":1.0},{"not_picked":["Twin Strike","Headbutt","Anger"],"picked":"SKIP","floor":4.0},{"not_picked":["Twin Strike","True Grit","Headbutt"],"picked":"SKIP","floor":6.0},{"not_picked":["Twin Strike","Flex","Clothesline"],"picked":"SKIP","floor":7.0},{"not_picked":["True Grit","Brutality"],"picked":"Second Wind","floor":10.0},{"not_picked":["Intimidate","Sentinel"],"picked":"Bloodletting","floor":12.0},{"not_picked":["Heavy Blade","Pommel Strike"],"picked":"Hemokinesis","floor":13},{"not_picked":["Body Slam","Cleave","Headbutt"],"picked":"SKIP","floor":14}],"player_experience":1700014,"relics_obtained":[{"floor":6.0,"key":"Meat on the Bone"},{"floor":9.0,"key":"Matryoshka"},{"floor":10.0,"key":"Boot"},{"floor":13,"key":"Oddly Smooth Stone"},{"floor":14,"key":"War Paint"}],"event_choices":[{"cards_removed":["Strike_R"],"damage_healed":0.0,"max_hp_gain":0.0,"max_hp_loss":0.0,"gold_gain":0.0,"event_name":"The Cleric","player_choice":"Card Removal","floor":2.0,"gold_loss":75.0,"damage_taken":0.0},{"damage_healed":0.0,"max_hp_gain":0.0,"max_hp_loss":0.0,"gold_gain":0.0,"cards_transformed":["Strike_R"],"event_name":"Living Wall","player_choice":"Change","floor":3.0,"gold_loss":0.0,"damage_taken":0.0,"cards_obtained":["Blood for Blood"]},{"damage_healed":0.0,"max_hp_gain":0.0,"max_hp_loss":0.0,"gold_gain":0.0,"cards_transformed":["Strike_R"],"event_name":"Transmorgrifier","player_choice":"Transformed","floor":5.0,"gold_loss":0.0,"damage_taken":0.0,"cards_obtained":["Fire Breathing"]},{"damage_healed":0,"gold_gain":0,"player_choice":"Searched \u00271\u0027 times","damage_taken":0,"max_hp_gain":0,"max_hp_loss":0,"event_name":"Dead Adventurer","floor":13,"gold_loss":0}],"is_beta":false,"boss_relics":[],"items_purged_floors":[11],"is_endless":false,"potions_floor_spawned":[4,10,12,14],"killed_by":"The Guardian","ascension_level":20}}