{"host":"hn99riirbf0lv0ml","time":1610231004,"event":{"mods":["AchievementEnabler","Act Like it!","BaseMod","Colored Map","Colored Powertips","Downfall","Duelist Mod","Friendly Minions","Gensokyo","GifTheSpireLib","Jorbs\u0027s Wanderer Trilogy","Marisa????????","Minty Spire (QoL Compilation)","Rare Cards Sparkle","StSLib","The Animator","The Bug Knight","The Cursed","The Runesmith","The Servant 0.9.4"],"gold_per_floor":[117,137,148,166,180,180,192,207,207,222,172,172,12,12,12,113,113,132,143,163,163,174,174,174],"floor_reached":23,"playtime":4039,"items_purged":[],"score":189,"play_id":"ae7f9fef-7eec-4530-b714-f69450bfb7b7","local_time":"20210109172324","is_ascension_mode":false,"campfire_choices":[{"data":"Loop","floor":6,"key":"SMITH"},{"floor":12,"key":"REST"},{"data":"expansioncontent:FaceSlap","floor":15,"key":"SMITH"}],"circlet_count":0,"master_deck":["Strike_B","Strike_B","Strike_B","Strike_B","Defend_B","Zap+1","Dualcast","Loop+1","Coolheaded","Ball Lightning","Ball Lightning","Chill","Leap","Machine Learning","expansioncontent:FaceSlap+1","Beam Cell","Buffer","CurseOfTheBell","Sweeping Beam","Streamline","Leap","Streamline+1"],"relics":["Cracked Core","Runesmith:Nanobots","Calling Bell","Incense Burner","Sundial","Nunchaku"],"acts_visited":["Exordium","TheCity"],"potions_floor_usage":[16,16,20,20,23,23],"damage_taken":[{"damage":1.0,"enemies":"Jaw Worm","floor":1.0,"turns":4.0},{"damage":6.0,"enemies":"Small Slimes","floor":2.0,"turns":3.0},{"damage":0.0,"enemies":"Cultist","floor":3.0,"turns":4.0},{"damage":8.0,"enemies":"Looter","floor":4.0,"turns":4.0},{"damage":4,"enemies":"Large Slime","floor":5,"turns":7},{"damage":7,"enemies":"Blue Slaver","floor":7,"turns":2},{"damage":6,"enemies":"Exordium Wildlife","floor":8,"turns":2},{"damage":0,"enemies":"2 Fungi Beasts","floor":10,"turns":2},{"damage":22,"enemies":"Slime Boss","floor":16,"turns":12},{"damage":11,"enemies":"Chosen","floor":18,"turns":5},{"damage":4,"enemies":"Shell Parasite","floor":19,"turns":4},{"damage":13,"enemies":"Shelled Parasite and Fungi","floor":20,"turns":5},{"damage":22,"enemies":"Snecko","floor":22,"turns":4},{"damage":25,"enemies":"Gremlin Leader","floor":23,"turns":3}],"seed_played":"-74509464755613824","potions_obtained":[{"floor":1.0,"key":"hexamod:EctoCoolerPotion"},{"floor":4.0,"key":"Swift Potion"},{"floor":5,"key":"SteroidPotion"},{"floor":16,"key":"PowerPotion"},{"floor":18,"key":"FocusPotion"},{"floor":22,"key":"SkillPotion"}],"is_trial":false,"path_per_floor":["M","M","M","M","M","R","M","M","T","M","?","R","$","?","R","B",null,"M","M","M","?","M","E"],"character_chosen":"DEFECT","items_purchased":["Machine Learning","expansioncontent:FaceSlap"],"campfire_rested":1,"item_purchase_floors":[13,13],"current_hp_per_floor":[74,68,68,60,56,56,49,43,43,43,43,65,65,65,65,43,75,64,60,47,47,25,0,0],"gold":174,"neow_bonus":"UPGRADE_CARD","is_daily":false,"chose_seed":false,"campfire_upgraded":2,"win_rate":0.0,"timestamp":1610231004,"path_taken":["M","M","M","M","M","R","M","M","T","M","?","R","$","?","R","BOSS","M","?","M","?","?","E"],"items_purchased_type":["Card","Card"],"build_version":"2020-12-22","purchased_purges":0,"victory":false,"max_hp_per_floor":[75,75,75,75,75,75,75,75,75,75,75,75,75,75,75,75,75,75,75,75,75,75,75,75],"card_choices":[{"not_picked":["Chaos","Ball Lightning"],"picked":"Loop","floor":1.0},{"not_picked":["Recycle","Gash","Reprogram"],"picked":"SKIP","floor":2.0},{"not_picked":["Turbo","Go for the Eyes"],"picked":"Coolheaded","floor":3.0},{"not_picked":["Amplify","Loop"],"picked":"Ball Lightning","floor":4.0},{"not_picked":["Go for the Eyes","Loop"],"picked":"Ball Lightning","floor":5},{"not_picked":["Gash","Double Energy","Reinforced Body"],"picked":"SKIP","floor":7},{"not_picked":["Genetic Algorithm","Ball Lightning"],"picked":"Chill","floor":8},{"not_picked":["Stack","Streamline"],"picked":"Leap","floor":10},{"not_picked":["Rainbow","Fission"],"picked":"Buffer","floor":16},{"not_picked":["Genetic Algorithm","Conserve Battery"],"picked":"Sweeping Beam","floor":18},{"not_picked":["Leap","Recycle"],"picked":"Streamline","floor":19},{"not_picked":["Hologram","Genetic Algorithm"],"picked":"Leap","floor":20},{"not_picked":["Auto Shields","Genetic Algorithm"],"picked":"Streamline+1","floor":22}],"player_experience":155233,"relics_obtained":[{"floor":9,"key":"Runesmith:Nanobots"},{"floor":17,"key":"Incense Burner"},{"floor":17,"key":"Sundial"},{"floor":17,"key":"Nunchaku"}],"event_choices":[{"cards_removed":["Defend_B"],"damage_healed":0,"gold_gain":0,"player_choice":"Card Removal","damage_taken":0,"max_hp_gain":0,"max_hp_loss":0,"event_name":"The Cleric","floor":11,"gold_loss":50},{"damage_healed":0,"gold_gain":0,"cards_transformed":["Defend_B"],"player_choice":"Transformed","damage_taken":0,"max_hp_gain":0,"max_hp_loss":0,"event_name":"Transmorgrifier","floor":14,"gold_loss":0,"cards_obtained":["Beam Cell"]},{"cards_removed":["Defend_B"],"damage_healed":0,"gold_gain":0,"player_choice":"Purged","damage_taken":0,"max_hp_gain":0,"max_hp_loss":0,"event_name":"Purifier","floor":21,"gold_loss":0}],"is_beta":false,"boss_relics":[{"not_picked":["Runesmith:UraniumAnvil","Cursed Key"],"picked":"Calling Bell"}],"items_purged_floors":[],"is_endless":false,"potions_floor_spawned":[1,4,5,7,16,18,22],"killed_by":"Gremlin Leader","ascension_level":0}}