{"host":"rolltorest","time":1610178889,"event":{"mods":["BaseMod","Minty Spire (QoL Compilation)","Relic Stats","Robot Space Explorer","Slay the Relics Exporter","StSLib"],"gold_per_floor":[112,112,129,145,145,180,190,190,190],"floor_reached":8,"playtime":530,"items_purged":[],"score":110,"play_id":"d3598aa6-4585-4ac7-aa46-693b86ce0fc2","local_time":"20210108235449","is_ascension_mode":true,"campfire_choices":[],"circlet_count":0,"master_deck":["AscendersBane","RobotSpaceExplorer:Strike","RobotSpaceExplorer:Strike","RobotSpaceExplorer:Strike","RobotSpaceExplorer:Defend","RobotSpaceExplorer:Defend","RobotSpaceExplorer:Defend","RobotSpaceExplorer:Defend","RobotSpaceExplorer:Scan","RobotSpaceExplorer:MiniLasers","RobotSpaceExplorer:BigMissile","RobotSpaceExplorer:Electropulse","RobotSpaceExplorer:SurgingStrike","RobotSpaceExplorer:MiniDrones"],"relics":["RobotSpaceExplorer:RoboCore","NeowsBlessing","Bronze Scales","Dream Catcher"],"acts_visited":["Exordium"],"potions_floor_usage":[8,8],"damage_taken":[{"damage":0,"enemies":"Jaw Worm","floor":1,"turns":1},{"damage":0,"enemies":"Cultist","floor":3,"turns":1},{"damage":0,"enemies":"Small Slimes","floor":4,"turns":1},{"damage":46,"enemies":"3 Sentries","floor":6,"turns":10},{"damage":5,"enemies":"Blue Slaver","floor":7,"turns":3},{"damage":12,"enemies":"Lagavulin","floor":8,"turns":5}],"seed_played":"-4882455477605177316","potions_obtained":[{"floor":1,"key":"Swift Potion"},{"floor":6,"key":"AttackPotion"}],"is_trial":false,"path_per_floor":["M","?","M","M","?","E","M","E"],"character_chosen":"RobotSpaceExplorer","items_purchased":[],"campfire_rested":0,"item_purchase_floors":[],"current_hp_per_floor":[64,64,64,64,64,18,13,1,1],"gold":190,"neow_bonus":"THREE_ENEMY_KILL","is_daily":false,"chose_seed":false,"campfire_upgraded":0,"win_rate":0.0,"timestamp":1610178889,"path_taken":["M","?","M","?","?","E","M","E"],"items_purchased_type":[],"build_version":"2020-12-18","purchased_purges":0,"victory":false,"max_hp_per_floor":[71,71,71,71,71,71,71,71,71],"relic_stats":{"Dream Catcher":0,"counters":[6,21],"Bronze Scales":[12],"obtain_stats":[{"Dream Catcher":6,"NeowsBlessing":0,"Bronze Scales":6,"RobotSpaceExplorer:RoboCore":0},{"Dream Catcher":4,"NeowsBlessing":0,"Bronze Scales":4,"RobotSpaceExplorer:RoboCore":0},{"Dream Catcher":13,"NeowsBlessing":0,"Bronze Scales":13,"RobotSpaceExplorer:RoboCore":0}]},"card_choices":[{"not_picked":["RobotSpaceExplorer:LuckyStrike","RobotSpaceExplorer:Pulsar"],"picked":"RobotSpaceExplorer:BigMissile","floor":1},{"not_picked":["RobotSpaceExplorer:MakeshiftVolley","RobotSpaceExplorer:GlueShot"],"picked":"RobotSpaceExplorer:Electropulse","floor":3},{"not_picked":["RobotSpaceExplorer:SurgingShield","RobotSpaceExplorer:ScrapToss"],"picked":"RobotSpaceExplorer:SurgingStrike","floor":4},{"not_picked":["RobotSpaceExplorer:SurgingStrike","RobotSpaceExplorer:ShockKick","RobotSpaceExplorer:MakeshiftVolley"],"picked":"SKIP","floor":6},{"not_picked":["RobotSpaceExplorer:DualCore","RobotSpaceExplorer:ShovelStrike"],"picked":"RobotSpaceExplorer:MiniDrones","floor":7}],"player_experience":1812848,"relics_obtained":[{"floor":6,"key":"Bronze Scales"},{"floor":6,"key":"Dream Catcher"}],"event_choices":[{"cards_removed":["RobotSpaceExplorer:Strike"],"damage_healed":0,"gold_gain":0,"player_choice":"Purged","damage_taken":0,"max_hp_gain":0,"max_hp_loss":0,"event_name":"Purifier","floor":2,"gold_loss":0},{"damage_healed":0,"gold_gain":0,"player_choice":"1 cards matched","damage_taken":0,"max_hp_gain":0,"max_hp_loss":0,"event_name":"Match and Keep!","floor":5,"gold_loss":0,"cards_obtained":["RobotSpaceExplorer:LuckyFind"]}],"is_beta":true,"boss_relics":[],"items_purged_floors":[],"is_endless":false,"potions_floor_spawned":[1,6],"killed_by":"Lagavulin","ascension_level":18}}