{"host":"taazmjmli6ma7loo","time":1610207869,"event":{"mods":["AchievementEnabler","Arknights The Spire","BaseMod","Hermit","Minty Spire (QoL Compilation)","StSLib","The Bug Knight","The Hierophant"],"gold_per_floor":[116,291,291,304,319,349,59,78,78,78,78,78],"floor_reached":11,"playtime":365,"items_purged":[],"score":73,"play_id":"e240f5e8-107c-4a3a-b80f-42fc6d19bc9f","local_time":"20210110005749","is_ascension_mode":false,"campfire_choices":[],"circlet_count":0,"master_deck":["HollowMod:NailStrikeStart","HollowMod:NailStrikeStart","HollowMod:NailStrikeStart","HollowMod:NailStrikeStart","HollowMod:QuickDashStart","HollowMod:QuickDashStart","HollowMod:QuickDashStart","HollowMod:FocusHealStart","HollowMod:PogoStrike","Doubt","HollowMod:SharpenedNail","HollowMod:CloakDash","HollowMod:VengefulSpirit","HollowMod:ChannelNail"],"relics":["HollowMod:VesselMask","NeowsBlessing","Ice Cream","StoneCalendar","Prayer Wheel","WingedGreaves"],"acts_visited":["Exordium"],"potions_floor_usage":[8,11],"damage_taken":[{"damage":0.0,"enemies":"Jaw Worm","floor":1.0,"turns":1.0},{"damage":0.0,"enemies":"2 Louse","floor":4.0,"turns":1.0},{"damage":0.0,"enemies":"Cultist","floor":5.0,"turns":1.0},{"damage":64.0,"enemies":"3 Sentries","floor":6.0,"turns":9.0},{"damage":28,"enemies":"Exordium Thugs","floor":8,"turns":7},{"damage":3,"enemies":"Lagavulin","floor":11,"turns":2}],"seed_played":"-6927597264263168384","potions_obtained":[{"floor":1.0,"key":"SneckoOil"},{"floor":8,"key":"Strength Potion"}],"is_trial":false,"path_per_floor":["M","?","?","M","M","E","$","M","T","T","E"],"character_chosen":"THE_BUGKNIGHT","items_purchased":["StoneCalendar"],"campfire_rested":0,"item_purchase_floors":[7],"current_hp_per_floor":[75,75,75,75,75,21,21,3,3,3,0,0],"gold":78,"neow_bonus":"THREE_ENEMY_KILL","is_daily":false,"chose_seed":false,"campfire_upgraded":0,"win_rate":0.0,"timestamp":1610207869,"path_taken":["M","?","?","M","?","E","?","M","T","?","E"],"items_purchased_type":["Relic"],"build_version":"2020-12-22","purchased_purges":0,"victory":false,"max_hp_per_floor":[75,75,75,75,75,75,75,75,75,75,75,75],"card_choices":[{"not_picked":["HollowMod:FastStrike","HollowMod:VengefulVoid","HollowMod:LifebloodCocoon"],"picked":"SKIP","floor":1.0},{"not_picked":["HollowMod:DesolateDive","HollowMod:PureNailStrike"],"picked":"HollowMod:CloakDash","floor":4.0},{"not_picked":["HollowMod:DashSlash","HollowMod:SharpenedNail"],"picked":"HollowMod:VengefulSpirit","floor":5.0},{"not_picked":["HollowMod:VoidDash","HollowMod:DashSlash"],"picked":"HollowMod:ChannelNail","floor":6.0},{"not_picked":["HollowMod:NewLittleFool","HollowMod:VengefulVoid","HollowMod:ElderbugsWisdom"],"picked":"SKIP","floor":8}],"player_experience":458232,"relics_obtained":[{"floor":6.0,"key":"Ice Cream"},{"floor":9,"key":"Prayer Wheel"},{"floor":10,"key":"WingedGreaves"}],"event_choices":[{"damage_healed":0.0,"max_hp_gain":0.0,"max_hp_loss":0.0,"gold_gain":175.0,"event_name":"Liars Game","player_choice":"AGREE","floor":2.0,"gold_loss":0.0,"damage_taken":0.0,"cards_obtained":["Doubt"]},{"damage_healed":0.0,"max_hp_gain":0.0,"max_hp_loss":0.0,"gold_gain":0.0,"cards_transformed":["HollowMod:QuickDashStart"],"event_name":"Transmorgrifier","player_choice":"Transformed","floor":3.0,"gold_loss":0.0,"damage_taken":0.0,"cards_obtained":["HollowMod:SharpenedNail"]}],"is_beta":false,"boss_relics":[],"items_purged_floors":[],"is_endless":false,"potions_floor_spawned":[1,8],"killed_by":"Lagavulin","ascension_level":0}}