{"host":"qswkx8hggytna0kc","time":1610184009,"event":{"mods":["Aspiration","BaseMod","BetterRewards","Colored Map","Colored Powertips","Highlight Path","Hubris","Mimic Mod","Minty Spire (QoL Compilation)","MostiFishMod","Quick Restart","Replay The Spire","StSLib","SuperFastMode"],"gold_per_floor":[109,128,128,148,148,176,176,189,189,220,234,264,281,312,312,415,415,1028,1028,1048,1066,1085,1111,594,594,638,638,676,698,737,765,765,870,879,906,926,949,967,1026,1026,1073,1073,1073,1108,1133,1170,825,842,873,905,905,905],"floor_reached":53,"playtime":1941,"items_purged":["Strike_B","Strike_B"],"score":1696,"play_id":"a77740c0-60cf-4cc8-98a8-38eb6d6e41c1","local_time":"20210109172009","is_ascension_mode":true,"campfire_choices":[{"data":"Zap","floor":7,"key":"SMITH"},{"data":"ForeignInfluence","floor":15,"key":"SMITH"},{"floor":27,"key":"REST"},{"data":"White Noise","floor":32,"key":"SMITH"},{"data":"ReplayTheSpireMod:Fabricate Wheel","floor":40,"key":"SMITH"},{"data":"MostiFishMod:SephirahHod","floor":51,"key":"SMITH"}],"circlet_count":0,"master_deck":["Strike_B","Strike_B","Defend_B","Defend_B","Defend_B","Zap+1","Dualcast","Coolheaded","FIFO Queue+1","Glacier+1","ReplayGash","CommonCold","Gash","FTL","Coolheaded","ForeignInfluence+1","Turbo","ReplaySort","White Noise+1","Ragnarok","FTL","Go for the Eyes+1","Loop","Seek","MostiFishMod:MusicBox","MostiFishMod:GatherIntelligence","Leap+1","Stack+1","Coolheaded","Gash","All For One","MostiFishMod:SephirahHod+1","White Noise","Madness","Madness","Hologram+1","Machine Learning","Heatsinks+1","Chill","Scrape+1","MostiFishMod:Nova","Glacier+1","Storm+1"],"relics":["Cracked Core","DaveBox","aspiration:Nostalgia","Replay:M_SmolderingBlood","SentryEyes","SynthV:TestCard","Ring of Misfortune","Replay:Baseball","Kunai","Vajra","Eternal Feather","Replay:Antivirus Software","RhineCircuit","ReplayTheSpireMod:TigerMarble","MealTicket","CeramicFish","Carrot","DataDisk","Solar Panel","MostiFishMod:Hod","Pondfish Scales","Prayer Wheel","Garlic","Bag of Preparation","hubris:BundleOfHerbs","ReplayTheSpireMod:Shallot","hubris:Reverence"],"acts_visited":["Exordium","TheCity","TheBeyond"],"potions_floor_usage":[31],"damage_taken":[{"damage":0,"enemies":"Cultist","floor":1,"turns":2},{"damage":0,"enemies":"Jaw Worm","floor":2,"turns":2},{"damage":0,"enemies":"2 Louse","floor":4,"turns":1},{"damage":5,"enemies":"Gremlin Nob","floor":6,"turns":4},{"damage":0,"enemies":"Exordium Thugs","floor":8,"turns":2},{"damage":0,"enemies":"3 Sentries","floor":10,"turns":3},{"damage":5,"enemies":"Gremlin Gang","floor":11,"turns":2},{"damage":0,"enemies":"Replay:BlueRogue","floor":12,"turns":4},{"damage":0,"enemies":"2 Fungi Beasts","floor":13,"turns":1},{"damage":20,"enemies":"Lagavulin","floor":14,"turns":4},{"damage":0,"enemies":"The Guardian","floor":16,"turns":8},{"damage":0,"enemies":"Shell Parasite","floor":18,"turns":3},{"damage":12,"enemies":"Chosen","floor":20,"turns":3},{"damage":8,"enemies":"Centurion and Healer","floor":21,"turns":4},{"damage":3,"enemies":"Snecko","floor":22,"turns":3},{"damage":25,"enemies":"Slavers","floor":23,"turns":2},{"damage":0,"enemies":"Snake Plant","floor":26,"turns":4},{"damage":21,"enemies":"Book of Stabbing","floor":28,"turns":5},{"damage":24,"enemies":"Snake Plant","floor":29,"turns":3},{"damage":0,"enemies":"Replay:Snechameleon","floor":30,"turns":2},{"damage":0,"enemies":"Shelled Parasite and Fungi","floor":31,"turns":2},{"damage":20,"enemies":"hubris:MusketHawk","floor":33,"turns":7},{"damage":0,"enemies":"3 Shapes","floor":35,"turns":2},{"damage":11,"enemies":"Orb Walker","floor":36,"turns":3},{"damage":0,"enemies":"Sphere and 2 Shapes","floor":37,"turns":3},{"damage":0,"enemies":"Mind Bloom Boss Battle","floor":39,"turns":2},{"damage":0,"enemies":"R_Hoarder","floor":41,"turns":5},{"damage":1,"enemies":"4 Shapes","floor":44,"turns":2},{"damage":28,"enemies":"Nemesis","floor":46,"turns":4},{"damage":0,"enemies":"Writhing Mass","floor":48,"turns":3},{"damage":0,"enemies":"Maw","floor":49,"turns":3},{"damage":0,"enemies":"Giant Head","floor":50,"turns":3},{"damage":0,"enemies":"Donu and Deca","floor":52,"turns":4}],"seed_played":"4019884299975835474","potions_obtained":[{"floor":11,"key":"FearPotion"},{"floor":12,"key":"Fire Potion"},{"floor":13,"key":"Adrenaline Potion"},{"floor":33,"key":"Elixir"},{"floor":36,"key":"Flashbang"},{"floor":39,"key":"Energy Potion"}],"is_trial":false,"path_per_floor":["M","M","?","M","?","E","R","M","T","E","M","E","M","E","R","B",null,"M","?","M","M","M","E","$","?","MIM","R","E","M","E","M","R","B",null,"M","M","M","?","?","R","E","PTL","PTL","M","T","E","$","M","M","E","R","B",null],"character_chosen":"DEFECT","items_purchased":["MealTicket","CeramicFish","MostiFishMod:MusicBox","ReplayTheSpireMod:Shallot"],"campfire_rested":1,"item_purchase_floors":[24,24,24,47],"current_hp_per_floor":[68,68,68,68,68,63,63,63,63,63,58,58,58,38,50,50,69,69,69,57,49,46,21,21,21,21,58,37,13,13,15,33,17,61,67,58,60,51,53,74,74,74,74,75,75,47,62,75,75,75,75,75],"gold":905,"neow_bonus":"NOSTALGIA","is_daily":false,"chose_seed":false,"campfire_upgraded":5,"win_rate":0.0,"timestamp":1610184009,"path_taken":["M","?","?","M","?","E","R","M","T","E","M","E","M","E","R","BOSS","M","?","M","M","M","E","$","?","MIM","R","E","?","E","M","R","BOSS","M","M","M","?","?","R","E","PTL","PTL","?","T","E","$","M","?","E","R","BOSS"],"items_purchased_type":["Relic","Relic","Card","Relic"],"build_version":"2020-12-22","purchased_purges":2,"victory":true,"max_hp_per_floor":[75,75,75,75,75,75,75,75,75,75,75,75,75,75,75,75,75,75,75,75,75,75,75,75,75,75,75,75,75,75,75,75,75,75,75,75,75,75,75,75,75,75,75,75,75,75,75,75,75,75,75,75],"card_choices":[{"not_picked":["Streamline","Conserve Battery"],"picked":"Coolheaded","floor":1},{"not_picked":["ReplayTheSpireMod:System Scan","Tempest","BasicCrystalCard","Sweeping Beam"],"picked":"FIFO Queue","floor":2},{"not_picked":["CrushJoints","Halt","Stack","Crescendo"],"picked":"ReplayGash","floor":4},{"not_picked":["Biased Cognition","Recycle","BowlingBash","Reprogram"],"picked":"Gash","floor":6},{"not_picked":["EmptyFist","Sweeping Beam","Compile Driver","Panic Button"],"picked":"FTL","floor":8},{"not_picked":["Fusion","Leap","MostiFishMod:DeathFromBelow","Storm"],"picked":"Coolheaded","floor":10},{"not_picked":["ReplaySolidLightProjector","EmptyFist","FollowUp","Redo"],"picked":"ForeignInfluence","floor":11},{"not_picked":["Conserve Battery","Doom and Gloom","Capacitor","FollowUp"],"picked":"Turbo","floor":12},{"not_picked":["Barrage","MostiFishMod:PushDownKick","Reaper","Redo"],"picked":"ReplaySort","floor":13},{"not_picked":["Hologram","Time Bomb","Sweeping Beam","Conserve Battery"],"picked":"White Noise","floor":14},{"not_picked":["hubris:DoWhile","Biased Cognition","Thunder Strike","ReplayTheSpireMod:Omega Cannon"],"picked":"Ragnarok","floor":16},{"not_picked":["Cold Snap+1","Glacier","BasicCrystalCard","Go for the Eyes+1"],"picked":"FTL","floor":18},{"not_picked":["Melter","Steam+1","Cold Snap","Panic Button"],"picked":"Go for the Eyes+1","floor":20},{"not_picked":["Panic Button","Hologram+1","ReplayTheSpireMod:System Scan+1","Capacitor"],"picked":"Loop","floor":21},{"not_picked":["Conserve Battery","Rebound","Steam+1","Barrage"],"picked":"Seek","floor":22},{"not_picked":["Redo","Time Bomb","Barrage","Streamline","MostiFishMod:ReprogramOld+1"],"picked":"SKIP","floor":23},{"not_picked":["Leap","Go for the Eyes","Ball Lightning","Barrage"],"picked":"MostiFishMod:GatherIntelligence","floor":26},{"not_picked":["Chaos","MostiFishMod:ReprogramOld","Creative AI","MostiFishMod:FluxCapactior"],"picked":"Leap+1","floor":28},{"not_picked":["Steam","Streamline","aspiration:Polymerization","Compile Driver+1"],"picked":"Stack+1","floor":29},{"not_picked":["Sweeping Beam","aspiration:Polymerization","Leap","Stack"],"picked":"Coolheaded","floor":30},{"not_picked":["Rip and Tear","Beam Cell","Recycle","Go for the Eyes+1"],"picked":"Gash","floor":31},{"not_picked":["Reboot","Seek","MostiFishMod:Hijack","Fission"],"picked":"All For One","floor":33},{"not_picked":["Redo+1","Reprogram","Barrage+1","Force Field+1"],"picked":"White Noise","floor":35},{"not_picked":["Time Bomb+1","Reprogram","Cold Snap+1","Hologram","Rebound"],"picked":"SKIP","floor":36},{"not_picked":["Steam+1","Leap+1","Sweeping Beam","Turbo"],"picked":"ReplayTheSpireMod:Fabricate Wheel","floor":37},{"not_picked":["Steam","MostiFishMod:PushDownKick","Capacitor+1","Streamline"],"picked":"Hologram+1","floor":39},{"not_picked":["Beam Cell","Conserve Battery","Crystallizer","Turbo+1"],"picked":"Heatsinks+1","floor":41},{"not_picked":["MostiFishMod:FluxCapactior+1","ReplaySort","Turbo","ReplayTheSpireMod:GoodbyeWorld+1"],"picked":"Chill","floor":44},{"not_picked":["Compile Driver","Redo+1","Self Repair","Rebound"],"picked":"Scrape+1","floor":44},{"not_picked":["Conserve Battery","Leap+1","Steam","MostiFishMod:LinkProtocol+1"],"picked":"MostiFishMod:Nova","floor":46},{"not_picked":["Conserve Battery+1","MostiFishMod:PushDownKick+1","ReplaySolidLightProjector","ReplayTheSpireMod:GoodbyeWorld+1","Compile Driver"],"picked":"SKIP","floor":48},{"not_picked":["BasicCrystalCard","Compile Driver+1","Steam","Redo","Auto Shields"],"picked":"SKIP","floor":48},{"not_picked":["MostiFishMod:FluxCapactior","Stack","Coolheaded","Barrage"],"picked":"Glacier+1","floor":49},{"not_picked":["Double Energy+1","Panic Button+1","Leap","Force Field+1"],"picked":"Storm+1","floor":49},{"not_picked":["Mirror Shield","MostiFishMod:FluxCapactior","Recycle","Steam","Reprogram"],"picked":"SKIP","floor":50}],"player_experience":251901,"relics_obtained":[{"floor":1,"key":"SynthV:TestCard"},{"floor":5,"key":"Ring of Misfortune"},{"floor":6,"key":"Replay:Baseball"},{"floor":9,"key":"Kunai"},{"floor":10,"key":"Vajra"},{"floor":12,"key":"Eternal Feather"},{"floor":14,"key":"Replay:Antivirus Software"},{"floor":23,"key":"ReplayTheSpireMod:TigerMarble"},{"floor":26,"key":"Carrot"},{"floor":28,"key":"DataDisk"},{"floor":30,"key":"Solar Panel"},{"floor":39,"key":"Pondfish Scales"},{"floor":41,"key":"Garlic"},{"floor":45,"key":"Bag of Preparation"},{"floor":46,"key":"hubris:BundleOfHerbs"},{"floor":50,"key":"hubris:Reverence"}],"event_choices":[{"damage_healed":0,"gold_gain":0,"player_choice":"Embrace Madness","damage_taken":9,"max_hp_gain":0,"max_hp_loss":0,"event_name":"Winding Halls","floor":38,"gold_loss":0,"cards_obtained":["Madness","Madness"]},{"damage_healed":0,"gold_gain":0,"player_choice":"Fight","damage_taken":0,"max_hp_gain":0,"max_hp_loss":0,"event_name":"MindBloom","floor":39,"gold_loss":0}],"is_beta":false,"boss_relics":[{"not_picked":["Velvet Choker","aspiration:IroncladSkillbook"],"picked":"RhineCircuit"},{"not_picked":["MoonlightInvasionPlan","ExusiaiGun"],"picked":"MostiFishMod:Hod"}],"items_purged_floors":[24,47],"is_endless":false,"potions_floor_spawned":[11,12,13,14,16,21,29,30,33,36,39,44,49],"ascension_level":9}}