{"host":"kh6fvhxn285ncg0o","time":1610180473,"event":{"mods":["Act Like it!","BaseMod","Colored Map","Friendly Minions","Keyboard Shortcuts","Minty Spire (QoL Compilation)","Quick Restart","Relic Stats","StSLib","SuperFastMode"],"gold_per_floor":[163,163,163,182,18,53,65,65,115,142,50,50,62,86,86,163,163,175,194,194,37,52,52,65,94,94,94,19,34,47,64,64,141,141,155,208,45,45,56,90,90,125,125,125,135,135,85,101,101,101,101,101,101,51,85,85],"floor_reached":57,"playtime":2812,"items_purged":["Strike_R","Strike_R","Strike_R"],"score":2805,"play_id":"89c693e8-dc74-4c7e-aa10-5208ff08541c","local_time":"20210109172113","is_ascension_mode":true,"campfire_choices":[{"floor":8.0,"key":"REST"},{"floor":12.0,"key":"REST"},{"data":"Armaments","floor":15.0,"key":"SMITH"},{"floor":23.0,"key":"REST"},{"floor":32.0,"key":"REST"},{"floor":41.0,"key":"RECALL"},{"floor":44.0,"key":"REST"},{"floor":49.0,"key":"REST"},{"floor":53.0,"key":"REST"}],"circlet_count":0,"master_deck":["AscendersBane","Defend_R","Defend_R","Defend_R","Defend_R","Bash+1","Shrug It Off","Armaments+1","Wild Strike","Feed","Second Wind","Feel No Pain","Uppercut","Barricade","Warcry+1","Evolve","Immolate","Seeing Red","Disarm","Reckless Charge","Shockwave","Body Slam","Dark Embrace","Exhume","Pommel Strike+1","Rage"],"relics":["Tiny House","Red Skull","Toy Ornithopter","Vajra","Smiling Mask","Odd Mushroom","Fusion Hammer","Orrery","Pear","SlaversCollar","Lizard Tail","Centennial Puzzle","Pen Nib","Incense Burner","Bronze Scales"],"acts_visited":["Exordium","TheCity","TheBeyond","TheEnding"],"potions_floor_usage":[56,56],"damage_taken":[{"damage":15.0,"enemies":"Small Slimes","floor":1.0,"turns":5.0},{"damage":2.0,"enemies":"Jaw Worm","floor":4.0,"turns":4.0},{"damage":55.0,"enemies":"Gremlin Nob","floor":6.0,"turns":4.0},{"damage":0.0,"enemies":"Cultist","floor":7.0,"turns":3.0},{"damage":25.0,"enemies":"Lagavulin","floor":10.0,"turns":4.0},{"damage":9.0,"enemies":"Exordium Thugs","floor":13.0,"turns":4.0},{"damage":14.0,"enemies":"The Mushroom Lair","floor":14.0,"turns":4.0},{"damage":17.0,"enemies":"Hexaghost","floor":16.0,"turns":8.0},{"damage":17.0,"enemies":"Shell Parasite","floor":18.0,"turns":7.0},{"damage":26.0,"enemies":"Spheric Guardian","floor":19.0,"turns":7.0},{"damage":0.0,"enemies":"Cultist and Chosen","floor":22.0,"turns":6.0},{"damage":18.0,"enemies":"Shelled Parasite and Fungi","floor":24.0,"turns":5.0},{"damage":11.0,"enemies":"Book of Stabbing","floor":25.0,"turns":6.0},{"damage":0.0,"enemies":"3 Cultists","floor":29.0,"turns":3.0},{"damage":9.0,"enemies":"Chosen and Byrds","floor":30.0,"turns":7.0},{"damage":21.0,"enemies":"Cultist and Chosen","floor":31.0,"turns":7.0},{"damage":56.0,"enemies":"Collector","floor":33.0,"turns":12.0},{"damage":13.0,"enemies":"3 Shapes","floor":35.0,"turns":11.0},{"damage":88.0,"enemies":"2 Orb Walkers","floor":36.0,"turns":6.0},{"damage":15.0,"enemies":"Orb Walker","floor":39.0,"turns":4.0},{"damage":32.0,"enemies":"Reptomancer","floor":40.0,"turns":7.0},{"damage":15.0,"enemies":"Nemesis","floor":42.0,"turns":12.0},{"damage":38.0,"enemies":"Transient","floor":45.0,"turns":6.0},{"damage":0.0,"enemies":"Maw","floor":48.0,"turns":9.0},{"damage":31.0,"enemies":"Awakened One","floor":50.0,"turns":13.0},{"damage":24.0,"enemies":"Donu and Deca","floor":51.0,"turns":11.0},{"damage":128,"enemies":"Shield and Spear","floor":55,"turns":13},{"damage":7,"enemies":"The Heart","floor":56,"turns":9}],"seed_played":"-7290214716136319092","potions_obtained":[{"floor":0.0,"key":"LiquidBronze"},{"floor":1.0,"key":"LiquidBronze"},{"floor":7.0,"key":"GamblersBrew"},{"floor":19.0,"key":"Energy Potion"},{"floor":22.0,"key":"SneckoOil"},{"floor":25.0,"key":"Fire Potion"},{"floor":33.0,"key":"SpeedPotion"},{"floor":35.0,"key":"ColorlessPotion"},{"floor":39.0,"key":"Strength Potion"},{"floor":40.0,"key":"DuplicationPotion"}],"is_trial":false,"path_per_floor":["M","?","?","M","$","E","M","R","T","E","$","R","M","?","R","B",null,"M","M","?","$","M","R","M","E","T","?","?","M","M","M","R","B",null,"M","?","$","?","M","E","R","E","T","R","M","?","$","M","R","B","B",null,"R","$","E","B",null],"character_chosen":"IRONCLAD","items_purchased":["Red Skull","Uppercut","Orrery","Centennial Puzzle"],"campfire_rested":7,"item_purchase_floors":[5,11,21,37],"current_hp_per_floor":[58,63,63,61,61,6,6,31,31,6,6,31,31,20,20,12,75,62,39,39,39,43,75,60,67,67,67,67,75,69,52,91,35,109,108,29,29,29,14,64,64,53,53,98,60,60,60,64,110,82,62,138,163,163,39,42],"gold":85,"neow_bonus":"BOSS_RELIC","is_daily":false,"chose_seed":false,"campfire_upgraded":1,"win_rate":0.0,"timestamp":1610180473,"path_taken":["M","?","?","?","$","E","M","R","T","E","?","R","M","?","R","BOSS","M","M","?","$","M","R","M","E","T","?","?","M","M","M","R","BOSS","M","?","$","?","M","E","R","E","T","R","M","?","$","?","R","BOSS","BOSS","R","$","E","BOSS"],"items_purchased_type":["Relic","Card","Relic","Relic"],"build_version":"2020-12-22","purchased_purges":3,"victory":true,"max_hp_per_floor":[80,85,85,85,85,85,85,85,85,85,85,85,89,92,92,96,96,100,103,103,103,107,107,110,123,123,123,123,126,129,133,133,133,133,140,144,144,144,144,148,148,152,152,152,152,152,152,156,156,159,163,163,163,163,167,167],"relic_stats":{"Lizard Tail":72,"Centennial Puzzle":[24],"counters":[28,197],"Bronze Scales":[141],"Pen Nib":[14],"Smiling Mask":150,"obtain_stats":[{"Tiny House":0,"Pear":25,"Vajra":9,"Pen Nib":40,"Incense Burner":42,"Odd Mushroom":14,"Smiling Mask":10,"Burning Blood":0,"SlaversCollar":34,"Lizard Tail":36,"Centennial Puzzle":37,"Bronze Scales":55,"Orrery":21,"Fusion Hammer":17,"Red Skull":5,"Toy Ornithopter":6},{"Tiny House":0,"Pear":13,"Vajra":4,"Pen Nib":21,"Incense Burner":22,"Odd Mushroom":7,"Smiling Mask":5,"Burning Blood":0,"SlaversCollar":17,"Lizard Tail":19,"Centennial Puzzle":19,"Bronze Scales":27,"Orrery":10,"Fusion Hammer":8,"Red Skull":2,"Toy Ornithopter":3},{"Tiny House":0,"Pear":67,"Vajra":16,"Pen Nib":124,"Incense Burner":136,"Odd Mushroom":28,"Smiling Mask":20,"Burning Blood":0,"SlaversCollar":96,"Lizard Tail":113,"Centennial Puzzle":113,"Bronze Scales":188,"Orrery":50,"Fusion Hammer":36,"Red Skull":9,"Toy Ornithopter":13}],"Toy Ornithopter":45},"card_choices":[{"not_picked":["Rampage","Armaments"],"picked":"Shrug It Off","floor":0.0},{"not_picked":["True Grit","Ghostly Armor"],"picked":"Armaments","floor":1.0},{"not_picked":["Pommel Strike","True Grit"],"picked":"Feed","floor":4.0},{"not_picked":["Iron Wave","Reckless Charge","Sentinel"],"picked":"SKIP","floor":6.0},{"not_picked":["Feel No Pain","Perfected Strike"],"picked":"Second Wind","floor":7.0},{"not_picked":["Reckless Charge","Perfected Strike"],"picked":"Feel No Pain","floor":10.0},{"not_picked":["Armaments","Blood for Blood","Headbutt"],"picked":"SKIP","floor":13.0},{"not_picked":["Impervious","Juggernaut"],"picked":"Barricade","floor":16.0},{"not_picked":["Perfected Strike","Whirlwind"],"picked":"Warcry+1","floor":18.0},{"not_picked":["Sentinel","Perfected Strike","Headbutt"],"picked":"SKIP","floor":19.0},{"not_picked":["Dual Wield","True Grit"],"picked":"Evolve","floor":21.0},{"not_picked":["Dual Wield","Armaments+1"],"picked":"Immolate","floor":21.0},{"not_picked":["Armaments","Shrug It Off"],"picked":"Seeing Red","floor":21.0},{"not_picked":["Thunderclap","Metallicize"],"picked":"Intimidate+1","floor":21.0},{"not_picked":["Perfected Strike","Armaments","Heavy Blade"],"picked":"SKIP","floor":22.0},{"not_picked":["Clothesline","Dropkick"],"picked":"Disarm","floor":24.0},{"not_picked":["Limit Break","Carnage+1"],"picked":"Reckless Charge","floor":25.0},{"not_picked":["Wild Strike","Heavy Blade"],"picked":"Body Slam","floor":29.0},{"not_picked":["Ghostly Armor","Intimidate","Thunderclap"],"picked":"SKIP","floor":30.0},{"not_picked":["Infernal Blade+1","Sword Boomerang"],"picked":"Dark Embrace","floor":31.0},{"not_picked":["Barricade","Immolate"],"picked":"Exhume","floor":33.0},{"not_picked":["Shrug It Off+1","Thunderclap","Twin Strike"],"picked":"SKIP","floor":35.0},{"not_picked":["Shrug It Off","Rage","Havoc"],"picked":"SKIP","floor":39.0},{"not_picked":["Pummel","Anger"],"picked":"Pommel Strike+1","floor":40.0},{"not_picked":["Armaments+1","Disarm","Flame Barrier+1"],"picked":"SKIP","floor":42.0},{"not_picked":["Feed","Pommel Strike","Rampage"],"picked":"SKIP","floor":45.0},{"not_picked":["Warcry","Body Slam","Reckless Charge"],"picked":"SKIP","floor":48.0},{"not_picked":["Perfected Strike+1","Armaments"],"picked":"Rage","floor":55}],"player_experience":3392399,"relics_obtained":[{"floor":6.0,"key":"Toy Ornithopter"},{"floor":9.0,"key":"Vajra"},{"floor":10.0,"key":"Smiling Mask"},{"floor":14.0,"key":"Odd Mushroom"},{"floor":25.0,"key":"Pear"},{"floor":36.0,"key":"Lizard Tail"},{"floor":40.0,"key":"Pen Nib"},{"floor":42.0,"key":"Incense Burner"},{"floor":55,"key":"Bronze Scales"}],"event_choices":[{"damage_healed":0.0,"max_hp_gain":5.0,"max_hp_loss":0.0,"gold_gain":0.0,"event_name":"Big Fish","player_choice":"Donut","floor":2.0,"gold_loss":0.0,"damage_taken":0.0},{"damage_healed":0.0,"max_hp_gain":0.0,"max_hp_loss":0.0,"gold_gain":0.0,"cards_transformed":["Strike_R"],"event_name":"Transmorgrifier","player_choice":"Transformed","floor":3.0,"gold_loss":0.0,"damage_taken":0.0,"cards_obtained":["Wild Strike"]},{"damage_healed":0.0,"max_hp_gain":0.0,"max_hp_loss":0.0,"gold_gain":0.0,"event_name":"Mushrooms","player_choice":"Fought Mushrooms","floor":14.0,"gold_loss":0.0,"damage_taken":0.0},{"damage_healed":0.0,"max_hp_gain":0.0,"max_hp_loss":0.0,"gold_gain":0.0,"event_name":"The Mausoleum","player_choice":"Ignored","floor":20.0,"gold_loss":0.0,"damage_taken":0.0},{"damage_healed":0.0,"max_hp_gain":0.0,"max_hp_loss":0.0,"gold_gain":0.0,"event_name":"The Library","player_choice":"Read","floor":27.0,"gold_loss":0.0,"damage_taken":0.0,"cards_obtained":["Shockwave"]},{"cards_removed":["Strike_R"],"damage_healed":0.0,"max_hp_gain":0.0,"max_hp_loss":0.0,"gold_gain":0.0,"event_name":"Beggar","player_choice":"Gave Gold","floor":28.0,"gold_loss":75.0,"damage_taken":0.0},{"damage_healed":0.0,"max_hp_gain":0.0,"max_hp_loss":0.0,"gold_gain":0.0,"event_name":"Mysterious Sphere","player_choice":"Fight","floor":36.0,"gold_loss":0.0,"damage_taken":0.0},{"cards_removed":["Intimidate"],"damage_healed":0.0,"max_hp_gain":0.0,"max_hp_loss":0.0,"gold_gain":0.0,"event_name":"Falling","player_choice":"Removed Skill","floor":38.0,"gold_loss":0.0,"damage_taken":0.0},{"damage_healed":0.0,"max_hp_gain":0.0,"max_hp_loss":0.0,"gold_gain":0.0,"event_name":"SecretPortal","player_choice":"Ignored","floor":46.0,"gold_loss":0.0,"damage_taken":0.0}],"is_beta":false,"boss_relics":[{"not_picked":["Calling Bell","Velvet Choker"],"picked":"Fusion Hammer"},{"not_picked":["Black Star","Cursed Key"],"picked":"SlaversCollar"}],"items_purged_floors":[11,47,54],"is_endless":false,"potions_floor_spawned":[1,4,7,19,22,24,25,33,35,39,40,42,45],"ascension_level":20}}