{"host":"mydft8i2zzydgggw","time":1610204594,"event":{"mods":["AchievementEnabler","BaseMod","BetterRewards","Colored Map","Colored Powertips","DeckTracker","Keyboard Shortcuts","Minty Spire (QoL Compilation)","Quick Restart","Rare Cards Sparkle","StSLib","SuperFastMode","The Poker Player","everything is the same but u backflip on backflip"],"gold_per_floor":[110,35,35,110,126,126,146,146,146,146,162,177,28,58,58,163,163,175,250,266,279,33,33,33],"floor_reached":23,"playtime":572,"items_purged":["Strike_R","Strike_R"],"score":220,"play_id":"f46d3011-bb8c-45f0-a323-af846bfb49fc","local_time":"20210110000314","is_ascension_mode":true,"campfire_choices":[{"data":"Impervious","floor":6.0,"key":"SMITH"},{"data":"Shrug It Off","floor":8.0,"key":"SMITH"},{"floor":10.0,"key":"REST"},{"floor":15.0,"key":"REST"}],"circlet_count":0,"master_deck":["Strike_R","Strike_R","Strike_R","Defend_R","Defend_R","Defend_R","Defend_R","Bash","Impervious+1","Shrug It Off+1","Body Slam","PanicButton"],"relics":["Burning Blood","Sundial","Singing Bowl","Medical Kit","Shovel","Runic Cube"],"acts_visited":["Exordium","TheCity"],"potions_floor_usage":[20,23,23],"damage_taken":[{"damage":0.0,"enemies":"2 Louse","floor":1.0,"turns":3.0},{"damage":0.0,"enemies":"Small Slimes","floor":5.0,"turns":5.0},{"damage":11.0,"enemies":"Jaw Worm","floor":7.0,"turns":4.0},{"damage":5.0,"enemies":"2 Fungi Beasts","floor":11.0,"turns":4.0},{"damage":10.0,"enemies":"Gremlin Gang","floor":12.0,"turns":5.0},{"damage":48.0,"enemies":"Gremlin Nob","floor":14.0,"turns":6.0},{"damage":42.0,"enemies":"Slime Boss","floor":16.0,"turns":15.0},{"damage":35,"enemies":"3 Byrds","floor":18,"turns":8},{"damage":19,"enemies":"Shell Parasite","floor":20,"turns":6},{"damage":39,"enemies":"Snake Plant","floor":21,"turns":9},{"damage":65,"enemies":"Slavers","floor":23,"turns":7}],"seed_played":"5390279689798199270","potions_obtained":[{"floor":7.0,"key":"LiquidBronze"},{"floor":12.0,"key":"GamblersBrew"},{"floor":14.0,"key":"EntropicBrew"},{"floor":18,"key":"PowerPotion"},{"floor":21,"key":"Regen Potion"}],"is_trial":false,"path_per_floor":["M","$","?","?","M","R","M","R","T","R","M","M","$","E","R","B",null,"M","?","M","M","$","E"],"character_chosen":"IRONCLAD","items_purchased":["Medical Kit","PanicButton","SpeedPotion"],"campfire_rested":2,"item_purchase_floors":[13,22,22],"current_hp_per_floor":[62,62,50,39,45,45,40,40,40,64,65,63,63,23,48,14,86,59,51,40,9,9,0,0],"gold":33,"neow_bonus":"THREE_RARE_CARDS","is_daily":false,"chose_seed":false,"campfire_upgraded":2,"win_rate":0.0,"timestamp":1610204594,"path_taken":["M","$","?","?","M","R","M","R","T","R","M","M","?","E","R","BOSS","M","?","?","M","$","E"],"items_purchased_type":["Relic","Card","Potion"],"build_version":"2020-12-22","purchased_purges":2,"victory":false,"max_hp_per_floor":[80,80,80,80,80,80,80,80,80,80,80,82,82,84,84,86,86,88,88,90,92,92,92,92],"card_choices":[{"not_picked":["Brutality","Limit Break"],"picked":"Impervious","floor":0.0},{"not_picked":["Seeing Red","Perfected Strike"],"picked":"Shrug It Off","floor":1.0},{"not_picked":["Dual Wield","Metallicize","Entrench"],"picked":"SKIP","floor":5.0},{"not_picked":["Heavy Blade","Combust","Carnage"],"picked":"SKIP","floor":7.0},{"not_picked":["Twin Strike","Anger"],"picked":"Body Slam","floor":11.0},{"not_picked":["Infernal Blade","Heavy Blade","Warcry"],"picked":"Singing Bowl","floor":12.0},{"not_picked":["Thunderclap","Reckless Charge","Double Tap"],"picked":"Singing Bowl","floor":14.0},{"not_picked":["Berserk","Bludgeon","Feed"],"picked":"Singing Bowl","floor":16.0},{"not_picked":["Cleave","Havoc","Flex+1"],"picked":"Singing Bowl","floor":18},{"not_picked":["Offering","Battle Trance","Bloodletting"],"picked":"Singing Bowl","floor":20},{"not_picked":["Cleave","Shockwave+1","Dropkick"],"picked":"Singing Bowl","floor":21}],"player_experience":161631,"relics_obtained":[{"floor":9.0,"key":"Singing Bowl"},{"floor":14.0,"key":"Shovel"}],"event_choices":[{"damage_healed":0.0,"max_hp_gain":0.0,"max_hp_loss":0.0,"gold_gain":0.0,"event_name":"Scrap Ooze","player_choice":"Success","floor":3.0,"gold_loss":0.0,"damage_taken":12.0,"relics_obtained":["Sundial"]},{"damage_healed":0.0,"max_hp_gain":0.0,"max_hp_loss":0.0,"gold_gain":75.0,"event_name":"World of Goop","player_choice":"Gather Gold","floor":4.0,"gold_loss":0.0,"damage_taken":11.0},{"damage_healed":0,"gold_gain":75,"player_choice":"Touch","damage_taken":8,"max_hp_gain":0,"max_hp_loss":0,"event_name":"FaceTrader","floor":19,"gold_loss":0}],"is_beta":false,"boss_relics":[{"not_picked":["Coffee Dripper","Fusion Hammer"],"picked":"Runic Cube"}],"items_purged_floors":[2,22],"is_endless":false,"potions_floor_spawned":[7,12,14,18,21],"killed_by":"Slavers","ascension_level":3}}