{"host":"fxrgx7wt2cpkbhka","time":1610168442,"event":{"mods":["AchievementEnabler","BaseMod","Colored Powertips","Minty Spire (QoL Compilation)","Permanent Neow","Slay-I","StSLib","Waifu the Spire"],"gold_per_floor":[112,112,128,82,96,125,125,153,153,188,188,188,206,129,129,200,200,217,217,217,233,80,80,107,107,157,168,168,192,192,192,192,264,264,281,36,50,50,70,70,88,88,169,169,216,232,243,243,243,243,243,243,68,97,97,97],"floor_reached":55,"playtime":1918,"items_purged":["Strike_B"],"score":1157,"play_id":"96f70de5-8c00-48d5-a94c-95301bb32607","local_time":"20210108210042","is_ascension_mode":true,"campfire_choices":[{"floor":7,"key":"REST"},{"floor":11,"key":"REST"},{"data":"Defragment","floor":15,"key":"SMITH"},{"data":"Consume","floor":23,"key":"SMITH"},{"data":"Seek","floor":25,"key":"SMITH"},{"data":"Electrodynamics","floor":28,"key":"SMITH"},{"data":"Chill","floor":30,"key":"SMITH"},{"floor":32,"key":"REST"},{"data":"Apotheosis","floor":40,"key":"SMITH"},{"floor":42,"key":"RECALL"},{"data":"Storm","floor":44,"key":"SMITH"},{"floor":49,"key":"REST"},{"floor":52,"key":"REST"}],"circlet_count":0,"master_deck":["AscendersBane","Strike_B","Strike_B","Strike_B","Defend_B","Defend_B","Defend_B","Defend_B","Zap","Dualcast+1","Hello World","Ball Lightning","Rip and Tear","Auto Shields","Seek+1","Consume+1","Defragment+1","Electrodynamics+1","Cold Snap","Leap","Chill+1","Self Repair","Storm+1","Apotheosis+1","Defragment+1","Echo Form","Dark Shackles","Capacitor","Leap","Biased Cognition"],"relics":["Cracked Core","HornCleat","Oddly Smooth Stone","Symbiotic Virus","Velvet Choker","Shuriken","DataDisk","Emotion Chip","Bronze Scales","Regal Pillow","Inserter","Gremlin Horn","Torii","StrikeDummy"],"acts_visited":["Exordium","TheCity","TheBeyond","TheEnding"],"potions_floor_usage":[16,16,18,33,41],"damage_taken":[{"damage":0,"enemies":"2 Louse","floor":1,"turns":2},{"damage":1,"enemies":"Cultist","floor":3,"turns":3},{"damage":5,"enemies":"Small Slimes","floor":5,"turns":4},{"damage":32,"enemies":"Gremlin Nob","floor":6,"turns":4},{"damage":18,"enemies":"Lagavulin","floor":8,"turns":6},{"damage":32,"enemies":"3 Sentries","floor":10,"turns":8},{"damage":6,"enemies":"2 Fungi Beasts","floor":13,"turns":3},{"damage":0,"enemies":"Hexaghost","floor":16,"turns":9},{"damage":18,"enemies":"Spheric Guardian","floor":18,"turns":4},{"damage":6,"enemies":"3 Byrds","floor":21,"turns":4},{"damage":12,"enemies":"Gremlin Leader","floor":24,"turns":5},{"damage":2,"enemies":"Shelled Parasite and Fungi","floor":27,"turns":2},{"damage":22,"enemies":"Automaton","floor":33,"turns":8},{"damage":0,"enemies":"3 Darklings","floor":35,"turns":3},{"damage":0,"enemies":"3 Shapes","floor":37,"turns":5},{"damage":13,"enemies":"Jaw Worm Horde","floor":39,"turns":3},{"damage":6,"enemies":"Maw","floor":41,"turns":5},{"damage":7,"enemies":"2 Orb Walkers","floor":45,"turns":3},{"damage":0,"enemies":"Sphere and 2 Shapes","floor":46,"turns":2},{"damage":0,"enemies":"Jaw Worm Horde","floor":47,"turns":3},{"damage":57,"enemies":"Awakened One","floor":50,"turns":10},{"damage":60,"enemies":"Shield and Spear","floor":54,"turns":5},{"damage":121,"enemies":"The Heart","floor":55,"turns":6}],"seed_played":"6200593213789552217","potions_obtained":[{"floor":1,"key":"EntropicBrew"},{"floor":2,"key":"Strength Potion"},{"floor":18,"key":"Fruit Juice"},{"floor":33,"key":"DuplicationPotion"},{"floor":35,"key":"Regen Potion"},{"floor":39,"key":"FairyPotion"},{"floor":41,"key":"Fruit Juice"},{"floor":45,"key":"SpeedPotion"}],"is_trial":false,"path_per_floor":["M","?","M","$","M","E","R","E","T","E","R","?","M","$","R","B",null,"M","?","?","M","$","R","E","R","T","M","R","T","R","?","R","B",null,"M","$","M","?","M","R","M","R","T","R","?","M","M","?","R","B",null,"R","$","E","B"],"character_chosen":"DEFECT","items_purchased":["Ball Lightning","Defragment","DataDisk","Storm","Apotheosis","Capacitor","Leap"],"campfire_rested":5,"item_purchase_floors":[4,14,22,36,36,53,53],"current_hp_per_floor":[68,68,67,67,62,30,52,34,34,2,24,24,18,18,18,18,61,48,48,48,42,42,42,30,30,30,28,28,28,28,28,67,45,71,71,71,78,78,65,65,64,64,64,64,57,57,57,57,85,38,73,85,85,35,0,0],"gold":97,"neow_bonus":"UPGRADE_CARD","is_daily":false,"chose_seed":false,"campfire_upgraded":7,"win_rate":0.0,"timestamp":1610168442,"path_taken":["M","?","M","$","?","E","R","E","T","E","R","?","M","$","R","BOSS","M","?","?","M","?","R","E","R","T","M","R","?","R","?","R","BOSS","M","?","M","?","?","R","M","R","T","R","?","M","M","?","R","BOSS","R","$","E","BOSS"],"items_purchased_type":["Card","Card","Relic","Card","Card","Card","Card"],"build_version":"2020-12-22","purchased_purges":1,"victory":false,"max_hp_per_floor":[75,75,75,75,75,75,75,75,75,75,75,75,75,75,75,75,75,80,80,80,80,80,80,80,80,80,80,80,80,80,80,80,80,80,80,80,80,80,80,80,85,85,85,85,85,85,85,85,85,85,85,85,85,85,85,85],"card_choices":[{"not_picked":["Static Discharge","Compile Driver"],"picked":"Hello World","floor":1},{"not_picked":["Redo","Compile Driver","Scrape"],"picked":"SKIP","floor":3},{"not_picked":["Coolheaded","Beam Cell"],"picked":"Rip and Tear","floor":5},{"not_picked":["Aggregate","Coolheaded"],"picked":"Auto Shields","floor":6},{"not_picked":["Beam Cell","Stack"],"picked":"Seek","floor":8},{"not_picked":["Steam","Stack","Rip and Tear"],"picked":"SKIP","floor":10},{"not_picked":["Hello World","Loop"],"picked":"Consume","floor":13},{"not_picked":["Core Surge","All For One"],"picked":"Electrodynamics","floor":16},{"not_picked":["Coolheaded","Gash"],"picked":"Cold Snap","floor":18},{"not_picked":["Stack","Melter"],"picked":"Leap","floor":21},{"not_picked":["Melter","Stack","Steam"],"picked":"SKIP","floor":24},{"not_picked":["Compile Driver","Go for the Eyes"],"picked":"Chill","floor":27},{"not_picked":["Compile Driver","Redo"],"picked":"Self Repair","floor":35},{"not_picked":["Gash","Sweeping Beam","FTL"],"picked":"SKIP","floor":37},{"not_picked":["Turbo","Blizzard+1","Defragment"],"picked":"SKIP","floor":39},{"not_picked":["Force Field","Barrage"],"picked":"Echo Form","floor":41},{"not_picked":["Sweeping Beam+1","Conserve Battery+1","Leap"],"picked":"SKIP","floor":46},{"not_picked":["Storm+1","Scrape+1","Sweeping Beam"],"picked":"SKIP","floor":47},{"not_picked":["Deep Breath","Good Instincts"],"picked":"Dark Shackles","floor":48},{"not_picked":["Hyperbeam","Electrodynamics"],"picked":"Biased Cognition","floor":54}],"player_experience":693291,"relics_obtained":[{"floor":6,"key":"HornCleat"},{"floor":8,"key":"Oddly Smooth Stone"},{"floor":10,"key":"Symbiotic Virus"},{"floor":24,"key":"Emotion Chip"},{"floor":26,"key":"Bronze Scales"},{"floor":29,"key":"Regal Pillow"},{"floor":43,"key":"Gremlin Horn"},{"floor":45,"key":"Torii"},{"floor":54,"key":"StrikeDummy"}],"event_choices":[{"damage_healed":0,"gold_gain":0,"player_choice":"Got Potions","damage_taken":0,"max_hp_gain":0,"max_hp_loss":0,"event_name":"Lab","floor":2,"gold_loss":0},{"damage_healed":0,"gold_gain":0,"player_choice":"Ignored","damage_taken":0,"max_hp_gain":0,"max_hp_loss":0,"event_name":"Golden Idol","floor":12,"gold_loss":0},{"damage_healed":0,"gold_gain":0,"player_choice":"Opened","damage_taken":0,"relics_obtained":["Shuriken"],"max_hp_gain":0,"max_hp_loss":0,"event_name":"The Mausoleum","floor":19,"gold_loss":0,"cards_obtained":["Writhe"]},{"damage_healed":0,"gold_gain":0,"player_choice":"Ignored","damage_taken":0,"max_hp_gain":0,"max_hp_loss":0,"event_name":"Vampires","floor":20,"gold_loss":0},{"cards_removed":["Writhe"],"damage_healed":0,"gold_gain":0,"player_choice":"Purged","damage_taken":0,"max_hp_gain":0,"max_hp_loss":0,"event_name":"Purifier","floor":31,"gold_loss":0},{"damage_healed":0,"gold_gain":0,"player_choice":"Copied","damage_taken":0,"max_hp_gain":0,"max_hp_loss":0,"event_name":"Duplicator","floor":38,"gold_loss":0,"cards_obtained":["Defragment"]},{"damage_healed":0,"gold_gain":0,"player_choice":"Fight","damage_taken":0,"max_hp_gain":0,"max_hp_loss":0,"event_name":"Mysterious Sphere","floor":45,"gold_loss":0},{"damage_healed":0,"gold_gain":0,"player_choice":"Memory 1","damage_taken":0,"max_hp_gain":0,"max_hp_loss":0,"event_name":"SensoryStone","floor":48,"gold_loss":0}],"is_beta":false,"boss_relics":[{"not_picked":["Runic Dome","Fusion Hammer"],"picked":"Velvet Choker"},{"not_picked":["Pandora\u0027s Box","Snecko Eye"],"picked":"Inserter"}],"items_purged_floors":[53],"is_endless":false,"potions_floor_spawned":[1,5,6,8,16,18,33,35,39,41,45,54],"killed_by":"The Heart","ascension_level":13}}