{"host":"oeotdbd679q6m6vu","time":1610223287,"event":{"mods":["Act Like it!","BaseMod","Colored Map","Friendly Minions","Gensokyo","GifTheSpireLib","Highlight Path","HololiveMod","Kiyohime£®«Âºß£©","Lobotomy","Marisa£®ÏF”Í°°ƒß¿Ì…≥£©","Minty Spire (QoL Compilation)","Prisma Mod","READ ME - Guardian Mod","Rare Cards Sparkle","Reimu£®≤©¿ˆ¡È√Œ£©","StSLib","The Animator","Youmu£®ªÍ∆«—˝√Œ£©"],"gold_per_floor":[109,19,19,46,46,46,71,313,338,663,663,692,692,692,692,810,810,824,824],"floor_reached":18,"playtime":898,"items_purged":[],"score":170,"play_id":"b0e7f3b1-e9dc-4323-a194-f41ab6f93a33","local_time":"20210109151447","is_ascension_mode":false,"campfire_choices":[{"floor":6,"key":"RECALL"},{"floor":15,"key":"REST"}],"circlet_count":0,"master_deck":["Strike_MRS","Strike_MRS","Strike_MRS","Strike_MRS","Defend_MRS","Defend_MRS","Defend_MRS","Defend_MRS","MasterSpark","Robbery","LuminesStrike","Gensokyo:CrescentMoonSlash","AsteroidBelt","OortCloud","CasketOfStar","Clumsy","ManaRampage","AsteroidBelt"],"relics":["Fusion Hammer","Gensokyo:CelestialsFlawlessClothing","Lantern","Old Coin","Gensokyo:Companionship","Gensokyo:YoukaiFlower","Gensokyo:NagashiBinaDoll","Runic Pyramid"],"acts_visited":["Exordium","Gensokyo:Gensokyo"],"potions_floor_usage":[7,10,16],"damage_taken":[{"damage":6,"enemies":"Gensokyo:Python","floor":1,"turns":3},{"damage":6,"enemies":"Gensokyo:2_Kodama","floor":4,"turns":3},{"damage":7,"enemies":"Gensokyo:Gryphon","floor":7,"turns":3},{"damage":20,"enemies":"Gensokyo:Cirno","floor":8,"turns":6},{"damage":5,"enemies":"Gensokyo:Mamizou","floor":10,"turns":7},{"damage":4,"enemies":"Gensokyo:VengefulSpirit","floor":12,"turns":4},{"damage":9,"enemies":"Gensokyo:Yukari","floor":16,"turns":10},{"damage":21,"enemies":"Gensokyo:3_Dogs","floor":18,"turns":4}],"seed_played":"-1434665850072007004","potions_obtained":[{"floor":1,"key":"Strength Potion"},{"floor":4,"key":"Fruit Juice"},{"floor":10,"key":"MagicPotion:ReiMu"}],"is_trial":false,"path_per_floor":["M","COS","?","M","?","R","M","E","T","E","?","M","?","?","R","B",null,"M"],"character_chosen":"MARISA","items_purchased":[],"campfire_rested":1,"item_purchase_floors":[],"current_hp_per_floor":[69,69,51,45,34,34,32,12,12,7,7,3,3,3,27,18,80,59,59],"gold":824,"neow_bonus":"BOSS_RELIC","is_daily":false,"chose_seed":false,"campfire_upgraded":0,"win_rate":0.0,"timestamp":1610223287,"path_taken":["M","COS","?","M","?","R","M","E","T","E","?","?","?","?","R","BOSS","M"],"items_purchased_type":[],"build_version":"2020-12-22","purchased_purges":0,"victory":false,"max_hp_per_floor":[75,75,75,75,75,75,80,80,80,80,80,80,80,80,80,80,80,80,80],"card_choices":[{"not_picked":["WitchLeyline","ManaConvection"],"picked":"Robbery","floor":1},{"not_picked":["SprinkleStarSeal","DeepEcoloBomb"],"picked":"LuminesStrike","floor":4},{"not_picked":["DarkSpark","IllusionStar","SporeBomb"],"picked":"SKIP","floor":7},{"not_picked":["WitchLeyline","GalacticHalo"],"picked":"AsteroidBelt","floor":8},{"not_picked":["SuperPerseids","IllusionStar"],"picked":"OortCloud","floor":10},{"not_picked":["Acceleration","WitchLeyline"],"picked":"GrandCross","floor":12},{"not_picked":["JA","SuperNova"],"picked":"ManaRampage","floor":16},{"not_picked":["OneTimeOff","Acceleration+1"],"picked":"AsteroidBelt","floor":18}],"player_experience":329764,"relics_obtained":[{"floor":8,"key":"Lantern"},{"floor":10,"key":"Old Coin"}],"event_choices":[],"is_beta":false,"boss_relics":[{"not_picked":["Snecko Eye","Hololive_ChaosS"],"picked":"Runic Pyramid"}],"items_purged_floors":[],"is_endless":false,"potions_floor_spawned":[1,4,10],"killed_by":"Gensokyo:3_Dogs","ascension_level":0}}