{"host":"w1xj5yb993x94b3l","time":1610211754,"event":{"mods":["AchievementEnabler","Act Like it!","Aspiration","BaseMod","Beaked The Cultist","BetterRewards","CCEM","Clockwork Mod","Colored Powertips","Conspire","Downfall","Energized Spire","Friendly Minions","GifTheSpireLib","Glutton Mod","Halation","Hubris","Infinite Spire","Lobotomy","LobotomyExtend","Mad Scientist","Marisa????????","Minty Spire (QoL Compilation)","Relic Sorter","Replay The Spire","Slumbering Mod","Spikes Relics","StSLib","Stuff the Spire","The Bladedancer","The Construct","The Disciple","The Jungle","The Mystic","The Runesmith","The Sage","The Servant 0.9.4","Trackpad","vexMod"],"gold_per_floor":[99,115,125,141,141,155,155,430,430,440,35,51,51,69,80,179,179,179,191,101,101,86,86,86,11,11,31,61,61,91,111,124,228,228,228,240,253,263,283,308,308,308,358,145,156,166,177,211,136,234,234,234,254,269,281,17,52,52,83,58,58,58,70,70,99,116,220,220,220,233,233,247,257,257,257,273,331,331,341,13,13,26,45,143,143,143,157,175,75,75,75,101,201,212,227,244,1,12,12,32,127,127,127,147,167,177,177,177,208,208,208,208,228,228,248,260,273,370,370,370,390,407,425,100,100,129,161,161,111,111,111,111,128,145,145,145,145],"floor_reached":135,"playtime":17293,"items_purged":["Normality","StuffTheSpire:CuriosityCurse","Pain"],"score":3403,"play_id":"e2e8d327-71ec-4d54-acb3-25054c4a4498","local_time":"20210109180234","is_ascension_mode":true,"campfire_choices":[{"data":"Guardian:CompilePackage","floor":1.0,"key":"SMITH"},{"data":"Guardian:ShieldSpikes","floor":9.0,"key":"SMITH"},{"floor":13.0,"key":"REST"},{"data":"Guardian:ArmoredProtocol","floor":23.0,"key":"SMITH"},{"data":"Guardian:TwinSlam","floor":26.0,"key":"SMITH"},{"data":"Guardian:SphericShield","floor":35.0,"key":"SMITH"},{"floor":42.0,"key":"REST"},{"data":"beaked:HuntressSpirit","floor":49.0,"key":"SMITH"},{"data":"Guardian:BronzeArmor","floor":52.0,"key":"SMITH"},{"floor":61.0,"key":"REST"},{"data":"beaked:Windmill","floor":64.0,"key":"SMITH"},{"data":"Guardian:FuturePlans","floor":74,"key":"SMITH"},{"data":"blademaster:EyeOfTheTornado","floor":78,"key":"SMITH"},{"data":"beaked:TuckingFeathers","floor":86,"key":"SMITH"},{"data":"Guardian:Clone","floor":91,"key":"SMITH"},{"data":"beaked:Foresight","floor":103,"key":"SMITH"},{"data":"hubris:StunningStrike","floor":108,"key":"SMITH"},{"data":"infinitespire:UltimateForm","floor":111,"key":"SMITH"},{"data":"Engulf","floor":114,"key":"SMITH"},{"data":"Guardian:SphericShield","floor":120,"key":"SMITH"},{"data":"beaked:KnowThyFoe","floor":132,"key":"SMITH"}],"circlet_count":0,"master_deck":["Guardian:Strike_Guardian+1","Guardian:Strike_Guardian+1","Guardian:Strike_Guardian+1","Guardian:Strike_Guardian+1","Guardian:Defend_Guardian+1","Guardian:Defend_Guardian+1","Guardian:Defend_Guardian+1","Guardian:Defend_Guardian+1","Guardian:TwinSlam+1","Guardian:CompilePackage+1","Guardian:SphericShield+1","Guardian:Planning+1","Guardian:ShieldSpikes+1","Guardian:GuardianWhirl+1","Guardian:ArmoredProtocol+1","Guardian:Reroute+1","Guardian:BronzeArmor+1","Guardian:FuturePlans+1","Guardian:Clone+1","Guardian:AncientConstruct+1","Guardian:ChargeUp+1","Guardian:Suspension+1","StuffTheSpire:Vigor+1","Guardian:TemporalShield+1","Guardian:Preprogram+1","beaked:KnowThyFoe+1","Guardian:DonusPower+1","Guardian:PiercingHide+1","Guardian:PiercingHide+1","Guardian:ShieldCharger+1","Guardian:VentSteam+1","Guardian:Repulse+1","beaked:HuntressSpirit+1","Guardian:CurlUp","ReplayTheSpireMod:Owlgaze+1","Guardian:SpikerProtocol+1","beaked:Windmill+1","Guardian:Incinerate+1","beaked:Cower+1","beaked:HuntressSpirit+1","Guardian:GuardianWhirl+1","beaked:VigorBurst+1","Clockwork:SnapKeep","construct:ShieldBurst+1","ReplayTheSpireMod:Wings of Steel+1","beaked:StunningBlow+1","beaked:TuckingFeathers+1","hexamod:UnleashSpirits+1","beaked:Foresight+1","Runesmith:CreatorForm+1","beaked:VigorBurst+1","blademaster:EyeOfTheTornado+1","expansioncontent:BronzeBeam+1","construct:FocusedBeam+1","hubris:StunningStrike+1","BootSequence","Body Slam+1","Cloak And Dagger+1","Hallucinations","beaked:WarriorEssence+1","infinitespire:Gouge+1","infinitespire:UltimateForm+1","WatchCommand+1","Magnetism+1","StuffTheSpire:Python+1","Leap+1","Hypocrisy+1","Eclipse+1","MadScienceMod:AcidSpray+1","Engulf+1","hexamod:AdvancingGuard+1","beaked:MimicWarrior+1","ReplayTheSpireMod:Chaos Vortex+1","Die Die Die+1","beaked:StunningBlow+1","Lantern+1","beaked:VolatileMisfortune+1","sneckomod:UnknownBlock+1","ReplayTheSpireMod:Prepare the Ceremony","sneckomod:ImprovisedAttack+1","Apotheosis+1","BlueScar+1","Dash+1","Writhe","StuffTheSpire:BrainWave+1","Guardian:Strike_Guardian","Guardian:Orbwalk","Body Slam","hexamod:HeatCrush"],"relics":["Guardian:ModeShifter","energizedSpire:DeadBattery","StuffTheSpire:ModemDavis","LetterFromLob","PreservedInsect","StuffTheSpire:GrapeVine","halation:SelfBoilingWater","Honey Jar","Gremlin Horn","Bottled Flame","SpikesRelics:DaevaFist","downfall:KnowingSkull","vexMod:FocusSash","vexMod:BigBerry","The Courier","hubris:DisguiseKit","StuffTheSpire:Wildfire","infinitespire:Lucky Rock","Replay:Baseball","downfall:HeartBlessingGreen","aspiration:MobileForge","Art of War","Ancient Tea Set","Anchor","aspiration:SeaSaltIceCream","PrismaticShard","CCEMRelics:OverlyComfyChair","StuffTheSpire:RedRose","conspire:SpecialSausage","WarpedTongs","HonorFeather","conspire:DeflatedDodgeball","StuffTheSpire:ForceGauntlet","trackpad:AdjectivePendant","Nilry\u0027s Codex","trackpad:Coffee","ReplayTheSpireMod:Ring of Collecting","Ring of Searing","hubris:MedicalManual","aspiration:Lifesprig","OrangePellets","halation:YellowSoulGem","energizedSpire:OgreHead","halation:OrihimeAndHikoboshiSamaAndTears","ChewingGum","Replay:Grab Bag","theSlumbering:CursedAnvil","StuffTheSpire:Saxophone","RoseTintedShades","conspire:Flyswatter","energizedSpire:HugeHouse"],"acts_visited":["Exordium","TheCity","TheBeyond","Exordium","TheCity","TheBeyond","Exordium","TheCity"],"potions_floor_usage":[84,84,101,101,135,135],"damage_taken":[{"damage":1.0,"enemies":"Cultist","floor":2.0,"turns":4.0},{"damage":1.0,"enemies":"conspire:RoseBush","floor":3.0,"turns":3.0},{"damage":0.0,"enemies":"2 Louse","floor":4.0,"turns":4.0},{"damage":3.0,"enemies":"Exordium Thugs","floor":6.0,"turns":3.0},{"damage":1.0,"enemies":"Large Slime","floor":10.0,"turns":3.0},{"damage":4.0,"enemies":"downfall:FleeingMerchant","floor":11.0,"turns":4.0},{"damage":13.0,"enemies":"Gremlin Gang","floor":12.0,"turns":4.0},{"damage":1.0,"enemies":"Exordium Wildlife","floor":14.0,"turns":4.0},{"damage":0.0,"enemies":"2 Fungi Beasts","floor":15.0,"turns":2.0},{"damage":21.0,"enemies":"downfall:Silent","floor":16.0,"turns":6.0},{"damage":3.0,"enemies":"Chosen","floor":19.0,"turns":6.0},{"damage":0.0,"enemies":"downfall:FleeingMerchant","floor":20.0,"turns":4.0},{"damage":4.0,"enemies":"downfall:FleeingMerchant","floor":22.0,"turns":4.0},{"damage":0.0,"enemies":"Dream Cultist and Chosen","floor":27.0,"turns":6.0},{"damage":10.0,"enemies":"conspire:SneckoGhost","floor":28.0,"turns":6.0},{"damage":10.0,"enemies":"Book of Stabbing","floor":30.0,"turns":4.0},{"damage":0.0,"enemies":"Cultist and Chosen","floor":31.0,"turns":8.0},{"damage":0.0,"enemies":"3 Cultists","floor":32.0,"turns":4.0},{"damage":0.0,"enemies":"downfall:Defect","floor":33.0,"turns":8.0},{"damage":17.0,"enemies":"3 Darklings","floor":36.0,"turns":6.0},{"damage":1.0,"enemies":"Orb Walker","floor":37.0,"turns":6.0},{"damage":6.0,"enemies":"3 Darklings","floor":38.0,"turns":6.0},{"damage":15.0,"enemies":"Jaw Worm Horde","floor":39.0,"turns":6.0},{"damage":0.0,"enemies":"Giant Head","floor":40.0,"turns":10.0},{"damage":0.0,"enemies":"Mind Bloom Boss Battle","floor":43.0,"turns":9.0},{"damage":3.0,"enemies":"downfall:FleeingMerchant","floor":44.0,"turns":5.0},{"damage":0.0,"enemies":"Maw","floor":45.0,"turns":9.0},{"damage":4.0,"enemies":"4 Shapes","floor":46.0,"turns":2.0},{"damage":0.0,"enemies":"Sphere and 2 Shapes","floor":47.0,"turns":7.0},{"damage":0.0,"enemies":"Nightmare","floor":48.0,"turns":8.0},{"damage":0.0,"enemies":"downfall:Watcher","floor":50.0,"turns":10.0},{"damage":16.0,"enemies":"2 Louse","floor":53.0,"turns":3.0},{"damage":24.0,"enemies":"Small Slimes","floor":54.0,"turns":2.0},{"damage":0.0,"enemies":"Cultist","floor":55.0,"turns":4.0},{"damage":0.0,"enemies":"downfall:FleeingMerchant","floor":56.0,"turns":1.0},{"damage":13.0,"enemies":"Lagavulin","floor":57.0,"turns":4.0},{"damage":0.0,"enemies":"Gremlin Nob","floor":59.0,"turns":4.0},{"damage":0.0,"enemies":"Exordium Wildlife","floor":63.0,"turns":1.0},{"damage":32.0,"enemies":"Nightmare","floor":65.0,"turns":10.0},{"damage":0.0,"enemies":"2 Fungi Beasts","floor":66.0,"turns":1.0},{"damage":0.0,"enemies":"Fading Forest","floor":67.0,"turns":11.0},{"damage":5,"enemies":"conspire:FuzzyDice","floor":70,"turns":5},{"damage":0,"enemies":"3 Byrds","floor":72,"turns":2},{"damage":0,"enemies":"conspire:HollyBat","floor":73,"turns":8},{"damage":52,"enemies":"Replay:Snechameleon","floor":75,"turns":3},{"damage":1,"enemies":"Dream Cultist and Chosen","floor":76,"turns":4},{"damage":0,"enemies":"Snake Plant","floor":79,"turns":4},{"damage":0,"enemies":"3 Cultists","floor":82,"turns":4},{"damage":0,"enemies":"Snecko","floor":83,"turns":3},{"damage":54,"enemies":"Collector","floor":84,"turns":9},{"damage":2,"enemies":"Orb Walker","floor":87,"turns":5},{"damage":0,"enemies":"3 Darklings","floor":88,"turns":5},{"damage":21,"enemies":"Giant Head","floor":92,"turns":6},{"damage":25,"enemies":"infinitespire:Three Voidlings","floor":93,"turns":3},{"damage":68,"enemies":"Nightmare_Alpha","floor":93,"turns":6},{"damage":14,"enemies":"Spire Growth","floor":94,"turns":5},{"damage":0,"enemies":"Maw","floor":95,"turns":6},{"damage":30,"enemies":"3 Darklings","floor":96,"turns":4},{"damage":0,"enemies":"4 Shapes","floor":98,"turns":4},{"damage":0,"enemies":"Spire Growth","floor":100,"turns":5},{"damage":0,"enemies":"hubris:GrandSnecko","floor":101,"turns":10},{"damage":0,"enemies":"2 Louse","floor":104,"turns":1},{"damage":10,"enemies":"Cultist","floor":105,"turns":3},{"damage":10,"enemies":"theSlumbering:NewCultist","floor":106,"turns":3},{"damage":20,"enemies":"Lagavulin","floor":109,"turns":5},{"damage":10,"enemies":"Large Slime","floor":113,"turns":3},{"damage":15,"enemies":"conspire:2 RoseBushes","floor":115,"turns":4},{"damage":10,"enemies":"3 Louse","floor":116,"turns":3},{"damage":5,"enemies":"Exordium Thugs","floor":117,"turns":2},{"damage":20,"enemies":"Fading Forest","floor":118,"turns":7},{"damage":15,"enemies":"Shell Parasite","floor":121,"turns":4},{"damage":24,"enemies":"Shelled Parasite and Fungi","floor":122,"turns":5},{"damage":5,"enemies":"Chosen and Byrds","floor":123,"turns":4},{"damage":0,"enemies":"Gremlin Leader","floor":126,"turns":3},{"damage":0,"enemies":"Book of Stabbing","floor":127,"turns":3},{"damage":47,"enemies":"Centurion and Healer","floor":133,"turns":5},{"damage":39,"enemies":"Snake Plant","floor":134,"turns":4},{"damage":57,"enemies":"conspire:MysteriousRune","floor":135,"turns":5}],"seed_played":"3059992409764241662","potions_obtained":[{"floor":3.0,"key":"AttackPotion"},{"floor":6.0,"key":"PowerPotion"},{"floor":10.0,"key":"BlessingOfTheForge"},{"floor":12.0,"key":"Dexterity Potion"},{"floor":16.0,"key":"Milkshake"},{"floor":27.0,"key":"Guardian:DefensiveModePotion"},{"floor":30.0,"key":"LiquidBronze"},{"floor":31.0,"key":"Swift Potion"},{"floor":32.0,"key":"EssenceOfSteel"},{"floor":33.0,"key":"Swift Potion"},{"floor":37.0,"key":"Flashbang"},{"floor":40.0,"key":"SpeedPotion"},{"floor":43.0,"key":"Ancient Potion"},{"floor":45.0,"key":"Explosive Potion"},{"floor":48.0,"key":"Swift Potion"},{"floor":50.0,"key":"Swift Potion"},{"floor":54.0,"key":"Energy Potion"},{"floor":59.0,"key":"Guardian:AcceleratePotion"},{"floor":63.0,"key":"Guardian:DefensiveModePotion"},{"floor":65.0,"key":"Weak Potion"},{"floor":72,"key":"Swift Potion"},{"floor":77,"key":"Block Potion"},{"floor":88,"key":"Weak Potion"},{"floor":93,"key":"Energy Potion"},{"floor":94,"key":"BlessingOfTheForge"},{"floor":96,"key":"Block Potion"},{"floor":100,"key":"Adrenaline Potion"},{"floor":101,"key":"Swift Potion"},{"floor":106,"key":"LiquidBronze"},{"floor":113,"key":"AttackPotion"},{"floor":115,"key":"Ancient Potion"},{"floor":118,"key":"BlessingOfTheForge"},{"floor":121,"key":"Languid Potion"},{"floor":133,"key":"ColorlessPotion"}],"is_trial":false,"path_per_floor":["R","M","M","M","?","M","T","?","R","M","$","M","R","M","M","B",null,"R","M","$","?","$","R","T","?","R","M","E","?","E","M","M","B",null,"R","M","M","M","M","E","T","R","?","$","M","M","M","NM","R","B",null,"R","M","M","M","$","E","T","E","?","R","?","M","R","NM","M","B",null,"R","M","?","M","M","R","E","M","?","R","M","$","?","M","M","B",null,"R","M","M","$","?","R","E","?","M","M","M","$","M","?","M","B",null,"R","M","M","M","AVR","R","E","?","R","?","M","R","M","M","M","B",null,"R","M","M","M","$","?","E","E","?","HB","?","?","R","M","M","B"],"character_chosen":"GUARDIAN","items_purchased":["StuffTheSpire:GrapeVine","halation:SelfBoilingWater","infinitespire:Lucky Rock","Art of War","Ancient Tea Set","Anchor","aspiration:SeaSaltIceCream","Guardian:GuardianWhirl","StuffTheSpire:ForceGauntlet","trackpad:AdjectivePendant","aspiration:Lifesprig","OrangePellets","StuffTheSpire:Saxophone","RoseTintedShades"],"campfire_rested":3,"item_purchase_floors":[11,11,44,56,56,56,56,56,80,80,97,97,124,124],"current_hp_per_floor":[72,71,70,70,70,67,67,67,67,66,62,49,70,69,69,48,72,72,69,69,69,65,65,65,65,65,65,55,47,37,37,37,37,102,102,85,84,78,63,63,63,93,93,90,90,86,86,86,86,86,102,102,86,62,62,62,54,54,57,57,89,89,89,89,62,62,93,107,107,102,102,102,107,107,107,111,83,112,112,112,96,104,112,66,112,112,112,112,112,112,112,96,40,34,55,27,27,34,34,35,39,112,112,112,107,100,100,112,97,70,112,112,105,112,107,107,102,97,112,112,99,80,84,84,84,84,93,93,93,101,101,107,89,57,0,0,0],"gold":145,"neow_bonus":"THREE_RARE_CARDS","is_daily":false,"chose_seed":false,"campfire_upgraded":18,"win_rate":0.0,"timestamp":1610211754,"path_taken":["R","M","M","?","?","M","T","?","R","M","$","M","R","M","M","BOSS","R","M","$","?","$","R","T","?","R","M","E","?","E","M","M","BOSS","R","M","M","M","?","E","T","R","?","$","M","M","M","NM","R","BOSS","R","M","M","M","$","E","T","E","?","R","?","M","R","NM","M","BOSS","R","M","?","?","M","R","E","M","?","R","M","?","?","M","M","BOSS","R","M","M","$","?","R","E","?","M","M","M","$","?","?","M","BOSS","R","M","M","M","AVR","R","E","?","R","?","M","R","?","M","M","BOSS","R","M","M","M","$","?","E","E","?","HB","?","?","R","M","M","BOSS"],"items_purchased_type":["Relic","Relic","Relic","Relic","Relic","Relic","Relic","Card","Relic","Relic","Relic","Relic","Relic","Relic"],"build_version":"2020-12-22","purchased_purges":3,"victory":false,"max_hp_per_floor":[72,72,72,72,72,72,72,72,72,72,72,72,72,72,72,72,72,72,72,72,72,72,72,72,72,72,72,72,72,72,72,72,72,102,102,102,102,102,102,102,102,102,102,102,102,102,102,102,102,102,102,102,102,102,102,102,107,107,107,107,107,107,107,107,107,107,107,107,107,107,107,107,107,107,107,112,112,112,112,112,112,112,112,112,112,112,112,112,112,112,112,112,112,112,112,112,112,112,112,112,112,112,112,112,112,112,112,112,112,112,112,112,112,112,112,112,112,112,112,112,112,112,112,112,112,112,112,112,107,107,107,107,107,107,107,107,107],"card_choices":[{"not_picked":["Guardian:GemFinder","Guardian:StasisField"],"picked":"Guardian:CompilePackage","floor":0.0},{"not_picked":["Guardian:VentSteam","Guardian:Reroute"],"picked":"Guardian:Planning","floor":2.0},{"not_picked":["Guardian:ChargeCore","Guardian:Gem_White"],"picked":"Guardian:ShieldSpikes","floor":3.0},{"not_picked":["Guardian:Suspension","Guardian:TemporalShield"],"picked":"Guardian:GuardianWhirl","floor":4.0},{"not_picked":["Guardian:Gem_Cyan","Guardian:PrismaticBarrier"],"picked":"Guardian:Gem_Green","floor":6.0},{"not_picked":["Guardian:PolyBeam","Guardian:Repulse"],"picked":"Guardian:ArmoredProtocol","floor":10.0},{"not_picked":["Guardian:PrimingBeam","Guardian:CrystalBeam"],"picked":"Guardian:Reroute","floor":11.0},{"not_picked":["Guardian:TemporalStrike","Guardian:ChargeCore"],"picked":"Guardian:BronzeArmor","floor":12.0},{"not_picked":["Guardian:Gem_Purple","Guardian:Gem_Crimson"],"picked":"Guardian:FuturePlans","floor":14.0},{"not_picked":["Guardian:Gem_Fragmented","Guardian:SentryBeam"],"picked":"Guardian:Clone","floor":15.0},{"not_picked":["Guardian:FastForward","Guardian:StasisStrike"],"picked":"Guardian:AncientConstruct","floor":16.0},{"not_picked":["Guardian:Gem_Fragmented","Guardian:PrimingBeam","Guardian:CrystalBeam"],"picked":"Guardian:ChargeUp","floor":19.0},{"not_picked":["Guardian:Gem_Cyan","Guardian:Gem_White","Guardian:TemporalStrike"],"picked":"Guardian:Gem_Green","floor":20.0},{"not_picked":["Guardian:Planning","Guardian:TemporalShield","Guardian:ChargeCore"],"picked":"Guardian:Suspension","floor":22.0},{"not_picked":["Guardian:ChargeUp","Guardian:Planning","Guardian:MultiBeam"],"picked":"Guardian:Gem_Synthetic","floor":27.0},{"not_picked":["Guardian:Gem_Red","Guardian:Suspension","Guardian:Incinerate"],"picked":"Guardian:TemporalShield","floor":28.0},{"not_picked":["Guardian:Planning+1","Guardian:BaubleBeam","Guardian:Gem_Cyan"],"picked":"Guardian:Preprogram+1","floor":30.0},{"not_picked":["Guardian:FloatingOrbs+1","Guardian:EvasiveProtocol","Guardian:Clone+1"],"picked":"Guardian:DonusPower+1","floor":31.0},{"not_picked":["Guardian:Gem_Green","Guardian:TemporalStrike","Guardian:Gem_Red"],"picked":"Guardian:PiercingHide","floor":32.0},{"not_picked":["Guardian:StasisStrike","Guardian:FierceBash","Guardian:AncientConstruct"],"picked":"Guardian:SphericShield","floor":33.0},{"not_picked":["Guardian:PrimingBeam","Guardian:Gem_Purple","Guardian:Recover"],"picked":"Guardian:PiercingHide+1","floor":36.0},{"not_picked":["Guardian:DonusPower+1","Guardian:Gem_Fragmented","Guardian:Reroute"],"picked":"Guardian:Gem_Purple","floor":37.0},{"not_picked":["Guardian:ChargeUp","Guardian:BronzeArmor","Guardian:CrystalBeam+1"],"picked":"Guardian:ShieldCharger+1","floor":38.0},{"not_picked":["Guardian:TimeBomb","Guardian:ShieldSpikes+1","Guardian:Gem_Cyan"],"picked":"Guardian:Gem_Purple","floor":39.0},{"not_picked":["Guardian:Gem_Cyan","Guardian:TemporalShield+1","Guardian:Gem_White"],"picked":"Guardian:VentSteam+1","floor":40.0},{"not_picked":["Guardian:StasisField","Guardian:Planning","Guardian:Suspension","beaked:Tweet"],"picked":"Guardian:Repulse","floor":43.0},{"not_picked":["Guardian:PiercingHide+1","Guardian:Planning+1","Guardian:CrystalBeam+1","Guardian:GuardianWhirl"],"picked":"beaked:HuntressSpirit","floor":44.0},{"not_picked":["Guardian:PiercingHide+1","Guardian:RollAttack","Guardian:Suspension","Guardian:ShieldCharger"],"picked":"ReplayTheSpireMod:Owlgaze","floor":45.0},{"not_picked":["Guardian:ChargeCore+1","Guardian:Incinerate","Guardian:Gem_Green","beaked:BloodForTheGods"],"picked":"Guardian:Gem_Yellow","floor":46.0},{"not_picked":["Guardian:TimeCapacitor+1","Guardian:Gem_Synthetic","Guardian:Gem_Lightblue","beaked:Overexert"],"picked":"Guardian:SpikerProtocol+1","floor":47.0},{"not_picked":["Guardian:RefractedBeam","Guardian:Planning","Guardian:PrismaticBeam+1","beaked:SurvivalInstinct"],"picked":"Guardian:Gem_Purple","floor":48.0},{"not_picked":["Guardian:StasisEngine","Guardian:RevengeProtocol","Guardian:StasisField","ReplayTheSpireMod:Owlgaze"],"picked":"Guardian:Gem_Synthetic","floor":50.0},{"not_picked":["Guardian:FuturePlans","Guardian:GuardianWhirl","Guardian:Gem_Green","Guardian:ChargeUp"],"picked":"beaked:Windmill","floor":53.0},{"not_picked":["Guardian:WalkerClaw","Guardian:ShieldCharger","Guardian:Gem_Cyan","beaked:SurvivalInstinct"],"picked":"Guardian:Incinerate","floor":54.0},{"not_picked":["Guardian:MultiBeam","Guardian:Gem_White","Guardian:TemporalShield","Guardian:TemporalStrike"],"picked":"beaked:Cower","floor":55.0},{"not_picked":["Guardian:FastForward","Guardian:Gem_Crimson","Guardian:Planning","Guardian:MultiBeam"],"picked":"beaked:HuntressSpirit","floor":56.0},{"not_picked":["MachineGunSpark","theSlumbering:FocusedStrike","construct:Enhance","mysticmod:TomeOfSpells"],"picked":"beaked:VigorBurst","floor":57.0},{"not_picked":["LuminesStrike","Slimebound:RollThrough","construct:Antimatter","ReplayTheSpireMod:Prepare the Ceremony"],"picked":"construct:ShieldBurst","floor":59.0},{"not_picked":["blademaster:Sharpen","Runesmith:CraftMagma","Runesmith:HammerThrow","Guardian:ShieldCharger"],"picked":"ReplayTheSpireMod:Wings of Steel","floor":63.0},{"not_picked":["Malaise","Luminosity","ShootingEcho","Guardian:Gem_Green"],"picked":"beaked:StunningBlow","floor":65.0},{"not_picked":["construct:Overcharge","Runesmith:HammerAndChisel","Runesmith:Reinforce","Defy Death"],"picked":"beaked:TuckingFeathers","floor":66.0},{"not_picked":["blademaster:FuryOfTheElements","blademaster:ThreePointStrike","Glutton:Fast","beaked:DarkPact"],"picked":"hexamod:UnleashSpirits","floor":67.0},{"not_picked":["theSlumbering:RestedPunch","sneckomod:UnknownClassBLUE","BottledTime","Glutton:Brace"],"picked":"beaked:Foresight","floor":70},{"not_picked":["mysticmod:PureInstinct+1","sagemod:How_To_Warm_Elephants","construct:FocusedBeam+1","beaked:Tradeoff"],"picked":"BootSequence","floor":72},{"not_picked":["Discord+1","theSlumbering:SoundBarrier+1","MadScienceMod:FlameCannon","beaked:FeelMyPain"],"picked":"Runesmith:CreatorForm","floor":73},{"not_picked":["Slimebound:Schlurp","Clockwork:Minimalism","blademaster:Flurry","Slimebound:ForwardTackle"],"picked":"beaked:VigorBurst","floor":76},{"not_picked":["mysticmod:PreparedCaster","blademaster:DaggerAndCloak+1","Perfected Strike","beaked:FeelMyPain"],"picked":"blademaster:EyeOfTheTornado","floor":77},{"not_picked":["Manipulate","Glutton:Slam","blademaster:AspectOfLightning+1","beaked:Tradeoff"],"picked":"expansioncontent:BronzeBeam","floor":79},{"not_picked":["Indignation","mysticmod:PureInstinct","Runesmith:Refine","beaked:Overexert"],"picked":"construct:FocusedBeam","floor":82},{"not_picked":["Penitence","hubris:SharpeningStone","beaked:StickSmack+1","beaked:Molting"],"picked":"Clockwork:SnapKeep","floor":83},{"not_picked":["ReplayRNGCard","SuperNova","theSlumbering:EntombedWeapon","beaked:SacrificialScars"],"picked":"hubris:StunningStrike","floor":84},{"not_picked":["hexamod:Firestarter","champ:FalseCounter+1","Fasting2","beaked:Tradeoff"],"picked":"Body Slam+1","floor":87},{"not_picked":["DC","blademaster:AspectOfLightning+1","Runesmith:FrozenChisel","beaked:Overexert"],"picked":"Cloak And Dagger+1","floor":88},{"not_picked":["StuffTheSpire:Slingshot+1","Runesmith:Augment","Clockwork:UnlimitedCogworks","Glutton:Voracity"],"picked":"beaked:WarriorEssence","floor":92},{"not_picked":["ReplayTheSpireMod:Book of Names","infinitespire:Starlight"],"picked":"infinitespire:Gouge","floor":93},{"not_picked":["infinitespire:Gouge","ReplayTheSpireMod:Echo Chamber"],"picked":"infinitespire:UltimateForm","floor":93},{"not_picked":["LockedBlood","CutThroughFate","sagemod:Fire_Brew+1","beaked:BraceForImpact"],"picked":"WatchCommand+1","floor":93},{"not_picked":["Iron Wave","beaked:SacrificialAttack","blademaster:FuriousStrike+1","beaked:Tradeoff"],"picked":"Magnetism","floor":94},{"not_picked":["champ:GladiatorsShout","blademaster:DragonStrike+1","champ:BringItOn","beaked:DigDeeper"],"picked":"StuffTheSpire:Python","floor":95},{"not_picked":["sagemod:How_To_Befriend_A_Turtle","JustLucky+1","theSlumbering:StrongFooting+1","beaked:Insight"],"picked":"Leap+1","floor":96},{"not_picked":["mysticmod:Probe","Loop+1","Heatsinks+1","beaked:DigDeep"],"picked":"Hypocrisy","floor":98},{"not_picked":["blademaster:BloodyBlow","sagemod:Shatter","Flex+1","Replay:AtTheReady+1"],"picked":"beaked:Roost","floor":100},{"not_picked":["Venomology","blademaster:RollingTyphoon","Glutton:Megrim","ReplayTheSpireMod:Owlgaze"],"picked":"Eclipse","floor":101},{"not_picked":["BasicCrystalCard","Glutton:Regurgitate","Runesmith:RuneHurl","beaked:BloodForTheGods"],"picked":"MadScienceMod:AcidSpray","floor":104},{"not_picked":["Fasting2","mysticmod:SpellCombat","Prostrate","beaked:BraceForImpact"],"picked":"Engulf","floor":105},{"not_picked":["construct:Backfire","champ:BladeFlurry","PendulumOfEternity","beaked:BraceForImpact"],"picked":"hexamod:AdvancingGuard","floor":106},{"not_picked":["theSlumbering:SafeBarrage","Crescendo","theSlumbering:NarcolepticEpisode","beaked:HuntressSpirit"],"picked":"beaked:MimicWarrior","floor":109},{"not_picked":["infinitespire:FinalStrike","infinitespire:NeuralNetwork"],"picked":"ReplayTheSpireMod:Chaos Vortex","floor":110},{"not_picked":["Clockwork:Pluck","champ:PerfectedStrike","DC","beaked:Devastation"],"picked":"Die Die Die","floor":113},{"not_picked":["FollowUp","Runesmith:BackupBattery","SashWhip","Replay:AtTheReady"],"picked":"beaked:StunningBlow","floor":115},{"not_picked":["Runesmith:BackupBattery","Runesmith:ShiftingStrike","sneckomod:DiceCrush","beaked:BloodForTheGods"],"picked":"Lantern","floor":116},{"not_picked":["blademaster:CullingStrike","sagemod:Pour_Tar_Pitch","Anger","beaked:BraceForImpact"],"picked":"beaked:VolatileMisfortune","floor":117},{"not_picked":["sneckomod:SerpentMind","Runesmith:LightningRod","ReplayTheSpireMod:Fabricate Wheel","blademaster:FuryOfTheElements"],"picked":"beaked:KnowThyFoe","floor":118},{"not_picked":["sneckomod:UnknownClassCLOCKWORK","Tempo+1","Glutton:Voracity","beaked:SurvivalInstinct"],"picked":"sneckomod:UnknownBlock+1","floor":121},{"not_picked":["sneckomod:Unknown1Cost+1","ReturningBlade","construct:Construct_Overclock+1","blademaster:AspectOfLightning"],"picked":"ReplayTheSpireMod:Prepare the Ceremony","floor":122},{"not_picked":["Guardian:PrimingBeam","Thunder Strike","Glutton:SelfFlagellate","ReplayTheSpireMod:RavenHex"],"picked":"sneckomod:ImprovisedAttack+1","floor":123},{"not_picked":["Echonomics","Outmaneuver","construct:Isolate","beaked:Devastation"],"picked":"BlueScar+1","floor":126},{"not_picked":["ShiftingGears","ReplayTheSpireMod:Muscle Training","blademaster:AspectOfWind+1","beaked:Insight"],"picked":"Dash+1","floor":127},{"not_picked":["champ:GladiatorsShout","Doom and Gloom","Guardian:PrismaticBeam","beaked:Pecker"],"picked":"Body Slam","floor":133},{"not_picked":["Runesmith:RuneHurl","champ:DefensiveShout+1","Poisoned Stab","beaked:Replenish"],"picked":"hexamod:HeatCrush","floor":134}],"player_experience":258843,"relics_obtained":[{"floor":2.0,"key":"LetterFromLob"},{"floor":7.0,"key":"PreservedInsect"},{"floor":24.0,"key":"Bottled Flame"},{"floor":28.0,"key":"SpikesRelics:DaevaFist"},{"floor":30.0,"key":"vexMod:FocusSash"},{"floor":40.0,"key":"The Courier"},{"floor":41.0,"key":"hubris:DisguiseKit"},{"floor":43.0,"key":"StuffTheSpire:Wildfire"},{"floor":48.0,"key":"Replay:Baseball"},{"floor":58.0,"key":"CCEMRelics:OverlyComfyChair"},{"floor":77,"key":"conspire:DeflatedDodgeball"},{"floor":81,"key":"Nilry\u0027s Codex"},{"floor":90,"key":"ReplayTheSpireMod:Ring of Collecting"},{"floor":90,"key":"Ring of Searing"},{"floor":93,"key":"hubris:MedicalManual"}],"event_choices":[{"cards_removed":["Regret"],"damage_healed":0,"gold_gain":0,"player_choice":"Purged","damage_taken":0,"max_hp_gain":0,"max_hp_loss":0,"event_name":"Purifier","floor":112,"gold_loss":0},{"damage_healed":0,"gold_gain":0,"player_choice":"Upgraded","damage_taken":0,"max_hp_gain":0,"max_hp_loss":0,"event_name":"Upgrade Shrine","floor":131,"gold_loss":0,"cards_upgraded":["StuffTheSpire:BrainWave"]}],"is_beta":false,"boss_relics":[{"not_picked":["StuffTheSpire:RunicHypercube","Coffee Dripper"],"picked":"Honey Jar"},{"not_picked":["Runic Dome","energizedSpire:RedRose"],"picked":"vexMod:BigBerry"},{"not_picked":["beaked:MawFillet","sagemod:Falmels_Amulet"],"picked":"aspiration:MobileForge"},{"not_picked":["Runic Pyramid","energizedSpire:SpiderWeb"],"picked":"conspire:SpecialSausage"},{"not_picked":["Astrolabe","Snecko Eye"],"picked":"trackpad:Coffee"},{"not_picked":["Replay:Bronze Core","Guardian:StasisSlotReductionRelic"],"picked":"energizedSpire:OgreHead"},{"not_picked":["Tiny House","StuffTheSpire:RunicHypercube"],"picked":"Replay:Grab Bag"},{"not_picked":["energizedSpire:NeverEndingSparkler","beaked:MawFillet"],"picked":"StuffTheSpire:ModemDavis"},{"not_picked":["halation:ForbiddenBikini","sagemod:Falmels_Amulet"],"picked":"energizedSpire:DeadBattery"},{"not_picked":["halation:PinkAlligatorPlush","CCEMRelics:TransientCore"],"picked":"theSlumbering:CursedAnvil"}],"items_purged_floors":[20,44,89],"is_endless":true,"potions_floor_spawned":[3,6,10,12,15,16,27,30,31,32,33,37,40,43,45,48,50,54,59,63,65,72,75,88,93,94,96,100,101,106,113,115,118,121,123,133,134],"killed_by":"conspire:MysteriousRune","ascension_level":3}}