{"host":"nuc2w1a7ik2yhkv2","time":1610195220,"event":{"mods":["Act Like it!","BaseMod","Gensokyo","Marisa£®ÏF”Í°°ƒß¿Ì…≥£©","Minty Spire (QoL Compilation)","Quick Restart","Rare Cards Sparkle","StSLib"],"gold_per_floor":[114,3,3,3,3,3,34,34,57,89,89,89,116,134,134,211,211,231,30,44,144,144,144,179,179,233,261,221,241,241,271,271,343,343,359,269,285,295,49,49,49,66,143,143,159,194,194,194,194,194,194,194,194,64,92,92],"floor_reached":57,"playtime":3921,"items_purged":["Doubt"],"score":2655,"play_id":"dbca761c-7c35-450f-835c-b4437af77085","local_time":"20210109202700","is_ascension_mode":true,"campfire_choices":[{"data":"UpSweep","floor":6.0,"key":"SMITH"},{"floor":8.0,"key":"REST"},{"floor":12.0,"key":"REST"},{"data":"AsteroidBelt","floor":15.0,"key":"SMITH"},{"floor":23.0,"key":"REST"},{"floor":30.0,"key":"REST"},{"floor":32.0,"key":"REST"},{"floor":40.0,"key":"REST"},{"floor":47.0,"key":"RECALL"},{"floor":49,"key":"REST"},{"floor":53,"key":"REST"}],"circlet_count":0,"master_deck":["AscendersBane","Strike_MRS","Strike_MRS","Strike_MRS","Defend_MRS","Defend_MRS","Defend_MRS","Defend_MRS","UpSweep+1","GalacticHalo","StarBarrage+1","MilkyWay","AsteroidBelt+1","JA","SuperNova+1","Orbital","Singularity","OortCloud","Orbital+1","EscapeVelocity","EnergyRecoil+1","MilkyWay+1","6A","JA","EnergyFlow","Gensokyo:CustomPotion","GasGiant+1","EscapeVelocity","Gensokyo:ReactiveArmor","Singularity+1","Acceleration","Parasite","Gensokyo:GreaterSplit","AsteroidBelt","Gensokyo:RisingWorld","MysteriousBeam+1","EnergyFlow+1"],"relics":["MiniHakkero","NeowsBlessing","Gensokyo:CelestialsFlawlessClothing","Happy Flower","Oddly Smooth Stone","Boot","Nunchaku","Singing Bowl","Pear","Dream Catcher","Fusion Hammer","OrangePellets","Centennial Puzzle","Prayer Wheel","CaptainsWheel","Potion Belt","Pen Nib","Ancient Tea Set","Strawberry","Cursed Key","DollysMirror","Gensokyo:DualWield","Frozen Egg 2","Blood Vial"],"acts_visited":["Exordium","Gensokyo:Gensokyo","Gensokyo:Gensokyoer","TheEnding"],"potions_floor_usage":[56,56,56,56],"damage_taken":[{"damage":0.0,"enemies":"Gensokyo:Gryphon","floor":1.0,"turns":1.0},{"damage":5.0,"enemies":"Gensokyo:Mamizou","floor":7.0,"turns":3.0},{"damage":0.0,"enemies":"Gensokyo:Cirno","floor":10.0,"turns":2.0},{"damage":3.0,"enemies":"Gensokyo:Aya","floor":13.0,"turns":8.0},{"damage":0.0,"enemies":"Gensokyo:Python","floor":14.0,"turns":2.0},{"damage":24.0,"enemies":"Gensokyo:Reimu","floor":16.0,"turns":11.0},{"damage":0.0,"enemies":"Gensokyo:2_Gloops","floor":18.0,"turns":4.0},{"damage":0.0,"enemies":"Gensokyo:Chomper","floor":20.0,"turns":4.0},{"damage":8.0,"enemies":"Gensokyo:Chomper","floor":21.0,"turns":7.0},{"damage":20.0,"enemies":"Gensokyo:Koishi","floor":24.0,"turns":5.0},{"damage":27.0,"enemies":"Gensokyo:Reisen","floor":27.0,"turns":5.0},{"damage":1.0,"enemies":"Gensokyo:Slime_Group","floor":29.0,"turns":5.0},{"damage":38.0,"enemies":"Gensokyo:Koishi","floor":31.0,"turns":7.0},{"damage":5.0,"enemies":"Gensokyo:Kaguya","floor":33.0,"turns":7.0},{"damage":15.0,"enemies":"Gensokyo:3_Boulders","floor":35.0,"turns":5.0},{"damage":0.0,"enemies":"Gensokyo:AncientGuardian","floor":37.0,"turns":5.0},{"damage":0.0,"enemies":"Gensokyo:Rafflesia","floor":38.0,"turns":5.0},{"damage":0.0,"enemies":"Gensokyo:4_Bats","floor":42.0,"turns":1.0},{"damage":3.0,"enemies":"Gensokyo:Dusk_and_Dawn","floor":45.0,"turns":5.0},{"damage":40.0,"enemies":"Gensokyo:Doremy","floor":46.0,"turns":7.0},{"damage":25,"enemies":"Gensokyo:Scarlet_Devils","floor":50,"turns":6},{"damage":32,"enemies":"Gensokyo:Shinki","floor":51,"turns":9},{"damage":84,"enemies":"Shield and Spear","floor":55,"turns":6},{"damage":109,"enemies":"The Heart","floor":56,"turns":6}],"seed_played":"1692789135462134149","potions_obtained":[{"floor":7.0,"key":"Ancient Potion"},{"floor":10.0,"key":"Regen Potion"},{"floor":21.0,"key":"SkillPotion"},{"floor":27.0,"key":"PowerPotion"},{"floor":31.0,"key":"Explosive Potion"},{"floor":35.0,"key":"Block Potion"},{"floor":38.0,"key":"ColorlessPotion"},{"floor":42.0,"key":"SteroidPotion"}],"is_trial":false,"path_per_floor":["M","COS","?","?","$","R","E","R","T","E","?","R","E","M","R","B",null,"M","COS","M","?","?","R","E","?","T","E","?","M","R","E","R","B",null,"M","?","M","M","COS","R","?","M","T","?","M","E","R","?","R","B","B",null,"R","$","E","B",null],"character_chosen":"MARISA","items_purchased":["SteroidPotion"],"campfire_rested":8,"item_purchase_floors":[54],"current_hp_per_floor":[63,63,42,42,42,42,37,58,58,58,48,72,77,77,77,53,73,73,73,75,67,67,82,64,64,64,39,39,40,66,37,66,61,88,75,75,77,81,81,105,105,107,107,107,108,68,68,68,101,76,44,94,113,113,29,61],"gold":92,"neow_bonus":"THREE_ENEMY_KILL","is_daily":false,"chose_seed":false,"campfire_upgraded":2,"win_rate":0.0,"timestamp":1610195220,"path_taken":["M","COS","?","?","?","R","E","R","T","E","?","R","E","M","R","BOSS","M","COS","?","?","?","R","E","?","T","E","?","M","R","E","R","BOSS","M","?","M","M","COS","R","?","M","T","?","M","E","R","?","R","BOSS","BOSS","R","$","E","BOSS"],"items_purchased_type":["Potion"],"build_version":"2020-12-22","purchased_purges":1,"victory":true,"max_hp_per_floor":[70,70,70,70,70,70,70,70,70,70,80,80,80,80,80,80,80,80,80,82,82,82,82,84,84,84,86,86,88,88,97,97,97,97,99,99,101,105,105,105,105,107,107,107,111,111,111,111,111,111,111,111,113,113,113,113],"card_choices":[{"not_picked":["ChargingUp","Occultation"],"picked":"GalacticHalo","floor":1.0},{"not_picked":["MilkyWay+1","DarkMatter+1"],"picked":"StarBarrage+1","floor":7.0},{"not_picked":["GalacticHalo","Robbery"],"picked":"MilkyWay","floor":7.0},{"not_picked":["DC","PowerUp"],"picked":"AsteroidBelt","floor":10.0},{"not_picked":["LuminesStrike","StarBarrage"],"picked":"JA","floor":13.0},{"not_picked":["GrandCross","WitchOfGreed"],"picked":"MysteriousBeam","floor":14.0},{"not_picked":["BinaryStars","StarDustReverie"],"picked":"SuperNova","floor":16.0},{"not_picked":["SporeBomb","RefractionSpark+1"],"picked":"Orbital","floor":18.0},{"not_picked":["PowerUp","MysteriousBeam","Robbery"],"picked":"Singing Bowl","floor":20.0},{"not_picked":["ManaConvection","NonDirectionalLaser"],"picked":"Singularity","floor":21.0},{"not_picked":["NonDirectionalLaser+1","SporeBomb"],"picked":"Orbital+1","floor":23.0},{"not_picked":["UnstableBomb","MillisecondPulsars","ManaConvection"],"picked":"Singing Bowl","floor":24.0},{"not_picked":["GravityBeat","DoubleSpark","WitchOfGreed+1"],"picked":"Singing Bowl","floor":27.0},{"not_picked":["MilkyWay","Acceleration","LuminesStrike"],"picked":"Singing Bowl","floor":29.0},{"not_picked":["ShootTheMoon","GravityBeat+1"],"picked":"EnergyRecoil+1","floor":29.0},{"not_picked":["Orbital","DragonMeteor"],"picked":"MilkyWay+1","floor":30.0},{"not_picked":["AsteroidBelt","DC","ChargingUp+1"],"picked":"Singing Bowl","floor":31.0},{"not_picked":["ChargeUpSpray","SporeBomb"],"picked":"6A","floor":32.0},{"not_picked":["CasketOfStar","TreasureHunter"],"picked":"JA","floor":33.0},{"not_picked":["PowerUp","DoubleSpark","6A"],"picked":"Singing Bowl","floor":35.0},{"not_picked":["MagicAbsorber","SprinkleStarSeal"],"picked":"EnergyFlow","floor":35.0},{"not_picked":["Orbital","MeteoricShower"],"picked":"GasGiant+1","floor":37.0},{"not_picked":["PowerUp","WitchOfGreed","NonDirectionalLaser+1"],"picked":"Singing Bowl","floor":37.0},{"not_picked":["IllusionStar+1","SporeBomb","ShootingEcho+1"],"picked":"Singing Bowl","floor":38.0},{"not_picked":["WitchOfGreed","MeteoricShower","LuminesStrike"],"picked":"Singing Bowl","floor":38.0},{"not_picked":["SporeBomb","GalacticHalo"],"picked":"Singularity+1","floor":40.0},{"not_picked":["DoubleSpark","AlicesGift+1"],"picked":"Acceleration","floor":42.0},{"not_picked":["PowerUp","UnstableBomb","WitchLeyline"],"picked":"Singing Bowl","floor":42.0},{"not_picked":["NonDirectionalLaser+1","WitchOfGreed+1","IllusionStar"],"picked":"Singing Bowl","floor":45.0},{"not_picked":["Singularity","PulseMagic","SporeBomb+1"],"picked":"Singing Bowl","floor":45.0},{"not_picked":["DC","DoubleSpark"],"picked":"AsteroidBelt","floor":46.0},{"not_picked":["Gensokyo:NewMoon","Gensokyo:BrilliantDragonBullet"],"picked":"Gensokyo:RisingWorld","floor":48},{"not_picked":["Singularity+1","Acceleration"],"picked":"MysteriousBeam+1","floor":49},{"not_picked":["LuminesStrike","MysteriousBeam","DC"],"picked":"Singing Bowl","floor":53},{"not_picked":["IllusionStar","GravityBeat"],"picked":"EnergyFlow+1","floor":55}],"player_experience":1029214,"relics_obtained":[{"floor":7.0,"key":"Oddly Smooth Stone"},{"floor":9.0,"key":"Boot"},{"floor":10.0,"key":"Singing Bowl"},{"floor":13.0,"key":"Dream Catcher"},{"floor":21.0,"key":"Prayer Wheel"},{"floor":21.0,"key":"CaptainsWheel"},{"floor":24.0,"key":"Potion Belt"},{"floor":26.0,"key":"Pen Nib"},{"floor":27.0,"key":"Ancient Tea Set"},{"floor":31.0,"key":"Strawberry"},{"floor":46.0,"key":"Frozen Egg 2"},{"floor":55,"key":"Blood Vial"}],"event_choices":[],"is_beta":false,"boss_relics":[{"not_picked":["RampagingMagicTools","SacredBark"],"picked":"Fusion Hammer"},{"not_picked":["Astrolabe","Tiny House"],"picked":"Cursed Key"}],"items_purged_floors":[54],"is_endless":false,"potions_floor_spawned":[7,10,21,27,31,35,38,42,45],"ascension_level":20}}