{"host":"4rvakrj1idbgia3f","time":1610201958,"event":{"mods":["BaseMod","Colored Map","Colored Powertips","DeckTracker","Highlight Path","Minty Spire (QoL Compilation)","Random Character Button","StSLib"],"gold_per_floor":[111,121,121,137,147,176,176,206,259,259,259,270,270,280,280,280,280],"floor_reached":16,"playtime":715,"items_purged":[],"score":224,"play_id":"ac4e225f-1d9f-4c99-8cc8-90647833d2da","local_time":"20210109231918","is_ascension_mode":true,"campfire_choices":[{"data":"Neutralize","floor":7,"key":"SMITH"},{"data":"Quick Slash","floor":10,"key":"SMITH"},{"data":"Dagger Spray","floor":13,"key":"SMITH"},{"data":"Backflip","floor":15,"key":"SMITH"}],"circlet_count":0,"master_deck":["AscendersBane","Strike_G","Strike_G","Strike_G","Strike_G","Strike_G","Defend_G","Defend_G","Defend_G","Defend_G","Defend_G","Survivor","Neutralize+1","Dagger Spray+1","Escape Plan","Backflip+1","Backstab","Grand Finale","Quick Slash+1","Escape Plan"],"relics":["Ring of the Snake","NeowsBlessing","WarpedTongs","Nunchaku","Eternal Feather","Bag of Marbles"],"acts_visited":["Exordium"],"potions_floor_usage":[5,6,12,16],"damage_taken":[{"damage":0,"enemies":"Small Slimes","floor":1,"turns":1},{"damage":0,"enemies":"Cultist","floor":2,"turns":1},{"damage":1,"enemies":"Jaw Worm","floor":4,"turns":1},{"damage":0,"enemies":"Lots of Slimes","floor":5,"turns":2},{"damage":39,"enemies":"Lagavulin","floor":6,"turns":8},{"damage":12,"enemies":"3 Sentries","floor":8,"turns":8},{"damage":0,"enemies":"Large Slime","floor":12,"turns":5},{"damage":0,"enemies":"3 Louse","floor":14,"turns":1},{"damage":34,"enemies":"Hexaghost","floor":16,"turns":13}],"seed_played":"3364925431654972417","potions_obtained":[{"floor":2,"key":"Poison Potion"},{"floor":5,"key":"CunningPotion"},{"floor":6,"key":"GhostInAJar"},{"floor":12,"key":"Swift Potion"}],"is_trial":false,"path_per_floor":["M","M","?","M","M","E","R","E","T","R","?","M","R","M","R","B"],"character_chosen":"THE_SILENT","items_purchased":[],"campfire_rested":0,"item_purchase_floors":[],"current_hp_per_floor":[59,59,59,58,58,19,19,7,7,19,12,12,21,21,33,0,0],"gold":280,"neow_bonus":"THREE_ENEMY_KILL","is_daily":false,"chose_seed":false,"campfire_upgraded":4,"win_rate":0.0,"timestamp":1610201958,"path_taken":["M","M","?","M","?","E","R","E","T","R","?","M","R","M","R","BOSS"],"items_purchased_type":[],"build_version":"2020-12-22","purchased_purges":0,"victory":false,"max_hp_per_floor":[66,66,66,66,66,66,66,66,66,66,66,66,66,66,66,66,66],"card_choices":[{"not_picked":["Slice","Bouncing Flask"],"picked":"Dagger Spray","floor":1},{"not_picked":["Terror","Caltrops"],"picked":"Escape Plan","floor":2},{"not_picked":["Dodge and Roll","Endless Agony"],"picked":"Backflip","floor":4},{"not_picked":["Deflect","Bouncing Flask"],"picked":"Backstab","floor":5},{"not_picked":["Calculated Gamble","Choke"],"picked":"Grand Finale","floor":6},{"not_picked":["Dagger Throw","Deflect"],"picked":"Quick Slash","floor":8},{"not_picked":["Poisoned Stab","Flying Knee","Endless Agony"],"picked":"SKIP","floor":12},{"not_picked":["Dagger Spray","Reflex"],"picked":"Escape Plan","floor":14}],"player_experience":1984541,"relics_obtained":[{"floor":6,"key":"Nunchaku"},{"floor":8,"key":"Eternal Feather"},{"floor":9,"key":"Bag of Marbles"}],"event_choices":[{"damage_healed":0,"gold_gain":0,"player_choice":"Rummage","damage_taken":0,"relics_obtained":["WarpedTongs"],"max_hp_gain":0,"max_hp_loss":0,"event_name":"Accursed Blacksmith","floor":3,"gold_loss":0,"cards_obtained":["Pain"]},{"cards_removed":["Pain"],"damage_healed":0,"gold_gain":0,"player_choice":"Card Removal","damage_taken":7,"max_hp_gain":0,"max_hp_loss":0,"event_name":"Golden Wing","floor":11,"gold_loss":0}],"is_beta":false,"boss_relics":[],"items_purged_floors":[],"is_endless":false,"potions_floor_spawned":[2,5,6,12],"killed_by":"Hexaghost","ascension_level":20}}