{"host":"nkolxg4se00n20yf","time":1610191519,"event":{"mods":["BaseMod","CatGirl Mod","Chen","Colored Map","Colored Powertips","Downfall","Friendly Minions","Infinite Spire","Kiyohime????","Marisa????????","Minty Spire (QoL Compilation)","StSLib","Td1madao Mod","The Administrix","The Cursed","The Exalted","The Hierophant","The Servant 0.9.4"],"gold_per_floor":[116,130,144,144,144,144,144,144,144,163,163,3,13,27,27,106,106,124,124,124,124,49,49,7,7,7,32,32,52,66,100,100,174,174,189,205,205,217,229,257,277,277,277,110,138,190,200,200,200,200],"floor_reached":51,"playtime":2102,"items_purged":["Shame","Slimebound:Icky"],"score":1424,"play_id":"018f756a-4ab5-4ae6-86f7-7e7bb48b40ef","local_time":"20210109122519","is_ascension_mode":true,"campfire_choices":[{"floor":6,"key":"REST"},{"floor":11,"key":"REST"},{"data":"Noxious Fumes","floor":15,"key":"SMITH"},{"data":"infinitespire:Starlight","floor":23,"key":"SMITH"},{"data":"Catalyst","floor":25,"key":"SMITH"},{"floor":28,"key":"REST"},{"data":"Slimebound:CheckThePlaybook","floor":32,"key":"SMITH"},{"data":"Terror","floor":42,"key":"SMITH"},{"floor":49,"key":"REST"}],"circlet_count":0,"master_deck":["AscendersBane","Strike_G","Strike_G+1","Strike_G","Strike_G","Defend_G","Defend_G","Defend_G","Survivor+1","Neutralize+1","Masterful Stab","Terror+1","Leg Sweep","infinitespire:Fortify","Catalyst+1","Poisoned Stab","Noxious Fumes+1","Corpse Explosion","Dagger Spray+1","infinitespire:Neurotoxin+1","Dash+1","Backstab","Slimebound:CheckThePlaybook+1","infinitespire:Starlight+1","Bouncing Flask","Footwork+1","PiercingWail","Glass Knife","Phantasmal Killer","Backflip+1","Night Terror","Caltrops","Backstab","Backstab+1","Endless Agony+1","Parasite","infinitespire:TheBestDefense"],"relics":["Ring of the Snake","Letter Opener","Centennial Puzzle","Oddly Smooth Stone","Astrolabe","Peace Pipe","Ring of the Serpent","infinitespire:EmpoweringShard","Thread and Needle","infinitespire:EmpoweringShard","Du-Vu Doll","Bromod:ArcaneEnergize","Frozen Egg 2","Bromod:ArcaneMomentum","Nunchaku","Tingsha","Shovel","Juzu Bracelet"],"acts_visited":["Exordium","TheCity","TheBeyond"],"potions_floor_usage":[12,16,27,31,50],"damage_taken":[{"damage":0,"enemies":"Cultist","floor":1,"turns":4},{"damage":6,"enemies":"Jaw Worm","floor":2,"turns":5},{"damage":0,"enemies":"2 Louse","floor":3,"turns":3},{"damage":0,"enemies":"Looter","floor":10,"turns":3},{"damage":0,"enemies":"Exordium Wildlife","floor":13,"turns":3},{"damage":0,"enemies":"2 Fungi Beasts","floor":14,"turns":3},{"damage":2,"enemies":"Hexaghost","floor":16,"turns":7},{"damage":20,"enemies":"Shell Parasite","floor":18,"turns":7},{"damage":37,"enemies":"Gremlin Leader","floor":27,"turns":7},{"damage":0,"enemies":"Chosen","floor":29,"turns":4},{"damage":0,"enemies":"3 Cultists","floor":30,"turns":2},{"damage":10,"enemies":"Slavers","floor":31,"turns":2},{"damage":27,"enemies":"Automaton","floor":33,"turns":6},{"damage":0,"enemies":"3 Darklings","floor":35,"turns":3},{"damage":0,"enemies":"Orb Walker","floor":36,"turns":3},{"damage":0,"enemies":"Sphere and 2 Shapes","floor":38,"turns":4},{"damage":0,"enemies":"Spire Growth","floor":39,"turns":3},{"damage":9,"enemies":"Giant Head","floor":40,"turns":5},{"damage":0,"enemies":"Transient","floor":41,"turns":6},{"damage":23,"enemies":"Nemesis","floor":45,"turns":5},{"damage":10,"enemies":"2 Orb Walkers","floor":46,"turns":4},{"damage":9,"enemies":"Writhing Mass","floor":47,"turns":4},{"damage":20,"enemies":"infinitespire:MassOfShapes","floor":50,"turns":6}],"seed_played":"949858292273249619","potions_obtained":[{"floor":1,"key":"SkillPotion"},{"floor":10,"key":"FairyPotion"},{"floor":13,"key":"DistilledChaos"},{"floor":18,"key":"champ:CounterPotion"},{"floor":30,"key":"DistilledChaos"},{"floor":35,"key":"SneckoOil"},{"floor":36,"key":"champ:CounterPotion"},{"floor":39,"key":"Fire Potion"},{"floor":46,"key":"Poison Potion"}],"is_trial":false,"path_per_floor":["M","M","M","?","?","R","?","?","T","M","R","$","M","M","R","B",null,"M","?","?","AVR","$","R","$","R","T","E","R","M","M","E","R","B",null,"M","M","?","M","M","E","M","R","T","$","E","?","M","AVR","R","B",null],"character_chosen":"THE_SILENT","items_purchased":["Fruit Juice","Poisoned Stab","Bouncing Flask","Nunchaku"],"campfire_rested":4,"item_purchase_floors":[12,12,24,44],"current_hp_per_floor":[59,53,53,38,18,37,26,26,26,26,45,50,50,50,50,48,65,45,45,45,45,45,45,45,45,45,23,44,59,59,61,61,49,66,71,71,71,71,71,71,71,71,71,71,48,38,29,29,50,45],"gold":200,"neow_bonus":"UPGRADE_CARD","is_daily":false,"chose_seed":false,"campfire_upgraded":5,"win_rate":0.0,"timestamp":1610191519,"path_taken":["M","M","M","?","?","R","?","?","T","M","R","$","M","M","R","BOSS","M","?","?","AVR","?","R","$","R","T","E","R","M","M","E","R","BOSS","M","M","?","M","M","E","M","R","T","$","E","?","M","AVR","R","BOSS"],"items_purchased_type":["Potion","Card","Card","Relic"],"build_version":"2020-12-22","purchased_purges":2,"victory":true,"max_hp_per_floor":[66,66,66,66,66,66,66,66,66,66,66,71,71,71,71,71,71,71,71,71,71,71,71,71,71,71,71,71,71,71,71,71,71,71,71,71,71,71,71,71,71,71,71,71,71,71,71,71,71,71],"card_choices":[{"not_picked":["Calculated Gamble","PiercingWail"],"picked":"Masterful Stab","floor":1},{"not_picked":["Acrobatics","Quick Slash"],"picked":"Terror","floor":2},{"not_picked":["Distraction","Tactician"],"picked":"Leg Sweep","floor":3},{"not_picked":["infinitespire:Starlight","infinitespire:Collect"],"picked":"infinitespire:Fortify","floor":4},{"not_picked":["Concentrate","Well Laid Plans"],"picked":"Catalyst","floor":10},{"not_picked":["Concentrate","Terror"],"picked":"Blade Dance","floor":13},{"not_picked":["Reflex","Cloak And Dagger"],"picked":"Noxious Fumes","floor":14},{"not_picked":["Unload","A Thousand Cuts"],"picked":"Corpse Explosion","floor":16},{"not_picked":["Underhanded Strike","Dagger Spray"],"picked":"Backstab","floor":18},{"not_picked":["PiercingWail","Crippling Poison"],"picked":"Footwork+1","floor":27},{"not_picked":["Outmaneuver","Deadly Poison"],"picked":"PiercingWail","floor":29},{"not_picked":["PiercingWail","Deadly Poison","Finisher+1"],"picked":"SKIP","floor":30},{"not_picked":["Underhanded Strike","Finisher"],"picked":"Glass Knife","floor":31},{"not_picked":["Bullet Time","Storm of Steel"],"picked":"Phantasmal Killer","floor":33},{"not_picked":["Dagger Spray","Underhanded Strike"],"picked":"Backflip+1","floor":35},{"not_picked":["Underhanded Strike","Dagger Throw+1"],"picked":"Night Terror","floor":36},{"not_picked":["Deadly Poison","Blur+1"],"picked":"Caltrops","floor":38},{"not_picked":["Sucker Punch","Predator+1"],"picked":"Backstab","floor":39},{"not_picked":["Deadly Poison","Infinite Blades+1"],"picked":"Backstab+1","floor":40},{"not_picked":["PiercingWail","Poisoned Stab","Skewer"],"picked":"SKIP","floor":41},{"not_picked":["Underhanded Strike","Choke","Backflip"],"picked":"SKIP","floor":45},{"not_picked":["Quick Slash","Prepared"],"picked":"Endless Agony+1","floor":46},{"not_picked":["Poisoned Stab","Deflect+1","All Out Attack"],"picked":"SKIP","floor":47}],"player_experience":1084873,"relics_obtained":[{"floor":8,"key":"Centennial Puzzle"},{"floor":9,"key":"Oddly Smooth Stone"},{"floor":26,"key":"Thread and Needle"},{"floor":27,"key":"infinitespire:EmpoweringShard"},{"floor":31,"key":"Du-Vu Doll"},{"floor":40,"key":"Frozen Egg 2"},{"floor":43,"key":"Bromod:ArcaneMomentum"},{"floor":45,"key":"Tingsha"},{"floor":46,"key":"Shovel"}],"event_choices":[{"damage_healed":0,"gold_gain":0,"player_choice":"Entered Light","damage_taken":20,"max_hp_gain":0,"max_hp_loss":0,"event_name":"Shining Light","floor":5,"gold_loss":0,"cards_upgraded":["Strike_G","Survivor"]},{"damage_healed":0,"gold_gain":0,"player_choice":"Success","damage_taken":11,"relics_obtained":["Letter Opener"],"max_hp_gain":0,"max_hp_loss":0,"event_name":"Scrap Ooze","floor":7,"gold_loss":0},{"damage_healed":0,"gold_gain":0,"player_choice":"Stole Relic","damage_taken":0,"relics_obtained":["Peace Pipe"],"max_hp_gain":0,"max_hp_loss":0,"event_name":"Addict","floor":20,"gold_loss":0,"cards_obtained":["Shame"]},{"cards_removed":["Blade Dance"],"damage_healed":0,"gold_gain":0,"player_choice":"Removed Skill","damage_taken":0,"max_hp_gain":0,"max_hp_loss":0,"event_name":"Falling","floor":37,"gold_loss":0},{"damage_healed":0,"gold_gain":0,"player_choice":"Fight","damage_taken":0,"max_hp_gain":0,"max_hp_loss":0,"event_name":"Mysterious Sphere","floor":46,"gold_loss":0}],"is_beta":false,"boss_relics":[{"not_picked":["Bromod:ArcaneBarrier","Sozu"],"picked":"Astrolabe"},{"not_picked":["Runic Dome","Fusion Hammer"],"picked":"Bromod:ArcaneEnergize"}],"items_purged_floors":[21,22],"is_endless":false,"potions_floor_spawned":[1,10,13,14,18,30,35,36,39,46],"ascension_level":18}}