{"host":"T","time":1610196830,"event":{"mods":["Aspiration","BaseMod","Downfall","GungeonMod","Hunter ¡‘»À","Minty Spire (QoL Compilation)","READ ME - Guardian Mod","Relic Stats","StSLib","The Alterego","The Cursed","The Jungle","The Poker Player","The Runesmith","The Servant 0.9.4"],"gold_per_floor":[99,113,127,144,244,254,254,1,15,115,40,53,53,53,53],"floor_reached":13,"playtime":2144,"items_purged":["hexamod:Strike"],"score":102,"play_id":"53852e21-04f6-4df7-af45-80a404702d38","local_time":"20210109205350","is_ascension_mode":false,"campfire_choices":[{"floor":1,"key":"RECALL"},{"floor":11,"key":"REST"}],"circlet_count":0,"master_deck":["hexamod:Strike","hexamod:Strike","hexamod:Strike","hexamod:Defend","hexamod:Defend","hexamod:Sear","hexamod:Float","hexamod:GhostOfSpirePresent","hexamod:RadiantFlame","hexamod:Again","hexamod:ExtraCrispy+1","hexamod:FifthSeal","hexamod:SixthSeal","hexamod:GhostOfSpirePast","hexamod:FastForward"],"relics":["hexamod:SpiritBrand","White Beast Statue","downfall:HeartBlessingBlue"],"acts_visited":["Exordium"],"potions_floor_usage":[5,6,8,9,10,10,10,12,13],"damage_taken":[{"damage":0,"enemies":"Jaw Worm","floor":2,"turns":3},{"damage":0,"enemies":"Cultist","floor":3,"turns":3},{"damage":0,"enemies":"2 Louse","floor":4,"turns":3},{"damage":11,"enemies":"downfall:LadyInBlue","floor":5,"turns":11},{"damage":1,"enemies":"Blue Slaver","floor":6,"turns":4},{"damage":9,"enemies":"downfall:FleeingMerchant","floor":8,"turns":4},{"damage":8,"enemies":"3 Louse","floor":9,"turns":3},{"damage":37,"enemies":"downfall:Heads","floor":10,"turns":6},{"damage":12,"enemies":"Exordium Thugs","floor":12,"turns":4},{"damage":37,"enemies":"3 Sentries","floor":13,"turns":4}],"seed_played":"-7086874456320992506","potions_obtained":[{"floor":2,"key":"Strength Potion"},{"floor":4,"key":"EssenceOfSteel"},{"floor":5,"key":"BlessingOfTheForge"},{"floor":5,"key":"BlessingOfTheForge"},{"floor":6,"key":"Slimebound:ThreeZeroPotion"},{"floor":8,"key":"Guardian:BlockOnCardUsePotion"},{"floor":9,"key":"DistilledChaos"},{"floor":10,"key":"Swift Potion"},{"floor":12,"key":"SneckoOil"}],"is_trial":false,"path_per_floor":["R","M","M","M","?","M","T","$","M","?","R","M","E"],"character_chosen":"THE_SPIRIT","items_purchased":["hexamod:FifthSeal"],"campfire_rested":1,"item_purchase_floors":[8],"current_hp_per_floor":[77,77,77,77,66,65,65,56,48,11,47,35,0,0,0],"gold":53,"neow_bonus":"TEN_PERCENT_HP_BONUS","is_daily":false,"chose_seed":false,"campfire_upgraded":0,"win_rate":0.0,"timestamp":1610196830,"path_taken":["R","M","M","M","?","?","T","$","M","?","R","M","E"],"items_purchased_type":["Card"],"build_version":"2020-12-18","purchased_purges":1,"victory":false,"max_hp_per_floor":[77,77,77,77,77,77,77,77,77,77,87,87,87,87,87],"relic_stats":{"counters":[10,45],"obtain_stats":[{"downfall:HeartBlessingBlue":11,"DemoMod:GlassGuonStoneRelic":2,"hexamod:SpiritBrand":0,"White Beast Statue":5},{"downfall:HeartBlessingBlue":8,"DemoMod:GlassGuonStoneRelic":1,"hexamod:SpiritBrand":0,"White Beast Statue":4},{"downfall:HeartBlessingBlue":37,"DemoMod:GlassGuonStoneRelic":3,"hexamod:SpiritBrand":0,"White Beast Statue":20}]},"card_choices":[{"not_picked":["hexamod:GhostLash","hexamod:HauntingEcho"],"picked":"hexamod:GhostOfSpirePresent","floor":2},{"not_picked":["hexamod:ThermalTransfer","hexamod:Rewind"],"picked":"hexamod:RadiantFlame","floor":3},{"not_picked":["hexamod:NightmareGuise","hexamod:Hexaguard","hexamod:ShieldOfDarkness"],"picked":"SKIP","floor":4},{"not_picked":["hexamod:NightmareGuise","hexamod:ShieldOfDarkness"],"picked":"hexamod:Again","floor":5},{"not_picked":["hexamod:Hexaguard","hexamod:SpectersWail","hexamod:SwordOfDarkness"],"picked":"SKIP","floor":6},{"not_picked":["hexamod:NightmareStrike","hexamod:HeatMetal"],"picked":"hexamod:ExtraCrispy","floor":8},{"not_picked":["hexamod:SecondSeal","hexamod:ThirdSeal"],"picked":"hexamod:SixthSeal","floor":9},{"not_picked":["hexamod:RainOfEmbers","hexamod:CatchUp"],"picked":"hexamod:GhostOfSpirePast","floor":9},{"not_picked":["hexamod:GhostLash","hexamod:BurningTouch","hexamod:HauntingEcho"],"picked":"SKIP","floor":12}],"player_experience":384781,"relics_obtained":[{"floor":5,"key":"White Beast Statue"}],"event_choices":[],"is_beta":true,"boss_relics":[],"items_purged_floors":[8],"is_endless":false,"potions_floor_spawned":[2,4,5,6,8,9,10,12],"killed_by":"3 Sentries","ascension_level":0}}