{"host":"yecadp3kwkksam5a","time":1610179323,"event":{"mods":["BaseMod","Minty Spire (QoL Compilation)","StSLib"],"gold_per_floor":[111,111,36,36,56,99,99,114,114,152,152,175,175,218,218,313,376,399,399,399,423,448,491,491,535,559,593,643,444,444,162,162,257,257,273,292,292,312,325,325,364,364,387,387,387,418,187,218,218,218,218,218,218,43,77,77],"floor_reached":57,"playtime":2649,"items_purged":["Dagger Spray","Bouncing Flask","Deflect","Flechettes","Crippling Poison"],"score":3699,"play_id":"5c661f35-9b97-4f1c-980f-e45f689ed025","local_time":"20210109170203","daily_mods":["Draft"],"is_ascension_mode":true,"campfire_choices":[{"data":"Prepared","floor":11.0,"key":"SMITH"},{"data":"Calculated Gamble","floor":13.0,"key":"SMITH"},{"data":"Reflex","floor":15.0,"key":"SMITH"},{"data":"Acrobatics","floor":24.0,"key":"SMITH"},{"data":"Flechettes","floor":30,"key":"SMITH"},{"floor":32,"key":"RECALL"},{"data":"Finesse","floor":40,"key":"SMITH"},{"data":"Backflip","floor":45,"key":"SMITH"},{"data":"Well Laid Plans","floor":49,"key":"SMITH"},{"data":"Acrobatics","floor":53,"key":"SMITH"}],"circlet_count":0,"master_deck":["AscendersBane","Flechettes+1","Backflip+1","Acrobatics+1","Prepared+1","Concentrate+1","Calculated Gamble+1","Reflex+1","Tactician+1","Adrenaline","Acrobatics+1","Finesse+1","Well Laid Plans+1"],"relics":["Ring of the Snake","Golden Idol","Incense Burner","Bottled Lightning","Paper Crane","Lantern","Tiny House","Enchiridion","Strawberry","Gambling Chip","Singing Bowl","Medical Kit","Empty Cage","Snake Skull","HornCleat","MealTicket","Toxic Egg 2","White Beast Statue","Orichalcum"],"acts_visited":["Exordium","TheCity","TheBeyond","TheEnding"],"potions_floor_usage":[56,56],"damage_taken":[{"damage":5.0,"enemies":"Jaw Worm","floor":1.0,"turns":2.0},{"damage":0.0,"enemies":"Cultist","floor":5.0,"turns":1.0},{"damage":0.0,"enemies":"Gremlin Nob","floor":6.0,"turns":2.0},{"damage":0.0,"enemies":"Small Slimes","floor":8.0,"turns":1.0},{"damage":0.0,"enemies":"Lagavulin","floor":10.0,"turns":2.0},{"damage":0.0,"enemies":"Exordium Thugs","floor":12.0,"turns":2.0},{"damage":11.0,"enemies":"3 Sentries","floor":14.0,"turns":5.0},{"damage":15.0,"enemies":"The Guardian","floor":16.0,"turns":4.0},{"damage":0.0,"enemies":"Spheric Guardian","floor":18.0,"turns":1.0},{"damage":0.0,"enemies":"Chosen","floor":21.0,"turns":1.0},{"damage":1.0,"enemies":"Centurion and Healer","floor":22.0,"turns":2.0},{"damage":0.0,"enemies":"Gremlin Leader","floor":23.0,"turns":1.0},{"damage":0.0,"enemies":"Slavers","floor":25.0,"turns":1.0},{"damage":0.0,"enemies":"Gremlin Leader","floor":27.0,"turns":1.0},{"damage":0,"enemies":"Collector","floor":33,"turns":1},{"damage":0,"enemies":"3 Shapes","floor":35,"turns":1},{"damage":0,"enemies":"3 Darklings","floor":36,"turns":1},{"damage":0,"enemies":"Sphere and 2 Shapes","floor":38,"turns":1},{"damage":0,"enemies":"Maw","floor":39,"turns":1},{"damage":0,"enemies":"Giant Head","floor":41,"turns":1},{"damage":0,"enemies":"Nemesis","floor":46,"turns":1},{"damage":0,"enemies":"Giant Head","floor":48,"turns":1},{"damage":0,"enemies":"Donu and Deca","floor":50,"turns":1},{"damage":2,"enemies":"Time Eater","floor":51,"turns":3},{"damage":0,"enemies":"Shield and Spear","floor":55,"turns":1},{"damage":0,"enemies":"The Heart","floor":56,"turns":4}],"seed_played":"2690919406796218585","potions_obtained":[{"floor":12.0,"key":"FearPotion"},{"floor":14.0,"key":"GhostInAJar"}],"is_trial":true,"path_per_floor":["M","?","$","?","M","E","?","M","T","E","R","M","R","E","R","B",null,"M","?","?","M","M","E","R","E","T","E","?","$","R","$","R","B",null,"M","M","?","M","M","R","E","T","T","?","R","E","$","E","R","B","B",null,"R","$","E","B",null],"character_chosen":"THE_SILENT","items_purchased":["Finesse","Medical Kit","Well Laid Plans"],"campfire_rested":0,"item_purchase_floors":[29,31,47],"current_hp_per_floor":[54,34,34,34,34,34,34,34,34,34,34,34,34,23,23,8,52,52,31,31,31,30,37,37,37,37,39,39,39,39,39,39,41,67,69,71,67,69,71,71,73,73,73,73,73,75,90,92,92,92,90,95,95,96,98,98],"gold":77,"neow_bonus":"","is_daily":false,"chose_seed":false,"campfire_upgraded":9,"win_rate":0.0,"timestamp":1610179323,"path_taken":["M","?","$","?","M","E","?","M","T","E","R","?","R","E","R","BOSS","M","?","?","M","?","E","R","E","T","E","?","$","R","?","R","BOSS","M","M","?","M","M","R","E","?","T","?","R","E","$","E","R","BOSS","BOSS","R","$","E","BOSS"],"items_purchased_type":["Card","Relic","Card"],"build_version":"2020-12-22","purchased_purges":5,"victory":true,"max_hp_per_floor":[66,66,66,60,60,60,60,60,60,60,60,60,60,60,60,60,65,65,65,65,65,65,72,72,72,72,74,74,74,74,74,74,76,76,78,80,86,88,90,90,92,92,92,92,92,94,94,96,96,96,96,96,96,96,98,98],"card_choices":[{"not_picked":["Slice","Dodge and Roll"],"picked":"Flechettes","floor":0.0},{"not_picked":["Quick Slash","Sucker Punch"],"picked":"Deflect","floor":0.0},{"not_picked":["Dagger Spray","Leg Sweep"],"picked":"Blade Dance","floor":0.0},{"not_picked":["Quick Slash","Cloak And Dagger"],"picked":"Crippling Poison","floor":0.0},{"not_picked":["Underhanded Strike","Bane"],"picked":"Blade Dance","floor":0.0},{"not_picked":["Riddle With Holes","Infinite Blades"],"picked":"Backflip","floor":0.0},{"not_picked":["Blur","Quick Slash"],"picked":"Acrobatics","floor":0.0},{"not_picked":["Dagger Spray","Slice"],"picked":"Prepared","floor":0.0},{"not_picked":["Outmaneuver","Deflect"],"picked":"Concentrate","floor":0.0},{"not_picked":["Eviscerate","Sucker Punch"],"picked":"Calculated Gamble","floor":0.0},{"not_picked":["Dagger Spray","Riddle With Holes"],"picked":"Flechettes","floor":0.0},{"not_picked":["PiercingWail","Backstab"],"picked":"Reflex","floor":0.0},{"not_picked":["Expertise","Setup"],"picked":"Dagger Spray","floor":0.0},{"not_picked":["Sucker Punch","Cloak And Dagger"],"picked":"Underhanded Strike","floor":0.0},{"not_picked":["Prepared","Blade Dance"],"picked":"Deflect","floor":0.0},{"not_picked":["Dagger Throw","Bane"],"picked":"Tactician","floor":1.0},{"not_picked":["Deflect","PiercingWail","Skewer"],"picked":"SKIP","floor":5.0},{"not_picked":["Deadly Poison","Footwork","Unload"],"picked":"SKIP","floor":6.0},{"not_picked":["Sucker Punch","Blur","Dash"],"picked":"SKIP","floor":8.0},{"not_picked":["Heel Hook","Setup","PiercingWail"],"picked":"SKIP","floor":10.0},{"not_picked":["Reflex","Deadly Poison","Underhanded Strike"],"picked":"SKIP","floor":12.0},{"not_picked":["Crippling Poison","Dagger Spray","Skewer"],"picked":"SKIP","floor":14.0},{"not_picked":["Outmaneuver","Underhanded Strike","Flying Knee"],"picked":"SKIP","floor":18.0},{"not_picked":["Outmaneuver","Quick Slash","Infinite Blades"],"picked":"SKIP","floor":21.0},{"not_picked":["Deflect","Outmaneuver"],"picked":"Acrobatics","floor":22.0},{"not_picked":["Heel Hook","Quick Slash","Deadly Poison"],"picked":"SKIP","floor":23.0},{"not_picked":["Acrobatics","Malaise","Backstab"],"picked":"SKIP","floor":25.0},{"not_picked":["Blade Dance","Dodge and Roll+1","Flying Knee"],"picked":"Singing Bowl","floor":27.0},{"not_picked":["Malaise","Glass Knife","Burst"],"picked":"Singing Bowl","floor":33},{"not_picked":["Heel Hook","Deflect+1","Acrobatics"],"picked":"Singing Bowl","floor":35},{"not_picked":["Expertise","Masterful Stab","Crippling Poison"],"picked":"Singing Bowl","floor":36},{"not_picked":["Mind Blast","Madness","Enlightenment"],"picked":"Singing Bowl","floor":37},{"not_picked":["Good Instincts","Panacea","Transmutation"],"picked":"Singing Bowl","floor":37},{"not_picked":["Enlightenment","Violence","Chrysalis"],"picked":"Singing Bowl","floor":37},{"not_picked":["Bane","Backstab","Dagger Spray"],"picked":"Singing Bowl","floor":38},{"not_picked":["Dash+1","Poisoned Stab","Quick Slash"],"picked":"Singing Bowl","floor":39},{"not_picked":["Outmaneuver","Deflect","Cloak And Dagger"],"picked":"Singing Bowl","floor":41},{"not_picked":["Sucker Punch","Blade Dance+1","Storm of Steel+1"],"picked":"Singing Bowl","floor":46},{"not_picked":["Quick Slash","Dagger Spray","Night Terror+1"],"picked":"Singing Bowl","floor":48},{"not_picked":["Concentrate+1","Heel Hook+1","Deadly Poison+1"],"picked":"Singing Bowl","floor":55}],"player_experience":445469,"relics_obtained":[{"floor":6.0,"key":"Incense Burner"},{"floor":9.0,"key":"Bottled Lightning"},{"floor":10.0,"key":"Paper Crane"},{"floor":14.0,"key":"Lantern"},{"floor":19.0,"key":"Enchiridion"},{"floor":23.0,"key":"Strawberry"},{"floor":25.0,"key":"Gambling Chip"},{"floor":27.0,"key":"Singing Bowl"},{"floor":41,"key":"Snake Skull"},{"floor":42,"key":"HornCleat"},{"floor":43,"key":"MealTicket"},{"floor":46,"key":"Toxic Egg 2"},{"floor":48,"key":"White Beast Statue"},{"floor":55,"key":"Orichalcum"}],"event_choices":[{"damage_healed":0.0,"max_hp_gain":0.0,"max_hp_loss":0.0,"gold_gain":0.0,"event_name":"Shining Light","player_choice":"Entered Light","floor":2.0,"gold_loss":0.0,"damage_taken":20.0,"cards_upgraded":["Underhanded Strike","Tactician"]},{"damage_healed":0.0,"max_hp_gain":0.0,"max_hp_loss":6.0,"gold_gain":0.0,"event_name":"Golden Idol","player_choice":"Lose Max HP","floor":4.0,"gold_loss":0.0,"damage_taken":0.0,"relics_obtained":["Golden Idol"]},{"damage_healed":0.0,"max_hp_gain":0.0,"max_hp_loss":0.0,"gold_gain":0.0,"cards_transformed":["Deflect"],"event_name":"Transmorgrifier","player_choice":"Transformed","floor":7.0,"gold_loss":0.0,"damage_taken":0.0,"cards_obtained":["Bouncing Flask"]},{"damage_healed":0.0,"max_hp_gain":0.0,"max_hp_loss":0.0,"gold_gain":0.0,"event_name":"Cursed Tome","player_choice":"Obtained Book","floor":19.0,"gold_loss":0.0,"damage_taken":21.0},{"damage_healed":0.0,"max_hp_gain":0.0,"max_hp_loss":0.0,"gold_gain":0.0,"event_name":"The Library","player_choice":"Read","floor":20.0,"gold_loss":0.0,"damage_taken":0.0,"cards_obtained":["Adrenaline"]},{"damage_healed":0.0,"max_hp_gain":0.0,"max_hp_loss":0.0,"gold_gain":50.0,"event_name":"Nest","player_choice":"Stole From Cult","floor":28.0,"gold_loss":0.0,"damage_taken":0.0},{"damage_healed":0,"gold_gain":0,"player_choice":"Memory 3","damage_taken":10,"max_hp_gain":0,"max_hp_loss":0,"event_name":"SensoryStone","floor":37,"gold_loss":0},{"cards_removed":["Underhanded Strike"],"damage_healed":0,"gold_gain":0,"player_choice":"Removed Attack","damage_taken":0,"max_hp_gain":0,"max_hp_loss":0,"event_name":"Falling","floor":44,"gold_loss":0}],"is_beta":false,"boss_relics":[{"not_picked":["Velvet Choker","Sozu"],"picked":"Tiny House"},{"not_picked":["Fusion Hammer","Cursed Key"],"picked":"Empty Cage"}],"items_purged_floors":[3,29,31,47,54],"is_endless":false,"potions_floor_spawned":[12,14,16,18,27,36,41,46,55],"ascension_level":20}}