{"host":"0v07cr0k93jhgkpm","time":1610231191,"event":{"mods":["BaseMod","Colored Map","DeckTracker","Minty Spire (QoL Compilation)","Quick Restart","SuperFastMode"],"gold_per_floor":[119,119,194,212,212,212,25,25,74,88,31,113,113,131,131,209,209,226,245,245,0,13,13,33,33,33],"floor_reached":25,"playtime":895,"items_purged":[],"score":382,"play_id":"ee0a729b-0847-4c6c-bdae-663b2794a51d","local_time":"20210110072631","is_ascension_mode":true,"campfire_choices":[{"data":"Noxious Fumes","floor":6.0,"key":"SMITH"},{"data":"Apotheosis","floor":8.0,"key":"SMITH"},{"floor":13.0,"key":"REST"},{"floor":15.0,"key":"REST"},{"floor":23,"key":"REST"}],"circlet_count":0,"master_deck":["AscendersBane","Strike_G","Strike_G","Strike_G","Strike_G","Strike_G","Defend_G","Defend_G","Defend_G","Defend_G","Defend_G","Survivor","Neutralize","A Thousand Cuts","Well Laid Plans","Noxious Fumes+1","Apotheosis+1","Tactician","Backflip","Backflip","A Thousand Cuts","Dagger Throw","Ghostly","Ghostly","Ghostly","Blur","Eviscerate+1"],"relics":["Ring of the Snake","Vajra","Blood Vial","HoveringKite","Membership Card","Regal Pillow"],"acts_visited":["Exordium","TheCity"],"potions_floor_usage":[19,25],"damage_taken":[{"damage":8.0,"enemies":"2 Louse","floor":1.0,"turns":5.0},{"damage":0.0,"enemies":"Small Slimes","floor":4.0,"turns":5.0},{"damage":4.0,"enemies":"Jaw Worm","floor":10.0,"turns":3.0},{"damage":26.0,"enemies":"Exordium Wildlife","floor":14.0,"turns":4.0},{"damage":22.0,"enemies":"The Guardian","floor":16.0,"turns":9.0},{"damage":10,"enemies":"Chosen","floor":18,"turns":6},{"damage":40,"enemies":"3 Byrds","floor":19,"turns":5},{"damage":3,"enemies":"Centurion and Healer","floor":22,"turns":7},{"damage":2,"enemies":"Snecko","floor":24,"turns":8},{"damage":39,"enemies":"Gremlin Leader","floor":25,"turns":2}],"seed_played":"6752410690531695242","potions_obtained":[{"floor":1.0,"key":"Poison Potion"},{"floor":4.0,"key":"ColorlessPotion"},{"floor":10.0,"key":"LiquidMemories"},{"floor":19,"key":"AttackPotion"}],"is_trial":false,"path_per_floor":["M","?","?","M","?","R","$","R","T","M","$","T","R","M","R","B",null,"M","M","?","$","M","R","M","E"],"character_chosen":"THE_SILENT","items_purchased":["Apotheosis","Backflip","Membership Card","Regal Pillow"],"campfire_rested":3,"item_purchase_floors":[7,11,21,21],"current_hp_per_floor":[51,56,45,45,34,34,34,34,34,32,32,32,51,27,46,26,55,47,9,9,9,8,32,30,0,0],"gold":33,"neow_bonus":"THREE_RARE_CARDS","is_daily":false,"chose_seed":false,"campfire_upgraded":2,"win_rate":0.0,"timestamp":1610231191,"path_taken":["M","?","?","M","?","R","?","R","T","?","?","?","R","M","R","BOSS","M","M","?","$","M","R","M","E"],"items_purchased_type":["Card","Card","Relic","Relic"],"build_version":"2020-12-22","purchased_purges":0,"victory":false,"max_hp_per_floor":[60,65,65,65,65,65,65,65,65,65,65,65,65,65,65,65,65,65,65,32,32,32,32,32,32,32],"card_choices":[{"not_picked":["Night Terror","Tools of the Trade"],"picked":"A Thousand Cuts","floor":0.0},{"not_picked":["Distraction","Underhanded Strike"],"picked":"Well Laid Plans","floor":1.0},{"not_picked":["Slice","Endless Agony"],"picked":"Noxious Fumes","floor":4.0},{"not_picked":["Calculated Gamble","Outmaneuver"],"picked":"Tactician","floor":10.0},{"not_picked":["Deflect","Dodge and Roll"],"picked":"Backflip","floor":14.0},{"not_picked":["Wraith Form v2","Unload"],"picked":"A Thousand Cuts","floor":16.0},{"not_picked":["Backflip+1","Underhanded Strike+1"],"picked":"Dagger Throw","floor":18},{"not_picked":["Dash","Finisher","Noxious Fumes"],"picked":"SKIP","floor":19},{"not_picked":["Dagger Throw","Dodge and Roll"],"picked":"Blur","floor":22},{"not_picked":["Well Laid Plans","Dagger Spray"],"picked":"Eviscerate+1","floor":24}],"player_experience":2485067,"relics_obtained":[{"floor":9.0,"key":"Blood Vial"}],"event_choices":[{"damage_healed":0.0,"max_hp_gain":5.0,"max_hp_loss":0.0,"gold_gain":0.0,"event_name":"Big Fish","player_choice":"Donut","floor":2.0,"gold_loss":0.0,"damage_taken":0.0},{"damage_healed":0.0,"max_hp_gain":0.0,"max_hp_loss":0.0,"gold_gain":75.0,"event_name":"World of Goop","player_choice":"Gather Gold","floor":3.0,"gold_loss":0.0,"damage_taken":11.0},{"damage_healed":0.0,"max_hp_gain":0.0,"max_hp_loss":0.0,"gold_gain":0.0,"event_name":"Scrap Ooze","player_choice":"Success","floor":5.0,"gold_loss":0.0,"damage_taken":11.0,"relics_obtained":["Vajra"]},{"damage_healed":0,"gold_gain":0,"player_choice":"Became a Ghost","damage_taken":0,"max_hp_gain":0,"max_hp_loss":33,"event_name":"Ghosts","floor":20,"gold_loss":0,"cards_obtained":["Ghostly","Ghostly","Ghostly"]}],"is_beta":false,"boss_relics":[{"not_picked":["Coffee Dripper","Tiny House"],"picked":"HoveringKite"}],"items_purged_floors":[],"is_endless":false,"potions_floor_spawned":[1,4,10,19],"killed_by":"Gremlin Leader","ascension_level":20}}