{"host":"s794kqxf2n1qz2yr","time":1610153830,"event":{"mods":["100% Spire Juice","2.2 Compatiblity","AchievementEnabler","Aspiration","BaseMod","ChefMod","Downfall","Friendly Minions","Hermit","HololiveMod","Melee Mod","Minty Spire (QoL Compilation)","Permanent Neow","StSLib","The Alterego","The Animator","The Disciple","The Marked"],"gold_per_floor":[111,111,111,111,131,156,156,156,156,172,234,72,72,84,84,188,188,208,173,188,238,288,288,288,338,338],"floor_reached":25,"playtime":1590,"items_purged":[],"score":226,"play_id":"06d5fc0e-6a6b-47ab-b818-078be41e91db","local_time":"20210109005710","is_ascension_mode":false,"campfire_choices":[{"data":"alterego_mod:DiscoLights","floor":7,"key":"SMITH"},{"floor":13,"key":"REST"},{"data":"alterego_mod:Swimsuit","floor":15,"key":"SMITH"},{"data":"alterego_mod:IdEs","floor":24,"key":"SMITH"}],"circlet_count":0,"master_deck":["alterego_mod:Strike","alterego_mod:Strike","alterego_mod:Strike","alterego_mod:Strike","alterego_mod:Defend","alterego_mod:Defend","alterego_mod:Defend","alterego_mod:Defend","alterego_mod:Impale","alterego_mod:BigMeatyClaws+1","alterego_mod:BrynhildrsRune","alterego_mod:DiscoLights+1","alterego_mod:Punishment","alterego_mod:Bunnysuit","alterego_mod:Lingerie","alterego_mod:Swimsuit+1","alterego_mod:Cycle","alterego_mod:GachaTicket+1","alterego_mod:DiscoLights+1","alterego_mod:IdEs+1","alterego_mod:IdEs","alterego_mod:DiscoLights+1"],"relics":["alterego_mod:MasochisticConstitution","Frozen Egg 2","Smiling Mask","SsserpentHead","Bottled Flame","aspiration:PoetsPen_weak","Meat on the Bone"],"acts_visited":["Exordium","TheCity"],"potions_floor_usage":[11,16,23],"damage_taken":[{"damage":0,"enemies":"Jaw Worm","floor":1,"turns":4},{"damage":1,"enemies":"Small Slimes","floor":5,"turns":3},{"damage":17,"enemies":"Lagavulin","floor":6,"turns":6},{"damage":0,"enemies":"2 Louse","floor":10,"turns":2},{"damage":17,"enemies":"Lots of Slimes","floor":11,"turns":6},{"damage":4,"enemies":"Exordium Wildlife","floor":14,"turns":4},{"damage":38,"enemies":"Hexaghost","floor":16,"turns":12},{"damage":19,"enemies":"3 Byrds","floor":18,"turns":5},{"damage":27,"enemies":"Shell Parasite","floor":20,"turns":4},{"damage":6,"enemies":"Centurion and Healer","floor":23,"turns":5},{"damage":37,"enemies":"Snake Plant","floor":25,"turns":2}],"seed_played":"-2921721658553403879","potions_obtained":[{"floor":1,"key":"SmokeBomb"},{"floor":5,"key":"Block Potion"},{"floor":6,"key":"ColorlessPotion"}],"is_trial":false,"path_per_floor":["M","?","?","?","M","E","R","?","T","M","M","$","R","M","R","B",null,"M","?","M","?","?","M","R","M"],"character_chosen":"The_Alterego","items_purchased":["alterego_mod:IdEs"],"campfire_rested":1,"item_purchase_floors":[12],"current_hp_per_floor":[70,70,70,70,70,54,54,54,54,54,38,38,59,56,56,29,75,57,57,43,29,29,36,36,0,0],"gold":338,"neow_bonus":"UPGRADE_CARD","is_daily":false,"chose_seed":false,"campfire_upgraded":3,"win_rate":0.0,"timestamp":1610153830,"path_taken":["M","?","?","?","M","E","R","?","T","M","?","$","R","M","R","BOSS","M","?","M","?","?","M","R","?"],"items_purchased_type":["Card"],"build_version":"2020-12-22","purchased_purges":0,"victory":false,"max_hp_per_floor":[70,70,70,70,71,72,72,72,72,72,73,73,73,74,74,75,75,76,76,77,82,82,83,83,83,83],"card_choices":[{"not_picked":["alterego_mod:RidiculouslyBig","alterego_mod:TrashNCrash"],"picked":"alterego_mod:DiscoLights","floor":1},{"not_picked":["alterego_mod:RidiculouslyBig","alterego_mod:Mirror","alterego_mod:DustData"],"picked":"SKIP","floor":5},{"not_picked":["alterego_mod:TrashNCrash","alterego_mod:Cycle"],"picked":"alterego_mod:GachaTicket+1","floor":6},{"not_picked":["alterego_mod:MagicResistance","alterego_mod:Clones"],"picked":"alterego_mod:DiscoLights+1","floor":10},{"not_picked":["alterego_mod:GoddessCore","alterego_mod:1TonWallop","alterego_mod:Exercise"],"picked":"SKIP","floor":11},{"not_picked":["alterego_mod:Undulate","alterego_mod:HighServant","alterego_mod:Valentines"],"picked":"SKIP","floor":14},{"not_picked":["alterego_mod:GIGAMILK","alterego_mod:Venus"],"picked":"alterego_mod:IdEs","floor":16},{"not_picked":["alterego_mod:TrashNCrash","alterego_mod:Nekomimi+1"],"picked":"alterego_mod:DiscoLights+1","floor":18},{"not_picked":["alterego_mod:Pet","alterego_mod:1TonWallop","alterego_mod:BiFurious"],"picked":"SKIP","floor":20}],"player_experience":351606,"relics_obtained":[{"floor":6,"key":"Smiling Mask"},{"floor":9,"key":"Bottled Flame"}],"event_choices":[{"cards_removed":["Injury"],"damage_healed":0,"gold_gain":0,"player_choice":"Forget","damage_taken":0,"max_hp_gain":0,"max_hp_loss":0,"event_name":"Living Wall","floor":4,"gold_loss":0},{"damage_healed":0,"gold_gain":0,"player_choice":"Trade","damage_taken":0,"relics_obtained":["SsserpentHead"],"max_hp_gain":0,"max_hp_loss":0,"event_name":"FaceTrader","floor":8,"gold_loss":0},{"damage_healed":0,"gold_gain":0,"player_choice":"Obtained Relic","damage_taken":0,"relics_obtained":["Meat on the Bone"],"max_hp_gain":0,"max_hp_loss":0,"event_name":"Addict","floor":19,"gold_loss":85},{"damage_healed":0,"gold_gain":0,"player_choice":"Shed Blood","damage_taken":19,"max_hp_gain":5,"max_hp_loss":0,"event_name":"Forgotten Altar","floor":21,"gold_loss":0},{"damage_healed":0,"gold_gain":0,"player_choice":"Ignored","damage_taken":0,"max_hp_gain":0,"max_hp_loss":0,"event_name":"Ghosts","floor":22,"gold_loss":0}],"is_beta":false,"boss_relics":[{"not_picked":["Pandora\u0027s Box","Calling Bell"],"picked":"aspiration:PoetsPen_weak"}],"items_purged_floors":[],"is_endless":false,"potions_floor_spawned":[1,5,6],"killed_by":"Snake Plant","ascension_level":0}}