{"host":"minbhrtlkaoly5f0","time":1610188486,"event":{"mods":["Act Like it!","BaseMod","Colored Map","Colored Powertips","Lobotomy","LobotomyExtend","Luminous","Minty Spire (QoL Compilation)","Quick Restart","StSLib"],"gold_per_floor":[118,293,243,262,277,277,308,308,308,320,84,104,104,121,121,121,121],"floor_reached":16,"playtime":607,"items_purged":["SpecialBullet"],"score":102,"play_id":"72148a21-51c1-41ac-93d5-292f9429fc23","local_time":"20210109183446","is_ascension_mode":false,"campfire_choices":[],"circlet_count":0,"master_deck":["SpecialBullet","SpecialBullet","SpecialBullet","SpecialBullet","SpecialBullet","SpecialBullet","SpecialBullet","InformationCode","SecurityCode","ExtractionCode","WristCuter","Moonlight","SpiderBud","Harmony","BigBadWolf","TodaysExpression","Wellcheers","Pinks","BigBird","FrostShard","ParadiseLost","BlueScar","UniverseFragment","CentralCode"],"relics":["CogitoBucket","Nunchaku","LetterFromLob","CaptainsWheel","Prayer Wheel","ResearcherNote"],"acts_visited":["Exordium"],"potions_floor_usage":[16,16,16],"damage_taken":[{"damage":11,"enemies":"Jaw Worm","floor":1,"turns":3},{"damage":8,"enemies":"Small Slimes","floor":4,"turns":3},{"damage":6,"enemies":"2 Louse","floor":5,"turns":2},{"damage":9,"enemies":"3 Sentries","floor":7,"turns":4},{"damage":12,"enemies":"Exordium Thugs","floor":10,"turns":3},{"damage":25,"enemies":"2 Fungi Beasts","floor":12,"turns":3},{"damage":13,"enemies":"Gremlin Gang","floor":14,"turns":3},{"damage":57,"enemies":"Hexaghost","floor":16,"turns":11}],"seed_played":"1791750075089682949","potions_obtained":[{"floor":7,"key":"EssenceOfSteel"},{"floor":10,"key":"Fire Potion"},{"floor":14,"key":"EssenceOfSteel"}],"is_trial":false,"path_per_floor":["M","?","?","M","M","R","E","R","T","M","$","M","R","M","R","B"],"character_chosen":"Angela","items_purchased":["ParadiseLost"],"campfire_rested":0,"item_purchase_floors":[11],"current_hp_per_floor":[67,67,67,67,69,69,68,68,68,68,68,58,58,61,61,10,10],"gold":121,"neow_bonus":"RANDOM_COMMON_RELIC","is_daily":false,"chose_seed":false,"campfire_upgraded":0,"win_rate":0.0,"timestamp":1610188486,"path_taken":["M","?","?","M","M","R","E","R","T","M","$","M","R","?","R","BOSS"],"items_purchased_type":["Card"],"build_version":"2020-12-22","purchased_purges":1,"victory":false,"max_hp_per_floor":[70,70,70,70,70,70,70,70,70,74,74,74,74,78,78,78,78],"card_choices":[{"not_picked":["SomewhereSpear"],"picked":"WristCuter","floor":1},{"not_picked":["Tough"],"picked":"Moonlight","floor":1},{"not_picked":["Murderer","UniverseFragment"],"picked":"SpiderBud","floor":4},{"not_picked":["CUTE"],"picked":"Harmony","floor":4},{"not_picked":["Beak","BlackSwan_ego"],"picked":"SKIP","floor":4},{"not_picked":["CherryBlossoms","CrumblingArmor"],"picked":"BigBadWolf","floor":5},{"not_picked":["Diffraction"],"picked":"TodaysExpression","floor":5},{"not_picked":["FairyFestival","WallGazer"],"picked":"Wellcheers","floor":7},{"not_picked":["Penitence"],"picked":"Pinks","floor":7},{"not_picked":["Horn","FourthMatchFlame"],"picked":"SKIP","floor":7},{"not_picked":["Scarecrow","FairyFestival"],"picked":"BigBird","floor":10},{"not_picked":["CherryBlossom"],"picked":"FrostShard","floor":10},{"not_picked":["Loneliness","Discord"],"picked":"SKIP","floor":10},{"not_picked":["FourthMatchFlame"],"picked":"BlueScar","floor":12},{"not_picked":["Soda","ShedSkin"],"picked":"SKIP","floor":12},{"not_picked":["PunishingBird","Bloodbath"],"picked":"UniverseFragment","floor":14},{"not_picked":["Penitence","Pleasure"],"picked":"SKIP","floor":14},{"not_picked":["Loneliness","SwordSharpenedByTears"],"picked":"SKIP","floor":14}],"player_experience":27882,"relics_obtained":[{"floor":1,"key":"LetterFromLob"},{"floor":7,"key":"CaptainsWheel"},{"floor":9,"key":"Prayer Wheel"}],"event_choices":[{"damage_healed":0,"gold_gain":175,"player_choice":"AGREE","damage_taken":0,"max_hp_gain":0,"max_hp_loss":0,"event_name":"Liars Game","floor":2,"gold_loss":0,"cards_obtained":["Doubt"]},{"cards_removed":["Doubt"],"damage_healed":0,"gold_gain":0,"player_choice":"Card Removal","damage_taken":0,"max_hp_gain":0,"max_hp_loss":0,"event_name":"The Cleric","floor":3,"gold_loss":50}],"is_beta":false,"boss_relics":[],"items_purged_floors":[11],"is_endless":false,"potions_floor_spawned":[7,10,14],"killed_by":"Hexaghost","ascension_level":0}}