{"host":"5471ir90dlnrorkp","time":1610215989,"event":{"mods":["Aspiration","BaseMod","Beaked The Cultist","Colored Map","Colored Powertips","Displayed Cursed Tome","Hermit","Minty Spire (QoL Compilation)","Random Character Button","Replay The Spire","Shop Mod","StSLib","The Cursed","The Druid","The Marked","The Runesmith","The Witch","TheBandit","thorton"],"gold_per_floor":[116,41,0,0,0,0,50,50,74,87,34,69,85,97,97,200,200,216,231,251,20,36,36,36,36],"floor_reached":24,"playtime":1895,"items_purged":["theMarked:Defend","hermit:ImpendingDoom"],"score":221,"play_id":"8c8b0ddd-3205-4a2c-9516-0fa29da4512a","local_time":"20210109131309","is_ascension_mode":false,"campfire_choices":[{"data":"theMarked:SoldierOfQuellstein","floor":6.0,"key":"SMITH"},{"data":"theMarked:SwordAndMagic","floor":8.0,"key":"SMITH"},{"data":"theMarked:GodGivenPower","floor":15.0,"key":"SMITH"},{"data":"theMarked:HeritageOfTheMarked","floor":23,"key":"SMITH"}],"circlet_count":0,"master_deck":["theMarked:Strike","theMarked:Strike","theMarked:Strike","theMarked:Strike","theMarked:Strike","theMarked:Defend","theMarked:Defend","theMarked:Defend","theMarked:SoldierOfQuellstein+1","theMarked:SwordAndMagic+1","theMarked:HeritageOfTheMarked+1","theMarked:ComboAttacks","theMarked:EternalStudent","theMarked:RogueSparks","ReplayTheSpireMod:Restless Dread","theMarked:GodGivenPower+1","Injury","theMarked:Aftermath"],"relics":["theMarked:ArtifactOfAir","NeowsBlessing","Smiling Mask","ReplayTheSpireMod:Ring of Collecting","Ring of Greed","Membership Card","The Courier","Bronze Scales","Vajra","aspiration:HatOfInfinitePower","Coffee Dripper","Replay:Wax Seal","Runesmith:AutoHammer","HornCleat"],"acts_visited":["Exordium","TheCity"],"potions_floor_usage":[22,22],"damage_taken":[{"damage":0.0,"enemies":"Cultist","floor":1.0,"turns":1.0},{"damage":0.0,"enemies":"Jaw Worm","floor":10.0,"turns":1.0},{"damage":0.0,"enemies":"3 Sentries","floor":12.0,"turns":1.0},{"damage":1.0,"enemies":"2 Louse","floor":13.0,"turns":2.0},{"damage":7.0,"enemies":"Exordium Wildlife","floor":14.0,"turns":3.0},{"damage":12.0,"enemies":"Fading Forest","floor":16.0,"turns":11.0},{"damage":0,"enemies":"Chosen","floor":18,"turns":3},{"damage":18,"enemies":"3 Byrds","floor":19,"turns":2},{"damage":45,"enemies":"Snake Plant","floor":20,"turns":3},{"damage":12,"enemies":"Centurion and Healer","floor":22,"turns":3},{"damage":26,"enemies":"Cultist and Chosen","floor":24,"turns":4}],"seed_played":"5624878528976710568","potions_obtained":[{"floor":1.0,"key":"Weak Potion"},{"floor":13.0,"key":"Block Potion"},{"floor":16.0,"key":"DistilledChaos"},{"floor":19,"key":"FairyPotion"},{"floor":22,"key":"BlessingOfTheForge"}],"is_trial":false,"path_per_floor":["M","$","$","?","$","R","?","R","T","M","?","E","M","M","R","B",null,"M","M","M","$","M","R","M"],"character_chosen":"THE_DEFAULT","items_purchased":["theMarked:HeritageOfTheMarked","Replay:Wax Seal","Runesmith:AutoHammer","HornCleat"],"campfire_rested":0,"item_purchase_floors":[3,21,21,21],"current_hp_per_floor":[70,70,70,67,67,67,67,67,67,67,67,67,66,59,59,47,70,70,52,7,7,21,21,0,0],"gold":36,"neow_bonus":"THREE_ENEMY_KILL","is_daily":false,"chose_seed":false,"campfire_upgraded":4,"win_rate":0.0,"timestamp":1610215989,"path_taken":["M","?","$","?","$","R","?","R","T","?","?","E","?","M","R","BOSS","M","?","?","$","M","R","M"],"items_purchased_type":["Card","Relic","Relic","Relic"],"build_version":"2020-12-22","purchased_purges":2,"victory":false,"max_hp_per_floor":[70,70,70,70,70,70,70,70,70,70,70,70,70,70,70,70,70,70,70,70,70,70,70,70,70],"card_choices":[{"not_picked":["theMarked:HeritageOfTheMarked","theMarked:LightningStrikesTwice"],"picked":"theMarked:SwordAndMagic","floor":1.0},{"not_picked":["theMarked:HeightenedSenses","theMarked:Reabsorb"],"picked":"theMarked:ComboAttacks","floor":10.0},{"not_picked":["theMarked:TwofoldDefense","theMarked:BanishingWave"],"picked":"theMarked:EternalStudent","floor":12.0},{"not_picked":["theMarked:LightningStrikesTwice","theMarked:Frustration"],"picked":"theMarked:RogueSparks","floor":13.0},{"not_picked":["theMarked:Static","theMarked:Parkour"],"picked":"theMarked:GodGivenPower","floor":14.0},{"not_picked":["theMarked:ResourceFulStrike+1","theMarked:WastefulDefense","theMarked:WastefulAttack"],"picked":"SKIP","floor":18},{"not_picked":["theMarked:SwordAndMagic","theMarked:ElectricStrings","theMarked:Overcharge"],"picked":"SKIP","floor":19},{"not_picked":["theMarked:HeightenedSenses","theMarked:WastefulDefense+1"],"picked":"theMarked:Aftermath","floor":20},{"not_picked":["theMarked:TwofoldDefense","theMarked:BanishingStrike","theMarked:WastefulDefense"],"picked":"SKIP","floor":22}],"player_experience":1679079,"relics_obtained":[{"floor":7.0,"key":"ReplayTheSpireMod:Ring of Collecting"},{"floor":7.0,"key":"Ring of Greed"},{"floor":7.0,"key":"Membership Card"},{"floor":7.0,"key":"The Courier"},{"floor":9.0,"key":"Bronze Scales"},{"floor":12.0,"key":"aspiration:HatOfInfinitePower"}],"event_choices":[{"damage_healed":0.0,"max_hp_gain":0.0,"max_hp_loss":0.0,"gold_gain":0.0,"event_name":"Scrap Ooze","player_choice":"Success","floor":4.0,"gold_loss":0.0,"damage_taken":3.0,"relics_obtained":["Smiling Mask"]},{"damage_healed":0.0,"max_hp_gain":0.0,"max_hp_loss":0.0,"gold_gain":0.0,"event_name":"WeMeetAgain","player_choice":"Paid Gold","floor":11.0,"gold_loss":53.0,"damage_taken":0.0,"relics_obtained":["Vajra"]}],"is_beta":false,"boss_relics":[{"not_picked":["Replay:Wanted Poster","Kintsugi"],"picked":"Coffee Dripper"}],"items_purged_floors":[2,21],"is_endless":false,"potions_floor_spawned":[1,13,16,19,22],"killed_by":"Cultist and Chosen","ascension_level":0}}