{"host":"3y2rtlgteqp2nuo3","time":1610196244,"event":{"mods":["2.2 Compatiblity","AchievementEnabler","BaseMod","Colored Map","DeckTracker","Highlight Path","Keyboard Shortcuts","Minty Spire (QoL Compilation)","Permanent Neow","Quick Restart","StSLib","SuperFastMode","everything is the same but u backflip on backflip"],"gold_per_floor":[112,37,2,18,29,29,56,68,107,119,131,143,167,247,259,271,271],"floor_reached":16,"playtime":253,"items_purged":["Strike_B"],"score":176,"play_id":"071ae1a8-365f-43a8-982d-8d0c5c5f6382","local_time":"20210109214404","is_ascension_mode":true,"campfire_choices":[{"data":"Sunder","floor":6,"key":"SMITH"},{"data":"Zap","floor":10,"key":"SMITH"},{"data":"Conserve Battery","floor":12,"key":"SMITH"},{"data":"Streamline","floor":15,"key":"SMITH"}],"circlet_count":0,"master_deck":["AscendersBane","Strike_B","Strike_B","Defend_B","Defend_B+1","Defend_B","Defend_B+1","Zap+1","Dualcast","Sunder+1","Undo","Conserve Battery+1","Compile Driver","Sweeping Beam","Streamline+1"],"relics":["Cracked Core","MawBank","War Paint","Cables"],"acts_visited":["Exordium"],"potions_floor_usage":[],"damage_taken":[{"damage":5,"enemies":"Small Slimes","floor":1,"turns":3},{"damage":0,"enemies":"2 Louse","floor":4,"turns":2},{"damage":14,"enemies":"Jaw Worm","floor":5,"turns":4},{"damage":38,"enemies":"Gremlin Nob","floor":7,"turns":4},{"damage":0,"enemies":"Exordium Thugs","floor":13,"turns":3},{"damage":47,"enemies":"Slime Boss","floor":16,"turns":8}],"seed_played":"-1694870886939126909","potions_obtained":[{"floor":1,"key":"SmokeBomb"},{"floor":5,"key":"Strength Potion"}],"is_trial":false,"path_per_floor":["M","$","?","M","M","R","E","$","T","R","?","R","M","T","R","B"],"character_chosen":"DEFECT","items_purchased":[],"campfire_rested":0,"item_purchase_floors":[],"current_hp_per_floor":[59,59,71,71,57,57,19,19,19,19,42,42,42,42,42,0,0],"gold":271,"neow_bonus":"TRANSFORM_CARD","is_daily":false,"chose_seed":false,"campfire_upgraded":4,"win_rate":0.0,"timestamp":1610196244,"path_taken":["M","$","?","M","M","R","E","$","T","R","?","R","?","?","R","BOSS"],"items_purchased_type":[],"build_version":"2020-12-22","purchased_purges":1,"victory":false,"max_hp_per_floor":[71,71,71,71,71,71,71,71,71,71,71,71,71,71,71,71,71],"card_choices":[{"not_picked":["Fusion","Stack"],"picked":"Undo","floor":1},{"not_picked":["Sunder","Cold Snap"],"picked":"Conserve Battery","floor":4},{"not_picked":["Rebound","Go for the Eyes"],"picked":"Compile Driver","floor":5},{"not_picked":["Conserve Battery","Turbo"],"picked":"Sweeping Beam","floor":7},{"not_picked":["Chill","Go for the Eyes"],"picked":"Streamline","floor":13}],"player_experience":653656,"relics_obtained":[{"floor":7,"key":"MawBank"},{"floor":9,"key":"War Paint"},{"floor":14,"key":"Cables"}],"event_choices":[{"damage_healed":17,"gold_gain":0,"player_choice":"Healed","damage_taken":0,"max_hp_gain":0,"max_hp_loss":0,"event_name":"The Cleric","floor":3,"gold_loss":35},{"damage_healed":23,"gold_gain":0,"player_choice":"Banana","damage_taken":0,"max_hp_gain":0,"max_hp_loss":0,"event_name":"Big Fish","floor":11,"gold_loss":0}],"is_beta":false,"boss_relics":[],"items_purged_floors":[2],"is_endless":false,"potions_floor_spawned":[1,5,7],"killed_by":"Slime Boss","ascension_level":16}}