{"host":"ekyl8r8j8fco3zlk","time":1610175315,"event":{"mods":["ATMod(阿瑾Mod)","Act Like it!","Arknights The Spire","BaseMod","CapriCore","Decade(王小明)","Friendly Minions","Gensokyo","Hallownest","Lobotomy","LobotomyExtend","Luminous","Marisa（F雨　魔理沙）","Minty Spire (QoL Compilation)","READ ME - Guardian Mod","Rare Cards Sparkle","Reimu（博丽灵梦）","StSLib","The Alterego","The Bug Knight","The Immortal","The Jungle","Waifu the Spire","WarShipGirlsR/战舰少女R mod","【遗物卡牌】REMEMod"],"gold_per_floor":[119,138,152,252,263,263,263,263,263,278,298,298,313,333,333,433,433,453,468,225,239,251,283,283,283,308,85,102,102,118,80,80,181,181,192,100,120,135,185,213,193,193,219,250,250,300,300,300],"floor_reached":47,"playtime":2307,"items_purged":[],"score":526,"play_id":"4b172238-9e8b-4b84-a627-cb8c53763676","local_time":"20210109145515","is_ascension_mode":false,"campfire_choices":[{"floor":6,"key":"REST"},{"data":"REME_Flogging","floor":8,"key":"SMITH"},{"data":"ats:Blood Oath","floor":12,"key":"SMITH"},{"data":"ats:Ambush","floor":15,"key":"SMITH"},{"data":"ats:Rapid Magazine","floor":29,"key":"SMITH"},{"data":"ats:Flexible Camouflage","floor":32,"key":"SMITH"},{"data":"ats:Neurotoxin","floor":45,"key":"SMITH"}],"circlet_count":0,"master_deck":["ats:Strike C","ats:Strike G","ats:Strike S","ats:Strike V","ats:Armor Crushing Shot","ats:Defend","ats:Defend","ats:Defend","ats:Defend","ats:Emotion Absorption","ats:Ambush+1","ats:Automatic Cover","ats:Childhood Dance","ats:Poison Spread","ats:Blood Oath+1","REME_Flogging+1","ats:Flexible Camouflage+1","ats:Leaping Hammer+1","ats:Consecutive Shot Auto+1","ats:Explosion Area Strengthen+1","ats:Disruption Kick+1","ats:Powerful Strike+1","ats:Cat Scratch+1","REME_EyeOfCthun+1","ats:Directed Diagnosis","ats:Rapid Magazine+1","ats:Hammer On+1","ats:Overload+1","ats:Demon Strength+1","ats:Shell Defense","ats:Neurotoxin+1","ats:Rat Pack","AT_PowerWithin","ats:Part Time Job+1","ats:Closed Bolt Burst Fire+1","ats:Healing Strengthening+1","ats:Curse Doll+1","ats:Apocalypse"],"relics":["ats:Sanity","AT_ATBox","REME_ComplimentaryCards","LetterFromLob","Molten Egg 2","RedLine:ReiMu","ats:Originium","Mango","alterego_mod:SomeoneToFightFor","Orichalcum","AT_ArchangelStaff","Black Star","Shovel","TungstenRod","ats:Rhine Circuitry","AT_SpeedBoots","HollowMod:PaleOreRelic","ats:Berate","AT_BellDemon"],"acts_visited":["Exordium","TheCity","TheBeyond"],"potions_floor_usage":[18,23,23,33,37,39,46],"damage_taken":[{"damage":0,"enemies":"Cultist","floor":1,"turns":4},{"damage":11,"enemies":"Jaw Worm","floor":2,"turns":4},{"damage":5,"enemies":"2 Louse","floor":3,"turns":5},{"damage":45,"enemies":"Exordium Wildlife","floor":5,"turns":8},{"damage":0,"enemies":"Looter","floor":10,"turns":3},{"damage":0,"enemies":"Large Slime","floor":11,"turns":4},{"damage":9,"enemies":"Blue Slaver","floor":13,"turns":2},{"damage":0,"enemies":"Exordium Thugs","floor":14,"turns":3},{"damage":28,"enemies":"The Guardian","floor":16,"turns":8},{"damage":5,"enemies":"Chosen","floor":18,"turns":2},{"damage":5,"enemies":"3 Byrds","floor":19,"turns":3},{"damage":10,"enemies":"Centurion and Healer","floor":21,"turns":4},{"damage":11,"enemies":"Snecko","floor":22,"turns":3},{"damage":13,"enemies":"Slavers","floor":23,"turns":2},{"damage":9,"enemies":"Shelled Parasite and Fungi","floor":28,"turns":3},{"damage":0,"enemies":"Centurion and Healer","floor":30,"turns":5},{"damage":58,"enemies":"Collector","floor":33,"turns":8},{"damage":17,"enemies":"Orb Walker","floor":35,"turns":3},{"damage":9,"enemies":"3 Darklings","floor":37,"turns":3},{"damage":49,"enemies":"4 Shapes","floor":38,"turns":5},{"damage":47,"enemies":"2 Orb Walkers","floor":39,"turns":5},{"damage":74,"enemies":"Giant Head","floor":40,"turns":10},{"damage":44,"enemies":"Nemesis","floor":44,"turns":8},{"damage":47,"enemies":"Spire Growth","floor":46,"turns":6},{"damage":81,"enemies":"Giant Head","floor":47,"turns":7}],"seed_played":"-3068692227520928772","potions_obtained":[{"floor":1,"key":"GrandPatriotsElixir:ReiMu"},{"floor":3,"key":"SmokeBomb"},{"floor":5,"key":"FearPotion"},{"floor":10,"key":"Energy Potion"},{"floor":14,"key":"SteroidPotion"},{"floor":18,"key":"DuplicationPotion"},{"floor":19,"key":"CultistPotion"},{"floor":21,"key":"ats:Top Emergency Sanity Potion"},{"floor":23,"key":"SkillPotion"},{"floor":30,"key":"BlessingOfTheForge"},{"floor":33,"key":"SkillPotion"},{"floor":37,"key":"DistilledChaos"},{"floor":44,"key":"REME_GoldPotion"}],"is_trial":false,"path_per_floor":["M","M","M","?","M","R","M","R","T","M","M","R","M","M","R","B",null,"M","M","$","M","M","E","?","?","T","$","M","R","M","$","R","B",null,"M","$","M","M","?","E","?","T","T","E","R","M","E"],"character_chosen":"DOCTOR_CLASS","items_purchased":["REME_EyeOfCthun+1","ats:Directed Diagnosis","AT_ArchangelStaff","ats:Overload+1","ats:Neurotoxin","AT_PowerWithin"],"campfire_rested":1,"item_purchase_floors":[20,20,27,27,31,36],"current_hp_per_floor":[72,61,56,56,11,32,32,32,32,35,38,38,34,39,39,21,72,72,72,72,62,56,62,62,62,62,62,74,74,86,86,86,65,86,69,69,65,57,18,13,13,13,13,17,17,19,0,0],"gold":300,"neow_bonus":"ONE_RANDOM_RARE_CARD","is_daily":false,"chose_seed":false,"campfire_upgraded":6,"win_rate":0.0,"timestamp":1610175315,"path_taken":["M","?","?","?","M","R","M","R","T","M","?","R","M","M","R","BOSS","M","M","$","M","M","E","?","?","T","?","M","R","M","$","R","BOSS","M","$","M","M","?","E","?","?","T","E","R","?","E"],"items_purchased_type":["Card","Card","Relic","Card","Card","Card"],"build_version":"2020-12-22","purchased_purges":0,"victory":false,"max_hp_per_floor":[72,72,72,72,72,72,72,72,72,72,72,72,72,72,72,72,72,72,72,72,72,72,86,86,86,86,86,86,86,86,86,86,86,86,86,86,86,86,86,86,86,86,86,86,86,86,86,86],"card_choices":[{"not_picked":["ats:Beaten Up","ats:Ignite"],"picked":"ats:Automatic Cover","floor":1},{"not_picked":["ats:LN2 Cannon","ats:Cat Scratch"],"picked":"ats:Childhood Dance","floor":2},{"not_picked":["ats:Assault Order","ats:Leaping Hammer"],"picked":"ats:Poison Spread","floor":3},{"not_picked":["ats:Soul Absorption","ats:Echo Reverb"],"picked":"ats:Blood Oath","floor":5},{"not_picked":["ats:Shell Defense","ats:Revitalization"],"picked":"ats:Flexible Camouflage","floor":10},{"not_picked":["ats:Ambush","ats:Ignite+1"],"picked":"ats:Leaping Hammer+1","floor":11},{"not_picked":["ats:Soul Absorption","ats:Defend Order"],"picked":"ats:Consecutive Shot Auto+1","floor":13},{"not_picked":["ats:Poison Spread+1","ats:Encircling Forest"],"picked":"ats:Explosion Area Strengthen+1","floor":14},{"not_picked":["ats:Ambush","ats:Roar Of Ursus"],"picked":"ats:Disruption Kick+1","floor":16},{"not_picked":["ats:Encircling Forest","ats:Steam Pump"],"picked":"ats:Powerful Strike+1","floor":18},{"not_picked":["ats:Shell Defense","ats:Thorns"],"picked":"ats:Cat Scratch+1","floor":19},{"not_picked":["ats:Support Order","ats:Charging Defense+1"],"picked":"ats:Rapid Magazine","floor":21},{"not_picked":["ats:Cat Scratch+1","ats:Childhood Dance"],"picked":"ats:Hammer On+1","floor":22},{"not_picked":["ats:Leaping Hammer+1","ats:Poison Spread+1","ats:Composite Medical Shells"],"picked":"SKIP","floor":23},{"not_picked":["ats:Healing Strengthening","ats:Disruption Kick+1"],"picked":"ats:Demon Strength+1","floor":28},{"not_picked":["ats:Demon Strength","ats:Explosion Area Strengthen+1"],"picked":"ats:Shell Defense","floor":30},{"not_picked":["ats:Durian","ats:Fractured Body"],"picked":"ats:Rat Pack","floor":33},{"not_picked":["ats:Directed Diagnosis+1","ats:Explosion Area Strengthen+1","ats:Leaping Hammer+1"],"picked":"SKIP","floor":35},{"not_picked":["ats:Healing Drone","ats:Sunburst+1"],"picked":"ats:Part Time Job+1","floor":37},{"not_picked":["ats:Rapid Magazine","ats:Poison Spread+1"],"picked":"ats:Closed Bolt Burst Fire+1","floor":38},{"not_picked":["ats:Flexible Camouflage","ats:Curse Doll"],"picked":"ats:Healing Strengthening+1","floor":39},{"not_picked":["ats:Dogmatic Field","ats:Automatic Cover+1"],"picked":"ats:Curse Doll+1","floor":40},{"not_picked":["ats:Revitalization","ats:Assault Order"],"picked":"ats:Apocalypse","floor":44},{"not_picked":["ats:Curse Doll+1","ats:Childhood Dance+1","ats:Consecutive Shot Auto+1"],"picked":"SKIP","floor":46}],"player_experience":678926,"relics_obtained":[{"floor":1,"key":"LetterFromLob"},{"floor":9,"key":"Molten Egg 2"},{"floor":23,"key":"ats:Originium"},{"floor":23,"key":"Mango"},{"floor":26,"key":"Orichalcum"},{"floor":39,"key":"Shovel"},{"floor":40,"key":"ats:Originium"},{"floor":40,"key":"TungstenRod"},{"floor":40,"key":"ats:Rhine Circuitry"},{"floor":42,"key":"AT_SpeedBoots"},{"floor":43,"key":"HollowMod:PaleOreRelic"},{"floor":44,"key":"ats:Originium"},{"floor":44,"key":"ats:Berate"},{"floor":44,"key":"AT_BellDemon"}],"event_choices":[{"damage_healed":0,"gold_gain":100,"player_choice":"Pray","damage_taken":0,"max_hp_gain":0,"max_hp_loss":0,"event_name":"Golden Shrine","floor":4,"gold_loss":0},{"damage_healed":0,"gold_gain":0,"player_choice":"Choice 2","damage_taken":0,"relics_obtained":["alterego_mod:SomeoneToFightFor"],"max_hp_gain":0,"max_hp_loss":0,"event_name":"爱的神圣花园","floor":25,"gold_loss":0},{"damage_healed":0,"gold_gain":0,"player_choice":"Fight","damage_taken":0,"max_hp_gain":0,"max_hp_loss":0,"event_name":"Mysterious Sphere","floor":39,"gold_loss":0}],"is_beta":false,"boss_relics":[{"not_picked":["REME_DemonsWealth","Velvet Choker"],"picked":"RedLine:ReiMu"},{"not_picked":["Calling Bell","SlaversCollar"],"picked":"Black Star"}],"items_purged_floors":[],"is_endless":false,"potions_floor_spawned":[1,3,5,10,14,18,19,21,23,30,33,37,38,44],"killed_by":"Giant Head","ascension_level":0}}