{"host":"minbhrtlkaoly5f0","time":1610185937,"event":{"mods":["Act Like it!","BaseMod","Colored Map","Colored Powertips","Lobotomy","LobotomyExtend","Luminous","Minty Spire (QoL Compilation)","Quick Restart","StSLib"],"gold_per_floor":[111,129,129,54,54,89,89,89,89,89,89,89,101,119,119,119,119],"floor_reached":16,"playtime":502,"items_purged":["SpecialBullet"],"score":98,"play_id":"3161b8df-5c08-44fb-9e6d-f7c043055998","local_time":"20210109175217","is_ascension_mode":false,"campfire_choices":[],"circlet_count":0,"master_deck":["SpecialBullet","SpecialBullet","SpecialBullet","SpecialBullet","SpecialBullet","SecurityCode","WelfareCode","CrumblingArmor","FourthMatchFlame","SoundOfStar","Parasite","TrainingCode","OldLady","SomewhereSpear"],"relics":["CogitoBucket","LetterFromLob","Regal Pillow","Lantern","Pen Nib"],"acts_visited":["Exordium"],"potions_floor_usage":[16,16,16],"damage_taken":[{"damage":18,"enemies":"Jaw Worm","floor":1,"turns":3},{"damage":6,"enemies":"Cultist","floor":2,"turns":3},{"damage":34,"enemies":"Lagavulin","floor":6,"turns":7},{"damage":11,"enemies":"Small Slimes","floor":13,"turns":3},{"damage":14,"enemies":"Looter","floor":14,"turns":3},{"damage":53,"enemies":"Slime Boss","floor":16,"turns":8}],"seed_played":"9203958332785391010","potions_obtained":[{"floor":0,"key":"Strength Potion"},{"floor":0,"key":"BlessingOfTheForge"},{"floor":0,"key":"SpeedPotion"}],"is_trial":false,"path_per_floor":["M","M","?","$","?","E","?","R","T","?","R","T","M","M","R","B"],"character_chosen":"Angela","items_purchased":[],"campfire_rested":0,"item_purchase_floors":[],"current_hp_per_floor":[60,62,62,62,55,29,49,49,49,66,66,66,63,57,57,4,4],"gold":119,"neow_bonus":"THREE_SMALL_POTIONS","is_daily":false,"chose_seed":false,"campfire_upgraded":0,"win_rate":0.0,"timestamp":1610185937,"path_taken":["M","M","?","?","?","E","?","R","T","?","R","?","M","M","R","BOSS"],"items_purchased_type":[],"build_version":"2020-12-22","purchased_purges":1,"victory":false,"max_hp_per_floor":[70,70,70,70,70,70,70,70,70,70,70,70,70,70,70,70,70],"card_choices":[{"not_picked":["VoidDream","WallGazer"],"picked":"CrumblingArmor","floor":1},{"not_picked":["RedEyes"],"picked":"CherryBlossom","floor":1},{"not_picked":["GreenStem"],"picked":"FourthMatchFlame","floor":1},{"not_picked":["Soda"],"picked":"Gaze","floor":2},{"not_picked":["Regret_ego","FrostShard"],"picked":"SKIP","floor":6},{"not_picked":["ShyLook","CherryBlossoms"],"picked":"OldLady","floor":13},{"not_picked":["Pleasure"],"picked":"SomewhereSpear","floor":13},{"not_picked":["CUTE","BearPaw"],"picked":"SKIP","floor":14}],"player_experience":27882,"relics_obtained":[{"floor":1,"key":"LetterFromLob"},{"floor":6,"key":"Regal Pillow"},{"floor":9,"key":"Lantern"},{"floor":12,"key":"Pen Nib"}],"event_choices":[{"damage_healed":0,"gold_gain":0,"player_choice":"2 cards matched","damage_taken":0,"max_hp_gain":0,"max_hp_loss":0,"event_name":"Match and Keep!","floor":3,"gold_loss":0,"cards_obtained":["SoundOfStar","Dark Shackles"]},{"cards_removed":["SpecialBullet"],"damage_healed":0,"gold_gain":0,"player_choice":"Card Removal","damage_taken":7,"max_hp_gain":0,"max_hp_loss":0,"event_name":"Golden Wing","floor":5,"gold_loss":0},{"damage_healed":17,"gold_gain":0,"player_choice":"Healed and dodged fight","damage_taken":0,"max_hp_gain":0,"max_hp_loss":0,"event_name":"Mushrooms","floor":10,"gold_loss":0,"cards_obtained":["Parasite"]}],"is_beta":false,"boss_relics":[],"items_purged_floors":[4],"is_endless":false,"potions_floor_spawned":[1,2,13],"killed_by":"Slime Boss","ascension_level":0}}