{"host":"ha6p5pdchuduffeg","time":1610189585,"event":{"mods":["Act Like it!","BaseMod","Gensokyo","KinomotoSakuraMod(ƒæ÷Æ±æ”£)","Koishi","Marisa£®ÏF”Í°°ƒß¿Ì…≥£©","Minty Spire (QoL Compilation)","Reimu£®≤©¿ˆ¡È√Œ£©","Remilia£®¿Ÿ√◊¿Ú—«£©","Replay The Spire","StSLib","The Servant 0.9.4","Youmu£®ªÍ∆«—˝√Œ£©"],"gold_per_floor":[112,112,124,135,145,178,178,196,221,169,169,213,213,213,213,325,325,344,344,200,200,277,277,74,74,99,124,179,209,267,25,25,159,159,180,204,537,563,785,823,863,863,863,890,96,27,27,50,50,74],"floor_reached":51,"playtime":2052,"items_purged":["Gluttony_TH","Envy_TH","Wrath_TH","Looming Evil"],"score":1024,"play_id":"689b89b2-01cf-46bc-babb-290af84c2a80","local_time":"20210109185305","is_ascension_mode":true,"campfire_choices":[{"floor":11.0,"key":"REST"},{"floor":13.0,"key":"REST"},{"floor":15.0,"key":"DIG"},{"floor":23,"key":"REST"},{"floor":25,"key":"REST"},{"floor":32,"key":"REST"},{"floor":42,"key":"REST"},{"floor":49,"key":"REST"}],"circlet_count":0,"master_deck":["Strike_R","Strike_R","Strike_R","Strike_R+1","Strike_R+1","Defend_R","Defend_R","Defend_R+1","Defend_R+1","Bash+1","Shrug It Off+1","Heavy Blade","Run Through","Spot Weakness","Spot Weakness","Bludgeon+1","Heavy Blade+1","Cleave+1","Run Through+1","Hallucinations","Replay:Undeath\u0027s Touch+1","Sickly","Decay","Bloodletting+1","Shame","Twin Strike+1","Gensokyo:ImpossibleRequest","Limit Break","CurseOfTheBell","Cleave+1","Uppercut+1"],"relics":["Burning Blood","WingedGreaves","Replay:Bandana","Mummified Hand","CrazyTorch:ReiMu","Gremlin Food","Replay:Ancient Bell","RuthlessExorcism:ReiMu","Molten Egg 2","Shovel","ReplayTheSpireMod:Ring of Collecting","ReplayTheSpireMod:Ring of Exchange","Ring of Greed","Membership Card","Brimstone","Replay:Baseball","Ring of Searing","Orichalcum","Red Mask","Juzu Bracelet","Replay:Wax Seal","Toolbox","Replay:Grab Bag","SlaversCollar","Sozu","Black Star","Matryoshka","ReplayTheSpireMod:TigerMarble","Ring of Peace","Darkstone Periapt","Replay:WaspNest","Pantograph","ReplayTheSpireMod:Shallot","Calling Bell","Omamori","Toxic Egg 2","Another Sword"],"acts_visited":["Exordium","TheCity","TheBeyond"],"potions_floor_usage":[16,16,28,33,50,50],"damage_taken":[{"damage":2.0,"enemies":"Small Slimes","floor":1.0,"turns":4.0},{"damage":1.0,"enemies":"Cultist","floor":3.0,"turns":3.0},{"damage":9.0,"enemies":"2 Louse","floor":4.0,"turns":3.0},{"damage":9.0,"enemies":"Looter","floor":5.0,"turns":4.0},{"damage":40.0,"enemies":"Lagavulin","floor":6.0,"turns":8.0},{"damage":17.0,"enemies":"Large Slime","floor":8.0,"turns":8.0},{"damage":52,"enemies":"Slime Boss","floor":16,"turns":11},{"damage":84,"enemies":"Spheric Guardian","floor":18,"turns":8},{"damage":14,"enemies":"Chosen","floor":27,"turns":2},{"damage":24,"enemies":"Slavers","floor":28,"turns":3},{"damage":10,"enemies":"3 Cultists","floor":29,"turns":3},{"damage":8,"enemies":"Masked Bandits","floor":30,"turns":3},{"damage":62,"enemies":"Pondfish","floor":33,"turns":5},{"damage":5,"enemies":"Orb Walker","floor":35,"turns":2},{"damage":11,"enemies":"3 Shapes","floor":36,"turns":3},{"damage":13,"enemies":"Jaw Worm Horde","floor":38,"turns":3},{"damage":64,"enemies":"Reptomancer","floor":40,"turns":4},{"damage":1,"enemies":"Writhing Mass","floor":41,"turns":3},{"damage":22,"enemies":"4 Shapes","floor":44,"turns":4},{"damage":0,"enemies":"Jaw Worm Horde","floor":46,"turns":4},{"damage":0,"enemies":"Writhing Mass","floor":48,"turns":4},{"damage":66,"enemies":"Replay:Hell Engine","floor":50,"turns":7}],"seed_played":"-3851611261009198304","potions_obtained":[{"floor":1.0,"key":"LifebloodPotion"},{"floor":3.0,"key":"DistilledChaos"},{"floor":5.0,"key":"ColorlessPotion"},{"floor":7.0,"key":"Toxic Potion"},{"floor":29,"key":"ElixirPotion"},{"floor":30,"key":"PowerPotion"},{"floor":33,"key":"LiquidMemories"}],"is_trial":false,"path_per_floor":["M","?","M","M","M","E","?","M","T","$","R","?","R","T","R","B",null,"M","?","$","?","T","R","$","R","T","M","E","M","?","$","R","B",null,"M","M","?","M","?","E","M","R","T","M","$","M","?","M","R","B",null],"character_chosen":"IRONCLAD","items_purchased":["Spot Weakness","Bludgeon+1","Brimstone","Heavy Blade+1","BloodPotion","LifebloodPotion","Juzu Bracelet","Replay:Wax Seal","Toolbox","Pantograph","Limit Break","ReplayTheSpireMod:Shallot","Calling Bell"],"campfire_rested":7,"item_purchase_floors":[10,20,24,24,24,24,31,31,31,45,45,45,45],"current_hp_per_floor":[88,88,88,85,82,48,48,37,37,37,63,28,54,54,54,8,88,10,10,10,10,10,36,36,62,62,54,53,49,47,47,73,17,88,88,83,83,76,76,18,23,49,49,33,45,69,69,75,97,37],"gold":74,"neow_bonus":"TEN_PERCENT_HP_BONUS","is_daily":false,"chose_seed":false,"campfire_upgraded":0,"win_rate":0.0,"timestamp":1610189585,"path_taken":["M","?","?","M","M","E","?","M","T","?","R","?","R","?","R","BOSS","M","?","$","?","?","R","$","R","T","M","E","?","?","$","R","BOSS","M","M","?","M","?","E","M","R","T","M","$","M","?","M","R","BOSS"],"items_purchased_type":["Card","Card","Relic","Card","Potion","Potion","Relic","Relic","Relic","Relic","Card","Relic","Relic"],"build_version":"2020-12-22","purchased_purges":4,"victory":true,"max_hp_per_floor":[88,88,88,88,88,88,88,88,88,88,88,88,88,88,88,88,88,88,88,88,88,88,88,88,88,88,88,88,88,88,88,88,88,88,88,88,88,88,88,88,88,88,88,88,100,100,97,97,97,97],"card_choices":[{"not_picked":["Iron Wave","Clothesline","Metallicize"],"picked":"SKIP","floor":1.0},{"not_picked":["Perfected Strike","Armaments","ReplayTheSpireMod:LeadingStrike"],"picked":"SKIP","floor":3.0},{"not_picked":["ReplayTheSpireMod:Muscle Training","Combust"],"picked":"Shrug It Off","floor":4.0},{"not_picked":["Clash","Replay:Undeath\u0027s Touch"],"picked":"Heavy Blade","floor":5.0},{"not_picked":["Hemogenesis","Iron Wave","ReplayTheSpireMod:LeadingStrike"],"picked":"SKIP","floor":6.0},{"not_picked":["Twin Strike","Iron Wave"],"picked":"Run Through","floor":8.0},{"not_picked":["Pain","Replay:Hysterical Blindness"],"picked":"Envy_TH","floor":17},{"not_picked":["Greed_TH","Parasite"],"picked":"Gluttony_TH","floor":17},{"not_picked":["Wraith","ReplayTheSpireMod:IOU"],"picked":"Replay:Sluggish","floor":17},{"not_picked":["Defy Death","Shrug It Off","True Grit+1"],"picked":"SKIP","floor":18},{"not_picked":["Brutality","Anger+1"],"picked":"Cleave+1","floor":27},{"not_picked":["Pommel Strike+1","Dark Embrace","Wild Strike+1"],"picked":"SKIP","floor":28},{"not_picked":["ReplayTheSpireMod:Strike From Hell+1","Abandon"],"picked":"Run Through+1","floor":29},{"not_picked":["ReplayTheSpireMod:Strike From Hell+1","Reckless Charge+1","Entrench+1"],"picked":"SKIP","floor":35},{"not_picked":["Rupture+1","Iron Wave+1"],"picked":"Replay:Undeath\u0027s Touch+1","floor":36},{"not_picked":["Perfected Strike+1","Iron Wave+1"],"picked":"Bloodletting+1","floor":38},{"not_picked":["Demon Form","Dark Embrace+1"],"picked":"Twin Strike+1","floor":40},{"not_picked":["Bloodletting+1","Warcry","Replay:Undeath\u0027s Touch+1"],"picked":"SKIP","floor":41},{"not_picked":["Havoc+1","Clash+1","Thunderclap+1"],"picked":"SKIP","floor":44},{"not_picked":["Clothesline+1","Run Through+1"],"picked":"Cleave+1","floor":46},{"not_picked":["Wild Strike+1","Run Through+1"],"picked":"Uppercut+1","floor":48}],"player_experience":30010,"relics_obtained":[{"floor":6.0,"key":"WingedGreaves"},{"floor":9.0,"key":"Replay:Bandana"},{"floor":12.0,"key":"Mummified Hand"},{"floor":14.0,"key":"CrazyTorch:ReiMu"},{"floor":15.0,"key":"Gremlin Food"},{"floor":19,"key":"ReplayTheSpireMod:Ring of Collecting"},{"floor":19,"key":"ReplayTheSpireMod:Ring of Exchange"},{"floor":22,"key":"Ring of Greed"},{"floor":22,"key":"Golden Idol"},{"floor":22,"key":"Membership Card"},{"floor":26,"key":"Replay:Baseball"},{"floor":26,"key":"Ring of Searing"},{"floor":28,"key":"Orichalcum"},{"floor":30,"key":"Red Mask"},{"floor":40,"key":"Matryoshka"},{"floor":40,"key":"ReplayTheSpireMod:TigerMarble"},{"floor":43,"key":"Ring of Peace"},{"floor":43,"key":"Darkstone Periapt"},{"floor":43,"key":"Replay:WaspNest"},{"floor":45,"key":"Omamori"},{"floor":45,"key":"Toxic Egg 2"},{"floor":45,"key":"Another Sword"}],"event_choices":[{"damage_healed":0.0,"max_hp_gain":0.0,"max_hp_loss":0.0,"gold_gain":0.0,"event_name":"Upgrade Shrine","player_choice":"Upgraded","floor":2.0,"gold_loss":0.0,"damage_taken":0.0,"cards_upgraded":["Bash"]},{"damage_healed":0.0,"max_hp_gain":0.0,"max_hp_loss":0.0,"gold_gain":0.0,"event_name":"Lab","player_choice":"Got Potions","floor":7.0,"gold_loss":0.0,"damage_taken":0.0},{"damage_healed":0,"gold_gain":0,"player_choice":"Fought Bandits","damage_taken":0,"max_hp_gain":0,"max_hp_loss":0,"event_name":"Masked Bandits","floor":30,"gold_loss":0},{"damage_healed":0,"gold_gain":333,"player_choice":"Gave Idol","damage_taken":0,"max_hp_gain":0,"max_hp_loss":0,"event_name":"The Moai Head","floor":37,"relics_lost":["Golden Idol"],"gold_loss":0},{"damage_healed":0,"gold_gain":222,"player_choice":"Wore Mask","damage_taken":0,"max_hp_gain":0,"max_hp_loss":0,"event_name":"Tomb of Lord Red Mask","floor":39,"gold_loss":0},{"damage_healed":0,"gold_gain":0,"cards_transformed":["Parasite"],"player_choice":"Transformed","damage_taken":0,"max_hp_gain":0,"max_hp_loss":0,"event_name":"Transmorgrifier","floor":47,"gold_loss":0,"cards_obtained":["ReplayTheSpireMod:Restless Dread"]}],"is_beta":false,"boss_relics":[{"not_picked":["Velvet Choker","ReplayTheSpireMod:DimensionalGlitch"],"picked":"Replay:Ancient Bell"},{"not_picked":["Replay:Rubber Ducky","Bag of Preparation"],"picked":"RuthlessExorcism:ReiMu"},{"not_picked":["Replay:Bottled Snecko","Paper Frog"],"picked":"Molten Egg 2"},{"not_picked":["Peace Pipe","Pondfish Scales"],"picked":"Shovel"},{"not_picked":["Fusion Hammer","Cauldron"],"picked":"Replay:Grab Bag"},{"not_picked":["ChewingGum","Philosopher\u0027s Stone"],"picked":"SlaversCollar"},{"not_picked":["Coffee Dripper","Circlet"],"picked":"Sozu"},{"not_picked":["Snecko Eye","SacredBark"],"picked":"Black Star"}],"items_purged_floors":[20,24,31,45],"is_endless":false,"potions_floor_spawned":[1,3,5,8,29,30,33,36,40,41,44,46],"ascension_level":4}}