{"host":"86cuvgv6d0efted3","time":1610229424,"event":{"mods":["AchievementEnabler","Act Like it!","BaseMod","Better Synergies","BetterRewards","Colored Map","Colored Powertips","Downfall","Gremlin Mod","Hermit","Hubris","Minty Spire (QoL Compilation)","Quick Restart","Replay The Spire","Shop Mod","StSLib","The Druid"],"gold_per_floor":[10,10,23,48,65,96,108,108,158,333,368,368,390,409,409,512,812,831,831,831,831,128,128,128,128,153,192,217,217,251,270,270,275,275],"floor_reached":33,"playtime":14124,"items_purged":["Pain"],"score":370,"play_id":"66454ca1-8639-4d8c-9ac0-74084540b48c","local_time":"20210109185704","is_ascension_mode":false,"campfire_choices":[{"floor":8.0,"key":"REST"},{"floor":15,"key":"REST"},{"data":"expansioncontent:HyperBeam","floor":23,"key":"SMITH"},{"floor":25,"key":"RECALL"},{"floor":29,"key":"REST"},{"floor":32,"key":"REST"}],"circlet_count":0,"master_deck":["hermit:Strike_Hermit","hermit:Strike_Hermit","hermit:Strike_Hermit","hermit:Strike_Hermit","hermit:Defend_Hermit","hermit:Defend_Hermit","hermit:Defend_Hermit","hermit:Defend_Hermit","hermit:Snapshot","hermit:Covet","hermit:EternalForm","hermit:TrackingShot","hermit:HighNoon","hermit:Scavenge","hermit:Maintenance","hermit:CalledShot","hermit:Manifest","hermit:BlackWind","Doubt","hermit:Maintenance","hermit:Dive","hermit:Malice","hermit:HeroicBravado","Regret","Clumsy","hermit:Reprieve","RitualDagger","Bite","Bite","Bite","Bite","Bite","expansioncontent:HyperBeam+1","hermit:Feint+1","hermit:FlashPowder","hermit:Roulette","hermit:NoHoldsBarred"],"relics":["hermit:Momento","Chameleon Ring","hubris:DeckOfHolding","Replay:Ancient Bell","Vajra","Blue Candle","Old Coin","MealTicket","Counterbalance","hubris:Towel","Bag of Preparation","Ancient Tea Set","Blue Doll"],"acts_visited":["Exordium","TheCity"],"potions_floor_usage":[18,27,28,30,30],"damage_taken":[{"damage":2.0,"enemies":"Small Slimes","floor":1.0,"turns":4.0},{"damage":0.0,"enemies":"Cultist","floor":3.0,"turns":4.0},{"damage":2.0,"enemies":"Jaw Worm","floor":4.0,"turns":3.0},{"damage":3.0,"enemies":"2 Fungi Beasts","floor":5.0,"turns":6.0},{"damage":29.0,"enemies":"3 Sentries","floor":6.0,"turns":10.0},{"damage":11.0,"enemies":"Looter","floor":7.0,"turns":4.0},{"damage":12.0,"enemies":"Lagavulin","floor":11.0,"turns":8.0},{"damage":21.0,"enemies":"Blue Slaver","floor":13.0,"turns":7.0},{"damage":19.0,"enemies":"2 Fungi Beasts","floor":14.0,"turns":6.0},{"damage":44,"enemies":"The Guardian","floor":16,"turns":13},{"damage":30,"enemies":"Chosen","floor":18,"turns":8},{"damage":28,"enemies":"Replay:Snechameleon","floor":27,"turns":6},{"damage":18,"enemies":"Spheric Guardian","floor":28,"turns":6},{"damage":38,"enemies":"Slavers","floor":30,"turns":6},{"damage":12,"enemies":"Snecko","floor":31,"turns":5},{"damage":38,"enemies":"Pondfish","floor":33,"turns":4}],"seed_played":"-209199336101634831","potions_obtained":[{"floor":1.0,"key":"Ancient Potion"},{"floor":4.0,"key":"Adrenaline Potion"},{"floor":7.0,"key":"SteroidPotion"},{"floor":12.0,"key":"Regen Potion"},{"floor":12.0,"key":"Ancient Potion"},{"floor":13.0,"key":"AttackPotion"},{"floor":16,"key":"DistilledChaos"},{"floor":27,"key":"Block Potion"},{"floor":28,"key":"SpeedPotion"}],"is_trial":false,"path_per_floor":["M","?","M","M","M","E","M","R","T","?","E","R","M","M","R","B",null,"M","?","?","?","$","R","?","R","T","E","M","R","E","M","R","B"],"character_chosen":"HERMIT","items_purchased":["hermit:Eclipse","MealTicket","Counterbalance","expansioncontent:HyperBeam"],"campfire_rested":4,"item_purchase_floors":[22,22,22,22],"current_hp_per_floor":[73,73,73,71,68,39,28,50,50,50,38,38,44,25,47,3,75,45,48,42,42,42,42,42,42,42,30,20,36,14,8,24,0,0],"gold":275,"neow_bonus":"THREE_RARE_CARDS","is_daily":false,"chose_seed":false,"campfire_upgraded":1,"win_rate":0.0,"timestamp":1610229424,"path_taken":["M","?","M","?","M","E","M","R","T","?","E","R","M","M","R","BOSS","M","?","?","?","$","R","?","R","T","E","?","R","E","M","R","BOSS"],"items_purchased_type":["Potion","Relic","Relic","Card"],"build_version":"2020-12-22","purchased_purges":1,"victory":false,"max_hp_per_floor":[75,75,75,75,75,75,75,75,75,75,75,75,75,75,75,75,75,75,78,78,54,54,54,54,54,54,54,54,54,54,54,54,54,54],"card_choices":[{"not_picked":["hermit:Dissolve","hermit:HighNoon"],"picked":"hermit:EternalForm","floor":0.0},{"not_picked":["hermit:Cheat","hermit:BodyArmor"],"picked":"hermit:TrackingShot","floor":1.0},{"not_picked":["hermit:Desperado","hermit:Enervate"],"picked":"hermit:Scavenge","floor":3.0},{"not_picked":["hermit:Horror","hermit:Roulette"],"picked":"hermit:Maintenance","floor":4.0},{"not_picked":["hermit:LowProfile","hermit:Quickdraw"],"picked":"hermit:CalledShot","floor":5.0},{"not_picked":["hermit:CalledShot","hermit:Vantage"],"picked":"hermit:Manifest","floor":6.0},{"not_picked":["hermit:Determination","hermit:CalledShot"],"picked":"hermit:BlackWind","floor":7.0},{"not_picked":["hermit:Horror","hermit:Misfire"],"picked":"hermit:Maintenance","floor":11.0},{"not_picked":["hermit:Grudge","hermit:HighCaliber"],"picked":"hermit:Dive","floor":13.0},{"not_picked":["hermit:Glare","hermit:Snipe"],"picked":"hermit:Malice","floor":14},{"not_picked":["hermit:HighNoon","hermit:Reprieve"],"picked":"hermit:HeroicBravado","floor":16},{"not_picked":["hubris:Sloth","Voices"],"picked":"Pain","floor":17},{"not_picked":["ReplayTheSpireMod:IOU","Overencumbered"],"picked":"Regret","floor":17},{"not_picked":["hubris:Greed","hubris:Despair"],"picked":"Clumsy","floor":17},{"not_picked":["hermit:BodyArmor+1","hermit:Gestalt"],"picked":"hermit:Reprieve","floor":18},{"not_picked":["hermit:TrackingShot","hermit:FullyLoaded"],"picked":"hermit:Feint+1","floor":27},{"not_picked":["hermit:TakeCover","hermit:HoleUp"],"picked":"hermit:FlashPowder","floor":28},{"not_picked":["hermit:GoldenBullet","hermit:Enervate"],"picked":"hermit:Roulette","floor":30},{"not_picked":["hermit:Malice+1","hermit:Cheat"],"picked":"hermit:NoHoldsBarred","floor":31}],"player_experience":453974,"relics_obtained":[{"floor":6.0,"key":"Chameleon Ring"},{"floor":11.0,"key":"hubris:DeckOfHolding"},{"floor":26,"key":"Bag of Preparation"},{"floor":27,"key":"Ancient Tea Set"},{"floor":30,"key":"Blue Doll"}],"event_choices":[{"damage_healed":0.0,"max_hp_gain":0.0,"max_hp_loss":0.0,"gold_gain":0.0,"event_name":"Match and Keep!","player_choice":"1 cards matched","floor":2.0,"gold_loss":0.0,"damage_taken":0.0,"cards_obtained":["hermit:HighNoon"]},{"damage_healed":0.0,"max_hp_gain":0.0,"max_hp_loss":0.0,"gold_gain":175.0,"event_name":"Liars Game","player_choice":"AGREE","floor":10.0,"gold_loss":0.0,"damage_taken":0.0,"cards_obtained":["Doubt"]},{"damage_healed":0,"gold_gain":0,"player_choice":"Joined the Cult","damage_taken":6,"max_hp_gain":0,"max_hp_loss":0,"event_name":"Nest","floor":20,"gold_loss":0,"cards_obtained":["RitualDagger"]},{"damage_healed":0,"gold_gain":0,"player_choice":"Became a vampire","damage_taken":0,"max_hp_gain":0,"max_hp_loss":24,"event_name":"Vampires","floor":21,"gold_loss":0,"cards_obtained":["Bite","Bite","Bite","Bite","Bite"]}],"is_beta":false,"boss_relics":[{"not_picked":["Replay:Bronze Core","Black Star"],"picked":"Replay:Ancient Bell"},{"not_picked":["Bronze Scales","Anchor"],"picked":"Vajra"},{"not_picked":["hubris:DisguiseKit","Molten Egg 2"],"picked":"Blue Candle"},{"not_picked":["Bird Faced Urn","Girya"],"picked":"Old Coin"}],"items_purged_floors":[22],"is_endless":false,"potions_floor_spawned":[1,4,7,13,16,27,28],"killed_by":"Pondfish","ascension_level":0}}