{"host":"g01l53quoe6lrer0","time":1610202470,"event":{"mods":["2.2 Compatiblity","AchievementEnabler","BaseMod","Colored Map","Highlight Path","Keyboard Shortcuts","Minty Spire (QoL Compilation)","Permanent Neow","StSLib","SuperFastMode","everything is the same but u backflip on backflip"],"gold_per_floor":[119,119,119,129,141,175,175,192,273,273,273,302,319,329,329,329,329],"floor_reached":16,"playtime":381,"items_purged":[],"score":213,"play_id":"9daf0322-93b7-4b99-b9d6-cd095f07051c","local_time":"20210109232750","is_ascension_mode":true,"campfire_choices":[{"floor":7.0,"key":"REST"},{"floor":10.0,"key":"REST"},{"data":"Sword Boomerang","floor":15.0,"key":"SMITH"}],"circlet_count":0,"master_deck":["AscendersBane","Strike_R","Strike_R+1","Strike_R","Strike_R","Strike_R+1","Defend_R","Defend_R","Defend_R","Defend_R","Armaments","Iron Wave","Ghostly Armor","Body Slam","Whirlwind","Flex","Sword Boomerang+1"],"relics":["Burning Blood","Omamori","Calipers","Gremlin Horn","Ancient Tea Set"],"acts_visited":["Exordium"],"potions_floor_usage":[],"damage_taken":[{"damage":1.0,"enemies":"2 Louse","floor":1.0,"turns":3.0},{"damage":7.0,"enemies":"Jaw Worm","floor":4.0,"turns":4.0},{"damage":9.0,"enemies":"Small Slimes","floor":5.0,"turns":4.0},{"damage":32.0,"enemies":"3 Sentries","floor":6.0,"turns":16.0},{"damage":11.0,"enemies":"Red Slaver","floor":8.0,"turns":4.0},{"damage":51.0,"enemies":"Gremlin Nob","floor":12.0,"turns":5.0},{"damage":16.0,"enemies":"Exordium Thugs","floor":13.0,"turns":5.0},{"damage":4.0,"enemies":"Blue Slaver","floor":14.0,"turns":3.0},{"damage":25,"enemies":"Slime Boss","floor":16,"turns":6}],"seed_played":"4439572111140772876","potions_obtained":[{"floor":1.0,"key":"Swift Potion"},{"floor":4.0,"key":"BlessingOfTheForge"},{"floor":11.0,"key":"SmokeBomb"},{"floor":11.0,"key":"FairyPotion"},{"floor":12.0,"key":"Strength Potion"},{"floor":13.0,"key":"Explosive Potion"}],"is_trial":false,"path_per_floor":["M","?","?","M","M","E","R","M","T","R","?","E","M","M","R","B"],"character_chosen":"IRONCLAD","items_purchased":[],"campfire_rested":2,"item_purchase_floors":[],"current_hp_per_floor":[73,66,43,42,39,13,35,30,30,52,52,7,28,30,30,5,5],"gold":329,"neow_bonus":"RANDOM_COMMON_RELIC","is_daily":false,"chose_seed":false,"campfire_upgraded":1,"win_rate":0.0,"timestamp":1610202470,"path_taken":["M","?","?","?","M","E","R","M","T","R","?","E","M","M","R","BOSS"],"items_purchased_type":[],"build_version":"2020-12-22","purchased_purges":0,"victory":false,"max_hp_per_floor":[75,75,75,75,75,75,75,75,75,75,75,75,75,75,75,75,75],"card_choices":[{"not_picked":["Rampage","Sword Boomerang"],"picked":"Armaments","floor":1.0},{"not_picked":["Second Wind","Thunderclap"],"picked":"Iron Wave","floor":4.0},{"not_picked":["Pommel Strike","Iron Wave"],"picked":"Ghostly Armor","floor":5.0},{"not_picked":["Barricade","Spot Weakness"],"picked":"Body Slam","floor":6.0},{"not_picked":["Warcry","Second Wind","Body Slam"],"picked":"SKIP","floor":8.0},{"not_picked":["Sword Boomerang","Warcry"],"picked":"Whirlwind","floor":12.0},{"not_picked":["Thunderclap","Perfected Strike"],"picked":"Flex","floor":13.0},{"not_picked":["Flex","Heavy Blade"],"picked":"Sword Boomerang","floor":14.0}],"player_experience":106026,"relics_obtained":[{"floor":6.0,"key":"Calipers"},{"floor":9.0,"key":"Gremlin Horn"},{"floor":12.0,"key":"Ancient Tea Set"}],"event_choices":[{"cards_removed":["Bash"],"damage_healed":0.0,"max_hp_gain":0.0,"max_hp_loss":0.0,"gold_gain":0.0,"event_name":"Golden Wing","player_choice":"Card Removal","floor":2.0,"gold_loss":0.0,"damage_taken":7.0},{"damage_healed":0.0,"max_hp_gain":0.0,"max_hp_loss":0.0,"gold_gain":0.0,"event_name":"Shining Light","player_choice":"Entered Light","floor":3.0,"gold_loss":0.0,"damage_taken":23.0,"cards_upgraded":["Strike_R","Strike_R"]},{"damage_healed":0.0,"max_hp_gain":0.0,"max_hp_loss":0.0,"gold_gain":0.0,"event_name":"Lab","player_choice":"Got Potions","floor":11.0,"gold_loss":0.0,"damage_taken":0.0}],"is_beta":false,"boss_relics":[],"items_purged_floors":[],"is_endless":false,"potions_floor_spawned":[1,4,12,13],"killed_by":"Slime Boss","ascension_level":18}}