{"host":"cdnletu4ypo40ld3","time":1610178445,"event":{"mods":["AchievementEnabler","BaseMod","Colored Map","Downfall","Duelist Mod","GifTheSpireLib","Hermit","Highlight Path","Infinite Spire","Jorbs\u0027s Wanderer Trilogy","Marisa????????","Minty Spire (QoL Compilation)","Rare Cards Sparkle","Replay The Spire","StSLib","The Animator","The Bug Knight","The Cursed","The Disciple","The Hierophant","The Runesmith","The Servant 0.9.4"],"gold_per_floor":[114,189,139,139,40,40,52,87,113,126,54,54,154,168,168,268,268,284,277,367,386,99,146,146,153,153,153,156,156,173,73,73,147,147,167,177,177,169,85,85,114,127,151,182,182,31,31,129,129,129,129],"floor_reached":50,"playtime":6163,"items_purged":["Regret","hierophant:Strike_Hierophant"],"score":710,"play_id":"cdff4cc8-125a-4077-8d0e-466882152b21","local_time":"20210109144725","is_ascension_mode":false,"campfire_choices":[{"data":"hierophant:Flagellation","floor":6,"key":"SMITH"},{"data":"hierophant:ThreeLashes","floor":12,"key":"SMITH"},{"floor":24,"key":"RECALL"},{"floor":27,"key":"REST"},{"floor":32,"key":"REST"},{"data":"hierophant:Kindle","floor":40,"key":"SMITH"},{"floor":49,"key":"REST"}],"circlet_count":0,"master_deck":["hierophant:Strike_Hierophant","hierophant:Strike_Hierophant","hierophant:Punish","hierophant:Defend_Hierophant","hierophant:Defend_Hierophant","hierophant:Defend_Hierophant","hierophant:ChurchCoffers","hierophant:Flagellation+1","hierophant:Shelter","hierophant:ThreeLashes+1","hierophant:Mercenaries","hierophant:Smite","hierophant:Embezzle","hierophant:Sermon","hierophant:FieryStrike","hierophant:Kindle","hierophant:Zeal+1","hierophant:DisplayOfPower","hierophant:Mercenaries","hierophant:Doubloon","hierophant:Charity","hierophant:Doubloon","hierophant:RepressedViolence","hierophant:Kindle+1","hierophant:HammerAndAnvil","hierophant:OrnateBuckler+1","hierophant:HolyVerse+1","hierophant:Determination","hierophant:Martyrdom","hierophant:HammerAndAnvil+1","infinitespire:FutureSight","hierophant:ThreeLashes+1","Blind","hierophant:Exaltation+1","Parasite","hierophant:FieryStrike+1","Writhe","hierophant:PassingBell","hierophant:OrnateJavelin+1"],"relics":["hierophant:PropheticMaskRelic","NeowsBlessing","infinitespire:CheckeredPen","Dead Branch","Regal Pillow","Replay:Bronze Core","Blood Vial","Orichalcum","Lantern","Gremlin Horn","Busted Crown","Oddly Smooth Stone","infinitespire:Lucky Rock"],"acts_visited":["Exordium","TheCity","TheBeyond"],"potions_floor_usage":[23,23,23,30,42,45,45,50],"damage_taken":[{"damage":0,"enemies":"Small Slimes","floor":1,"turns":1},{"damage":0,"enemies":"2 Louse","floor":7,"turns":1},{"damage":0,"enemies":"Replay:BlueRogue","floor":8,"turns":1},{"damage":0,"enemies":"Jaw Worm","floor":10,"turns":1},{"damage":0,"enemies":"Lots of Slimes","floor":14,"turns":1},{"damage":0,"enemies":"Slime Boss","floor":16,"turns":5},{"damage":5,"enemies":"Shell Parasite","floor":18,"turns":3},{"damage":15,"enemies":"Snake Plant","floor":19,"turns":3},{"damage":7,"enemies":"Shelled Parasite and Fungi","floor":21,"turns":3},{"damage":15,"enemies":"Replay:Snechameleon","floor":23,"turns":2},{"damage":0,"enemies":"theDuelist:KaibaA2","floor":25,"turns":3},{"damage":0,"enemies":"Centurion and Healer","floor":28,"turns":3},{"damage":16,"enemies":"Snecko","floor":30,"turns":4},{"damage":56,"enemies":"Automaton","floor":33,"turns":8},{"damage":3,"enemies":"3 Shapes","floor":35,"turns":2},{"damage":12,"enemies":"Orb Walker","floor":36,"turns":4},{"damage":19,"enemies":"Transient","floor":38,"turns":5},{"damage":31,"enemies":"4 Shapes","floor":41,"turns":2},{"damage":20,"enemies":"Jaw Worm Horde","floor":42,"turns":3},{"damage":24,"enemies":"Writhing Mass","floor":44,"turns":4},{"damage":33,"enemies":"Reptomancer","floor":45,"turns":8},{"damage":69,"enemies":"Awakened One","floor":50,"turns":4}],"seed_played":"-744464693749331031","potions_obtained":[{"floor":7,"key":"Strength Potion"},{"floor":10,"key":"FearPotion"},{"floor":16,"key":"PowerPotion"},{"floor":25,"key":"Milkshake"},{"floor":28,"key":"Regen Potion"},{"floor":33,"key":"SmokeBomb"},{"floor":35,"key":"Venom Potion"},{"floor":42,"key":"Energy Potion"}],"is_trial":false,"path_per_floor":["M","?","?","?","$","R","M","E","T","M","$","R","?","M","R_BF","B",null,"M","M","?","M","$","E","R","E","T","R","M","?","M","$","R","B",null,"M","M","AVR","M","$","R","M","M","T","M","E","$","?","?","R","B"],"character_chosen":"HIEROPHANT","items_purchased":["hierophant:Shelter","hierophant:Embezzle","hierophant:Doubloon","hierophant:Charity","hierophant:RepressedViolence","Blood Vial","Blind","infinitespire:Lucky Rock"],"campfire_rested":3,"item_purchase_floors":[5,11,22,22,22,22,39,46],"current_hp_per_floor":[75,64,64,64,64,64,64,64,64,64,64,64,64,64,64,64,75,70,55,43,36,36,23,23,25,25,62,64,64,59,59,75,19,75,72,70,70,53,53,53,24,26,26,4,1,1,20,20,57,0,0],"gold":129,"neow_bonus":"THREE_ENEMY_KILL","is_daily":false,"chose_seed":false,"campfire_upgraded":3,"win_rate":0.0,"timestamp":1610178445,"path_taken":["M","?","?","?","$","R","?","E","T","M","?","R","?","?","R_BF","BOSS","M","M","?","M","?","E","R","E","T","R","M","?","M","$","R","BOSS","M","?","AVR","M","$","R","M","M","T","?","E","?","?","?","R","BOSS"],"items_purchased_type":["Card","Card","Card","Card","Card","Relic","Card","Relic"],"build_version":"2020-12-22","purchased_purges":2,"victory":false,"max_hp_per_floor":[75,75,75,75,75,75,75,75,75,75,75,75,75,75,75,75,75,75,75,75,75,75,75,75,75,75,75,75,75,75,75,75,75,75,75,75,75,75,75,75,75,75,75,75,75,75,75,75,75,75,75],"card_choices":[{"not_picked":["hierophant:DisplayOfPower","hierophant:HolyVerse"],"picked":"hierophant:Flagellation","floor":1},{"not_picked":["hierophant:Smite","hierophant:Endure"],"picked":"hierophant:ThreeLashes","floor":7},{"not_picked":["hierophant:Refuge","hierophant:OrnateJavelin"],"picked":"hierophant:Mercenaries","floor":8},{"not_picked":["hierophant:Shelter","hierophant:FlamingChariot"],"picked":"hierophant:Smite","floor":10},{"not_picked":["hierophant:CoinFling","hierophant:RepressedViolence"],"picked":"hierophant:Sermon","floor":14},{"not_picked":["hierophant:MintersHammer","hierophant:Invocation"],"picked":"hierophant:Kindle","floor":16},{"not_picked":["hierophant:Embezzle+1","hierophant:Purify"],"picked":"hierophant:Zeal+1","floor":18},{"not_picked":["hierophant:SealAway+1","hierophant:Shelter+1"],"picked":"hierophant:DisplayOfPower","floor":19},{"not_picked":["hierophant:Upheaval","hierophant:Purify"],"picked":"hierophant:Mercenaries","floor":21},{"not_picked":["hierophant:FaithHealing","hierophant:SealAway"],"picked":"hierophant:Kindle","floor":23},{"not_picked":["hierophant:Kindle","hierophant:RepressedViolence"],"picked":"hierophant:HammerAndAnvil","floor":25},{"not_picked":["hierophant:EyeForCoin+1","hierophant:ThreeLashes"],"picked":"hierophant:OrnateBuckler+1","floor":28},{"not_picked":["hierophant:Zeal+1","hierophant:Doubloon+1"],"picked":"hierophant:HolyVerse+1","floor":30},{"not_picked":["hierophant:Anathema","hierophant:Invocation"],"picked":"hierophant:Determination","floor":33},{"not_picked":[],"picked":"hierophant:Martyrdom","floor":35},{"not_picked":[],"picked":"hierophant:HammerAndAnvil+1","floor":36},{"not_picked":[],"picked":"hierophant:ThreeLashes+1","floor":38},{"not_picked":["hierophant:AuricShield+1"],"picked":"SKIP","floor":41},{"not_picked":[],"picked":"hierophant:Exaltation+1","floor":42},{"not_picked":[],"picked":"hierophant:FieryStrike+1","floor":44},{"not_picked":[],"picked":"hierophant:PassingBell","floor":48},{"not_picked":[],"picked":"hierophant:OrnateJavelin+1","floor":48}],"player_experience":191113,"relics_obtained":[{"floor":8,"key":"Dead Branch"},{"floor":9,"key":"Regal Pillow"},{"floor":23,"key":"Orichalcum"},{"floor":25,"key":"Lantern"},{"floor":26,"key":"Gremlin Horn"},{"floor":43,"key":"Oddly Smooth Stone"}],"event_choices":[{"damage_healed":0,"gold_gain":75,"player_choice":"Gather Gold","damage_taken":11,"max_hp_gain":0,"max_hp_loss":0,"event_name":"World of Goop","floor":2,"gold_loss":0},{"cards_removed":["hierophant:Defend_Hierophant"],"damage_healed":0,"gold_gain":0,"player_choice":"Card Removal","damage_taken":0,"max_hp_gain":0,"max_hp_loss":0,"event_name":"The Cleric","floor":3,"gold_loss":50},{"damage_healed":0,"gold_gain":0,"player_choice":"Box","damage_taken":0,"relics_obtained":["infinitespire:CheckeredPen"],"max_hp_gain":0,"max_hp_loss":0,"event_name":"Big Fish","floor":4,"gold_loss":0,"cards_obtained":["Regret"]},{"damage_healed":0,"gold_gain":100,"player_choice":"Pray","damage_taken":0,"max_hp_gain":0,"max_hp_loss":0,"event_name":"Golden Shrine","floor":13,"gold_loss":0},{"damage_healed":0,"gold_gain":90,"player_choice":"GOLD ","damage_taken":12,"max_hp_gain":0,"max_hp_loss":0,"event_name":"Knowing Skull","floor":20,"potions_obtained":[],"gold_loss":0,"cards_obtained":[]},{"damage_healed":0,"gold_gain":0,"player_choice":"Ignored","damage_taken":0,"max_hp_gain":0,"max_hp_loss":0,"event_name":"N\u0027loth","floor":29,"gold_loss":0},{"damage_healed":19,"gold_gain":0,"player_choice":"Writhe","damage_taken":0,"max_hp_gain":0,"max_hp_loss":0,"event_name":"Winding Halls","floor":47,"gold_loss":0,"cards_obtained":["Writhe"]}],"is_beta":false,"boss_relics":[{"not_picked":["Runic Dome","Sozu"],"picked":"Replay:Bronze Core"},{"not_picked":["Replay:Drink Me","Fusion Hammer"],"picked":"Busted Crown"}],"items_purged_floors":[5,31],"is_endless":false,"potions_floor_spawned":[7,10,16,19,25,28,33,35,42,45],"killed_by":"Awakened One","ascension_level":0}}