{"host":"c97twqu0op5dg8i4","time":1610181784,"event":{"mods":["BaseMod","Minty Spire (QoL Compilation)"],"gold_per_floor":[115,34,52,52,52,85,85,116,139,139,139,139],"floor_reached":11,"playtime":311,"items_purged":[],"score":95,"play_id":"5528a405-7145-4702-84aa-7dbfc5b5c5f9","local_time":"20210109034304","is_ascension_mode":true,"campfire_choices":[{"floor":7,"key":"REST"},{"data":"Sucker Punch","floor":10,"key":"SMITH"}],"circlet_count":0,"master_deck":["Strike_G","Strike_G","Strike_G","Strike_G","Strike_G","Defend_G","Defend_G","Defend_G","Defend_G","Defend_G","Survivor","Neutralize","Adrenaline","Sucker Punch+1","Crippling Poison+1","Terror","Backflip","Crippling Poison"],"relics":["Ring of the Snake","Golden Idol","Smiling Mask","Tiny Chest","Boot"],"acts_visited":["Exordium"],"potions_floor_usage":[],"damage_taken":[{"damage":0,"enemies":"Cultist","floor":1,"turns":4},{"damage":0,"enemies":"Small Slimes","floor":3,"turns":3},{"damage":30,"enemies":"Lagavulin","floor":6,"turns":8},{"damage":21,"enemies":"Gremlin Nob","floor":8,"turns":4},{"damage":21,"enemies":"3 Sentries","floor":11,"turns":8}],"seed_played":"8486621425877282290","potions_obtained":[],"is_trial":false,"path_per_floor":["M","$","M","?","?","E","R","E","T","R","E"],"character_chosen":"THE_SILENT","items_purchased":["Crippling Poison"],"campfire_rested":1,"item_purchase_floors":[2],"current_hp_per_floor":[63,63,63,63,58,28,45,24,24,24,3,3],"gold":139,"neow_bonus":"THREE_RARE_CARDS","is_daily":false,"chose_seed":false,"campfire_upgraded":1,"win_rate":0.0,"timestamp":1610181784,"path_taken":["M","$","?","?","?","E","R","E","T","R","E"],"items_purchased_type":["Card"],"build_version":"2020-12-22","purchased_purges":0,"victory":false,"max_hp_per_floor":[63,63,63,63,58,58,58,58,58,58,58,58],"card_choices":[{"not_picked":["Tools of the Trade","Venomology"],"picked":"Adrenaline","floor":0},{"not_picked":["Prepared","Slice"],"picked":"Sucker Punch","floor":1},{"not_picked":["Cloak And Dagger","Accuracy"],"picked":"Terror","floor":3},{"not_picked":["Infinite Blades","Escape Plan"],"picked":"Backflip","floor":6},{"not_picked":["Choke","Cloak And Dagger"],"picked":"Crippling Poison","floor":8}],"player_experience":261501,"relics_obtained":[{"floor":6,"key":"Smiling Mask"},{"floor":8,"key":"Tiny Chest"},{"floor":9,"key":"Boot"}],"event_choices":[{"damage_healed":0,"gold_gain":0,"player_choice":"Grow","damage_taken":0,"max_hp_gain":0,"max_hp_loss":0,"event_name":"Living Wall","floor":4,"gold_loss":0,"cards_upgraded":["Crippling Poison"]},{"damage_healed":0,"gold_gain":0,"player_choice":"Lose Max HP","damage_taken":0,"relics_obtained":["Golden Idol"],"max_hp_gain":0,"max_hp_loss":5,"event_name":"Golden Idol","floor":5,"gold_loss":0}],"is_beta":false,"boss_relics":[],"items_purged_floors":[],"is_endless":false,"potions_floor_spawned":[],"killed_by":"3 Sentries","ascension_level":4}}