{"host":"mk7yzx85seotzfa8","time":1610209256,"event":{"mods":["BaseMod","Colored Powertips","Marisa£®ÏF”Í°°ƒß¿Ì…≥£©","Minty Spire (QoL Compilation)","StSLib"],"gold_per_floor":[118,118,293,304,304,304,336,336,391,401,411,40,40,57,57,159,159,174,174,186,101,101,101,101],"floor_reached":23,"playtime":1802,"items_purged":["Doubt"],"score":189,"play_id":"803ff8e7-2212-42ab-891d-2eb81b1787d2","local_time":"20210110002056","is_ascension_mode":false,"campfire_choices":[{"data":"OrrerysSun","floor":6,"key":"SMITH"},{"floor":8,"key":"REST"},{"floor":13,"key":"REST"},{"data":"ManaRampage","floor":15,"key":"SMITH"}],"circlet_count":0,"master_deck":["Strike_MRS+1","Strike_MRS","Strike_MRS","Strike_MRS","Defend_MRS","Defend_MRS","Defend_MRS","Defend_MRS+1","MasterSpark","UpSweep","FairyDestructionRay+1","OrrerysSun+1","CollectingQuirk","RefractionSpark","AlicesGift","ManaRampage+1","EventHorizon","BigCrunch","ManaConvection","GrandCross"],"relics":["MiniHakkero","Orichalcum","Blood Vial","Strange Spoon","Black Star","Bag of Marbles"],"acts_visited":["Exordium","TheCity"],"potions_floor_usage":[16,16],"damage_taken":[{"damage":0,"enemies":"Jaw Worm","floor":1,"turns":4},{"damage":3,"enemies":"Small Slimes","floor":4,"turns":2},{"damage":26,"enemies":"3 Sentries","floor":7,"turns":7},{"damage":1,"enemies":"2 Louse","floor":10,"turns":3},{"damage":0,"enemies":"2 Fungi Beasts","floor":11,"turns":1},{"damage":0,"enemies":"Lots of Slimes","floor":14,"turns":1},{"damage":21,"enemies":"The Guardian","floor":16,"turns":11},{"damage":20,"enemies":"2 Thieves","floor":18,"turns":3},{"damage":14,"enemies":"Shell Parasite","floor":20,"turns":5},{"damage":42,"enemies":"Slavers","floor":23,"turns":3}],"seed_played":"4542834794243156795","potions_obtained":[{"floor":4,"key":"BlessingOfTheForge"},{"floor":7,"key":"PowerPotion"},{"floor":14,"key":"ColorlessPotion"},{"floor":20,"key":"Dexterity Potion"}],"is_trial":false,"path_per_floor":["M","?","?","M","?","R","E","R","T","M","M","$","R","M","R","B",null,"M","?","M","?","?","E"],"character_chosen":"MARISA","items_purchased":["Strange Spoon","ManaRampage"],"campfire_rested":2,"item_purchase_floors":[12,12],"current_hp_per_floor":[82,82,82,79,63,63,37,61,61,62,64,64,82,82,82,61,82,62,46,34,34,34,0,0],"gold":101,"neow_bonus":"TEN_PERCENT_HP_BONUS","is_daily":false,"chose_seed":false,"campfire_upgraded":2,"win_rate":0.0,"timestamp":1610209256,"path_taken":["M","?","?","M","?","R","E","R","T","M","M","$","R","M","R","BOSS","M","?","M","?","?","E"],"items_purchased_type":["Relic","Card"],"build_version":"2020-12-22","purchased_purges":1,"victory":false,"max_hp_per_floor":[82,82,82,82,82,82,82,82,82,82,82,82,82,82,82,82,82,82,87,87,87,87,87,87],"card_choices":[{"not_picked":["Acceleration","ShootTheMoon"],"picked":"FairyDestructionRay","floor":1},{"not_picked":["SprinkleStarSeal","EarthLightRay"],"picked":"OrrerysSun","floor":4},{"not_picked":["GravityBeat","MilkyWay"],"picked":"CollectingQuirk","floor":7},{"not_picked":["DarkSpark","EnergyRecoil"],"picked":"RefractionSpark","floor":10},{"not_picked":["GravityBeat","StarBarrage"],"picked":"AlicesGift","floor":11},{"not_picked":["DoubleSpark","EarthLightRay"],"picked":"EventHorizon","floor":14},{"not_picked":["CollectingQuirk","BlazingStar"],"picked":"BigCrunch","floor":16},{"not_picked":["IllusionStar","AsteroidBelt"],"picked":"ManaConvection","floor":18},{"not_picked":["PowerUp","MysteriousBeam+1"],"picked":"GrandCross","floor":20}],"player_experience":12688,"relics_obtained":[{"floor":7,"key":"Orichalcum"},{"floor":9,"key":"Blood Vial"}],"event_choices":[{"damage_healed":0,"gold_gain":0,"player_choice":"Grow","damage_taken":0,"max_hp_gain":0,"max_hp_loss":0,"event_name":"Living Wall","floor":2,"gold_loss":0,"cards_upgraded":["FairyDestructionRay"]},{"damage_healed":0,"gold_gain":175,"player_choice":"AGREE","damage_taken":0,"max_hp_gain":0,"max_hp_loss":0,"event_name":"Liars Game","floor":3,"gold_loss":0,"cards_obtained":["Doubt"]},{"damage_healed":0,"gold_gain":0,"player_choice":"Entered Light","damage_taken":16,"max_hp_gain":0,"max_hp_loss":0,"event_name":"Shining Light","floor":5,"gold_loss":0,"cards_upgraded":["Strike_MRS","Defend_MRS"]},{"damage_healed":0,"gold_gain":0,"player_choice":"Shed Blood","damage_taken":21,"max_hp_gain":5,"max_hp_loss":0,"event_name":"Forgotten Altar","floor":19,"gold_loss":0},{"damage_healed":0,"gold_gain":0,"player_choice":"Obtained Relic","damage_taken":0,"relics_obtained":["Bag of Marbles"],"max_hp_gain":0,"max_hp_loss":0,"event_name":"Addict","floor":21,"gold_loss":85},{"damage_healed":0,"gold_gain":0,"player_choice":"Ignored","damage_taken":0,"max_hp_gain":0,"max_hp_loss":0,"event_name":"Beggar","floor":22,"gold_loss":0}],"is_beta":false,"boss_relics":[{"not_picked":["Astrolabe","Ectoplasm"],"picked":"Black Star"}],"items_purged_floors":[12],"is_endless":false,"potions_floor_spawned":[4,7,14,20],"killed_by":"Slavers","ascension_level":0}}