{"host":"49ok3etatc2qskx5","time":1610213573,"event":{"mods":["AchievementEnabler","BaseMod","Minty Spire (QoL Compilation)","StSLib"],"gold_per_floor":[116,132,132,21,21,50,70,99,99,110,139,214,214,239,239,367,367,388,363,288,288,306,306,338,338,365,20,38,63,83,182,182,285,285,297,297,317,9,26,56,56,91,136,148,177,189,217,244,256,268],"floor_reached":51,"playtime":4150,"items_purged":["Strike_G"],"score":857,"play_id":"d3b9db1f-a776-43e6-abad-4fb7d53e074d","local_time":"20210109113253","is_ascension_mode":true,"campfire_choices":[{"floor":15.0,"key":"REST"},{"data":"Accuracy","floor":23.0,"key":"SMITH"},{"floor":25.0,"key":"REST"},{"floor":32.0,"key":"REST"},{"data":"Blade Dance","floor":41.0,"key":"SMITH"},{"floor":44,"key":"REST"},{"floor":49,"key":"REST"}],"circlet_count":0,"master_deck":["Strike_G","Strike_G","Strike_G","Defend_G","Defend_G","Defend_G","Defend_G","Survivor","Neutralize","Cloak And Dagger","Blade Dance+1","Noxious Fumes","Blade Dance+1","Poisoned Stab","Prepared+1","Accuracy+1","Corpse Explosion+1","Backstab","Backflip+1","Prepared+1","Blade Dance+1","Mayhem","Cloak And Dagger+1","Backstab","Storm of Steel+1","Deflect+1","Expertise+1","Infinite Blades+1","Infinite Blades","Blade Dance+1","Parasite","Phantasmal Killer+1","Corpse Explosion+1","Deflect+1","Bane+1"],"relics":["Ring of the Snake","NeowsBlessing","Letter Opener","Toxic Egg 2","Matryoshka","Happy Flower","Darkstone Periapt","White Beast Statue","Bloody Idol","Philosopher\u0027s Stone","Ninja Scroll","Orichalcum","Toy Ornithopter","Frozen Eye","Bag of Marbles","Empty Cage","FossilizedHelix","Sundial","Blood Vial","MawBank"],"acts_visited":["TheBeyond"],"potions_floor_usage":[42,48,50],"damage_taken":[{"damage":0.0,"enemies":"2 Louse","floor":1.0,"turns":1.0},{"damage":0.0,"enemies":"Jaw Worm","floor":2.0,"turns":1.0},{"damage":0.0,"enemies":"3 Sentries","floor":6.0,"turns":2.0},{"damage":0.0,"enemies":"Small Slimes","floor":7.0,"turns":3.0},{"damage":14.0,"enemies":"Gremlin Nob","floor":8.0,"turns":4.0},{"damage":0.0,"enemies":"2 Fungi Beasts","floor":10.0,"turns":3.0},{"damage":22.0,"enemies":"Lagavulin","floor":11.0,"turns":8.0},{"damage":2.0,"enemies":"Blue Slaver","floor":14.0,"turns":3.0},{"damage":21.0,"enemies":"Slime Boss","floor":16.0,"turns":8.0},{"damage":6.0,"enemies":"Chosen","floor":18.0,"turns":4.0},{"damage":2.0,"enemies":"3 Byrds","floor":22.0,"turns":3.0},{"damage":39.0,"enemies":"Gremlin Leader","floor":24.0,"turns":5.0},{"damage":42.0,"enemies":"Snake Plant","floor":28.0,"turns":5.0},{"damage":11.0,"enemies":"Shelled Parasite and Fungi","floor":30.0,"turns":3.0},{"damage":13.0,"enemies":"Collector","floor":33.0,"turns":6.0},{"damage":9.0,"enemies":"Orb Walker","floor":35.0,"turns":3.0},{"damage":0.0,"enemies":"3 Darklings","floor":37.0,"turns":2.0},{"damage":0.0,"enemies":"Jaw Worm Horde","floor":39.0,"turns":1.0},{"damage":7.0,"enemies":"Nemesis","floor":40.0,"turns":5.0},{"damage":29,"enemies":"Giant Head","floor":42,"turns":6},{"damage":18,"enemies":"Writhing Mass","floor":45,"turns":5},{"damage":15,"enemies":"4 Shapes","floor":47,"turns":1},{"damage":23,"enemies":"3 Darklings","floor":48,"turns":3},{"damage":38,"enemies":"Donu and Deca","floor":50,"turns":5}],"seed_played":"-6031240802682144874","potions_obtained":[{"floor":1.0,"key":"LiquidBronze"},{"floor":2.0,"key":"EssenceOfSteel"},{"floor":7.0,"key":"SpeedPotion"},{"floor":11.0,"key":"Energy Potion"},{"floor":14.0,"key":"Regen Potion"},{"floor":16.0,"key":"Ancient Potion"},{"floor":18.0,"key":"ColorlessPotion"},{"floor":22.0,"key":"CultistPotion"},{"floor":30.0,"key":"SkillPotion"},{"floor":33.0,"key":"SteroidPotion"},{"floor":35.0,"key":"Poison Potion"},{"floor":37.0,"key":"DistilledChaos"},{"floor":40.0,"key":"LiquidMemories"},{"floor":42,"key":"Block Potion"}],"is_trial":false,"path_per_floor":["M","M","?","$","?","E","M","E","T","M","E","?","?","M","R","B",null,"M","$","?","?","M","R","E","R","T","$","M","T","M","?","R","B",null,"M","?","M","$","M","E","R","E","T","R","M","?","M","M","R","B",null],"character_chosen":"THE_SILENT","items_purchased":["Noxious Fumes","Backflip+1","Frozen Eye","Mayhem","FossilizedHelix"],"campfire_rested":5,"item_purchase_floors":[4,19,27,27,38],"current_hp_per_floor":[70,70,58,58,70,70,70,56,56,56,34,23,29,27,49,37,76,70,70,70,70,73,73,39,61,66,66,29,34,28,33,55,62,76,72,72,76,76,76,74,74,52,57,76,69,74,71,65,82,44],"gold":280,"neow_bonus":"THREE_ENEMY_KILL","is_daily":false,"chose_seed":false,"campfire_upgraded":2,"win_rate":0.0,"timestamp":1610213573,"path_taken":["M","M","?","$","?","E","M","E","T","M","E","?","?","?","R","BOSS","M","$","?","?","M","R","E","R","T","$","M","?","M","?","R","BOSS","M","?","M","$","M","E","R","E","T","R","M","?","M","M","R","BOSS"],"items_purchased_type":["Card","Card","Relic","Card","Relic"],"build_version":"2020-12-22","purchased_purges":1,"victory":true,"max_hp_per_floor":[70,70,70,70,70,70,70,70,70,70,70,70,76,76,76,76,76,76,76,76,76,76,76,76,76,76,76,76,76,76,76,76,76,76,76,76,76,76,76,76,76,76,76,76,82,82,82,82,82,82],"card_choices":[{"not_picked":["Sucker Punch","Well Laid Plans"],"picked":"Cloak And Dagger","floor":1.0},{"not_picked":["Dagger Spray","Eviscerate"],"picked":"Blade Dance","floor":2.0},{"not_picked":["Blur+1","Choke"],"picked":"Blade Dance+1","floor":6.0},{"not_picked":["Masterful Stab","Blur+1","Deflect+1"],"picked":"SKIP","floor":7.0},{"not_picked":["Doppelganger+1","Slice"],"picked":"Poisoned Stab","floor":8.0},{"not_picked":["Slice","Flying Knee"],"picked":"Prepared+1","floor":10.0},{"not_picked":["Bane","Masterful Stab","Choke"],"picked":"SKIP","floor":11.0},{"not_picked":["Prepared+1","Outmaneuver+1"],"picked":"Accuracy","floor":14.0},{"not_picked":["Night Terror+1","Doppelganger+1"],"picked":"Corpse Explosion+1","floor":16.0},{"not_picked":["Reflex+1","Well Laid Plans"],"picked":"Backstab","floor":18.0},{"not_picked":["Poisoned Stab+1","Expertise+1"],"picked":"Prepared+1","floor":22.0},{"not_picked":["Bouncing Flask+1","All Out Attack"],"picked":"Blade Dance+1","floor":24.0},{"not_picked":["Acrobatics+1","Flechettes"],"picked":"Cloak And Dagger+1","floor":28.0},{"not_picked":["Concentrate+1","Backflip+1"],"picked":"Backstab","floor":30.0},{"not_picked":["Doppelganger+1","A Thousand Cuts"],"picked":"Storm of Steel+1","floor":33.0},{"not_picked":["Dagger Throw","Escape Plan+1"],"picked":"Deflect+1","floor":35.0},{"not_picked":["Masterful Stab","Slice+1"],"picked":"Expertise+1","floor":37.0},{"not_picked":["Expertise+1","Quick Slash"],"picked":"Infinite Blades+1","floor":39.0},{"not_picked":["PiercingWail+1","Quick Slash"],"picked":"Infinite Blades","floor":40.0},{"not_picked":["Slice+1","Dash"],"picked":"Blade Dance+1","floor":42},{"not_picked":["Sucker Punch","Prepared+1"],"picked":"Phantasmal Killer+1","floor":45},{"not_picked":["Eviscerate+1","Dagger Throw+1"],"picked":"Deflect+1","floor":47},{"not_picked":["Eviscerate","Setup+1"],"picked":"Bane+1","floor":48}],"player_experience":450623,"relics_obtained":[{"floor":6.0,"key":"Toxic Egg 2"},{"floor":8.0,"key":"Matryoshka"},{"floor":9.0,"key":"Happy Flower"},{"floor":9.0,"key":"Darkstone Periapt"},{"floor":11.0,"key":"White Beast Statue"},{"floor":24.0,"key":"Ninja Scroll"},{"floor":26.0,"key":"Orichalcum"},{"floor":26.0,"key":"Toy Ornithopter"},{"floor":29.0,"key":"Bag of Marbles"},{"floor":40.0,"key":"Sundial"},{"floor":42,"key":"Blood Vial"},{"floor":43,"key":"MawBank"}],"event_choices":[{"damage_healed":0.0,"max_hp_gain":0.0,"max_hp_loss":0.0,"gold_gain":0.0,"event_name":"Scrap Ooze","player_choice":"Success","floor":3.0,"gold_loss":0.0,"damage_taken":12.0,"relics_obtained":["Letter Opener"]},{"damage_healed":23.0,"max_hp_gain":0.0,"max_hp_loss":0.0,"gold_gain":0.0,"event_name":"Big Fish","player_choice":"Banana","floor":5.0,"gold_loss":0.0,"damage_taken":0.0},{"damage_healed":0.0,"max_hp_gain":0.0,"max_hp_loss":0.0,"gold_gain":75.0,"event_name":"World of Goop","player_choice":"Gather Gold","floor":12.0,"gold_loss":0.0,"damage_taken":11.0},{"damage_healed":0.0,"max_hp_gain":0.0,"max_hp_loss":0.0,"gold_gain":0.0,"event_name":"Golden Idol","player_choice":"Take Wound","floor":13.0,"gold_loss":0.0,"damage_taken":0.0,"relics_obtained":["Golden Idol"],"cards_obtained":["Injury"]},{"cards_removed":["Injury"],"damage_healed":0.0,"max_hp_gain":0.0,"max_hp_loss":0.0,"gold_gain":0.0,"event_name":"Beggar","player_choice":"Gave Gold","floor":20.0,"gold_loss":75.0,"damage_taken":0.0},{"damage_healed":0.0,"max_hp_gain":0.0,"max_hp_loss":0.0,"gold_gain":0.0,"event_name":"Forgotten Altar","player_choice":"Gave Idol","floor":21.0,"relics_lost":["Golden Idol"],"gold_loss":0.0,"damage_taken":0.0,"relics_obtained":["Bloody Idol"]},{"damage_healed":0.0,"max_hp_gain":0.0,"max_hp_loss":0.0,"gold_gain":99.0,"event_name":"Nest","player_choice":"Stole From Cult","floor":31.0,"gold_loss":0.0,"damage_taken":0.0},{"damage_healed":0.0,"max_hp_gain":0.0,"max_hp_loss":0.0,"gold_gain":0.0,"event_name":"Tomb of Lord Red Mask","player_choice":"Ignored","floor":36.0,"gold_loss":0.0,"damage_taken":0.0},{"damage_healed":0,"gold_gain":0,"player_choice":"1 cards matched","damage_taken":0,"max_hp_gain":0,"max_hp_loss":0,"event_name":"Match and Keep!","floor":46,"gold_loss":0,"cards_obtained":["Corpse Explosion"]}],"is_beta":false,"boss_relics":[{"not_picked":["Ectoplasm","Snecko Eye"],"picked":"Philosopher\u0027s Stone"},{"not_picked":["Astrolabe","Sozu"],"picked":"Empty Cage"}],"items_purged_floors":[4],"is_endless":false,"potions_floor_spawned":[1,2,7,11,14,16,18,22,24,28,30,33,35,37,39,40,42,45,47,48],"ascension_level":1}}