{"host":"19t2eyow02s954g8","time":1610203133,"event":{"mods":["BaseMod","Colored Map","DeckTracker","Minty Spire (QoL Compilation)","StSLib","SuperFastMode"],"gold_per_floor":[109,125,200,215,215,215,258,277,332,368,404,437,449,482,494,602,614,649,236,236,286,301,335,335,335,335],"floor_reached":25,"playtime":776,"items_purged":["Strike_G"],"score":562,"play_id":"e48a3714-196c-48dd-bf79-aee723e28351","local_time":"20210109233853","is_ascension_mode":true,"campfire_choices":[{"data":"Neutralize","floor":6,"key":"SMITH"},{"data":"Bouncing Flask","floor":13,"key":"SMITH"},{"data":"Calculated Gamble","floor":15,"key":"SMITH"},{"floor":24,"key":"REST"}],"circlet_count":0,"master_deck":["AscendersBane","Strike_G","Strike_G","Strike_G","Strike_G","Defend_G","Defend_G+1","Defend_G","Defend_G","Defend_G","Survivor","Neutralize+1","Dagger Spray","Bouncing Flask+1","Dagger Throw","Well Laid Plans","Catalyst+1","Calculated Gamble+1","Tools of the Trade","Night Terror","Wraith Form v2","Crippling Poison"],"relics":["Ring of the Snake","NeowsBlessing","Golden Idol","Letter Opener","War Paint","Odd Mushroom","MawBank","Velvet Choker","Membership Card","Bag of Preparation","Happy Flower"],"acts_visited":["Exordium","TheCity"],"potions_floor_usage":[7,7,10,11,22,23],"damage_taken":[{"damage":0,"enemies":"Small Slimes","floor":1,"turns":1},{"damage":0,"enemies":"Jaw Worm","floor":2,"turns":1},{"damage":0,"enemies":"Cultist","floor":4,"turns":1},{"damage":7,"enemies":"3 Sentries","floor":7,"turns":6},{"damage":0,"enemies":"2 Fungi Beasts","floor":8,"turns":3},{"damage":16,"enemies":"The Mushroom Lair","floor":10,"turns":4},{"damage":6,"enemies":"Gremlin Nob","floor":11,"turns":3},{"damage":6,"enemies":"3 Louse","floor":12,"turns":4},{"damage":4,"enemies":"Exordium Thugs","floor":14,"turns":4},{"damage":0,"enemies":"The Guardian","floor":16,"turns":7},{"damage":24,"enemies":"2 Thieves","floor":18,"turns":4},{"damage":13,"enemies":"3 Byrds","floor":22,"turns":5},{"damage":2,"enemies":"Book of Stabbing","floor":23,"turns":4},{"damage":0,"enemies":"Slavers","floor":25,"turns":1}],"seed_played":"-6230782486150355635","potions_obtained":[{"floor":1,"key":"SteroidPotion"},{"floor":2,"key":"Fire Potion"},{"floor":8,"key":"SkillPotion"},{"floor":10,"key":"GamblersBrew"},{"floor":18,"key":"Strength Potion"},{"floor":22,"key":"GamblersBrew"}],"is_trial":false,"path_per_floor":["M","M","?","M","?","R","E","M","T","?","E","M","R","M","R","B",null,"M","$","?","?","M","E","R","E"],"character_chosen":"THE_SILENT","items_purchased":["Membership Card","Wraith Form v2","GhostInAJar","Bag of Preparation"],"campfire_rested":1,"item_purchase_floors":[19,19,19,19],"current_hp_per_floor":[59,59,48,48,48,48,41,41,41,25,19,13,13,9,9,9,47,23,23,23,23,10,8,26,26,26],"gold":335,"neow_bonus":"THREE_ENEMY_KILL","is_daily":false,"chose_seed":false,"campfire_upgraded":3,"win_rate":0.0,"timestamp":1610203133,"path_taken":["M","M","?","M","?","R","E","M","T","?","E","M","R","M","R","BOSS","M","$","?","?","M","E","R","E"],"items_purchased_type":["Relic","Card","Potion","Relic"],"build_version":"2020-12-22","purchased_purges":1,"victory":false,"max_hp_per_floor":[66,66,66,66,60,60,60,60,60,60,60,60,60,60,60,60,60,60,60,60,60,60,60,60,60,60],"card_choices":[{"not_picked":["Caltrops","Cloak And Dagger"],"picked":"Dagger Spray","floor":1},{"not_picked":["Underhanded Strike","Dagger Throw"],"picked":"Bouncing Flask","floor":2},{"not_picked":["Deflect","All Out Attack"],"picked":"Dagger Throw","floor":4},{"not_picked":["Riddle With Holes","Sucker Punch"],"picked":"Well Laid Plans","floor":7},{"not_picked":["Deflect","Catalyst","Accuracy"],"picked":"SKIP","floor":8},{"not_picked":["Deflect","Accuracy"],"picked":"Catalyst","floor":8},{"not_picked":["PiercingWail","Deflect"],"picked":"Calculated Gamble","floor":10},{"not_picked":["Choke","Blade Dance"],"picked":"Tools of the Trade","floor":11},{"not_picked":["Accuracy","Skewer","Calculated Gamble"],"picked":"SKIP","floor":12},{"not_picked":["Flying Knee","Underhanded Strike","Backflip"],"picked":"SKIP","floor":14},{"not_picked":["Wraith Form v2","After Image"],"picked":"Night Terror","floor":16},{"not_picked":["Heel Hook","Predator","Deadly Poison"],"picked":"SKIP","floor":18},{"not_picked":["Dodge and Roll","Masterful Stab","Backflip"],"picked":"SKIP","floor":22},{"not_picked":["Poisoned Stab+1","Flying Knee"],"picked":"Crippling Poison","floor":23}],"player_experience":4233054,"relics_obtained":[{"floor":7,"key":"Letter Opener"},{"floor":9,"key":"War Paint"},{"floor":10,"key":"Odd Mushroom"},{"floor":11,"key":"MawBank"},{"floor":23,"key":"Happy Flower"}],"event_choices":[{"damage_healed":0,"gold_gain":75,"player_choice":"Gather Gold","damage_taken":11,"max_hp_gain":0,"max_hp_loss":0,"event_name":"World of Goop","floor":3,"gold_loss":0},{"damage_healed":0,"gold_gain":0,"player_choice":"Lose Max HP","damage_taken":0,"relics_obtained":["Golden Idol"],"max_hp_gain":0,"max_hp_loss":6,"event_name":"Golden Idol","floor":5,"gold_loss":0},{"damage_healed":0,"gold_gain":0,"player_choice":"Fought Mushrooms","damage_taken":0,"max_hp_gain":0,"max_hp_loss":0,"event_name":"Mushrooms","floor":10,"gold_loss":0},{"damage_healed":0,"gold_gain":0,"player_choice":"Ignored","damage_taken":0,"max_hp_gain":0,"max_hp_loss":0,"event_name":"The Mausoleum","floor":20,"gold_loss":0},{"damage_healed":0,"gold_gain":50,"player_choice":"Stole From Cult","damage_taken":0,"max_hp_gain":0,"max_hp_loss":0,"event_name":"Nest","floor":21,"gold_loss":0}],"is_beta":false,"boss_relics":[{"not_picked":["Astrolabe","Ring of the Serpent"],"picked":"Velvet Choker"}],"items_purged_floors":[19],"is_endless":false,"potions_floor_spawned":[1,2,8,10,18,22],"killed_by":"Slavers","ascension_level":20}}