{"host":"mgc7o2tpy0ck407l","time":1610175026,"event":{"mods":["Alarm Clock","AlwaysNeverKeys","BaseMod","Better Altar","Better Match","Better Note","Better Sensory Stone","Better Skull","Better Third Choice","Better Vampires","Block Reminder","Booster Modes","Challenge The Spire","Colored Map","Colored Powertips","Disable Question Mark Monsters","Displayed Cursed Tome","Emptier Cage","Energized Spire","Evolution","Infinite Spire","Minty Spire (QoL Compilation)","Permanent Neow","Quick Restart","Rare Cards Sparkle","Reorder Act Four","Spicy Shops","StSLib","SuperFastMode","Transform Curses","Unceasing Turn Reminder"],"gold_per_floor":[717,226,253,287,316,316,253,131,163,189,215,215,215,91,120,148,182,216],"floor_reached":19,"playtime":745,"items_purged":["Strike_G","Strike_G","Defend_G","Strike_G"],"score":595,"play_id":"62b22b2b-35cd-4136-9429-27216bed617e","local_time":"20210109015026","daily_mods":["challengethespire:Bronze Difficulty","challengethespire:Elite Rush","Uncertain Future"],"is_ascension_mode":false,"campfire_choices":[{"data":"Apotheosis","floor":13,"key":"SMITH"}],"circlet_count":0,"master_deck":["Strike_G","Strike_G+1","Defend_G","Defend_G","Defend_G","Defend_G","Survivor","Neutralize+1","Flash of Steel","Quick Slash","Apotheosis+1","Forethought","Backstab","Escape Plan","Escape Plan","Flash of Steel+1","Flash of Steel+1","Escape Plan","Backstab+1","Forethought","Escape Plan","Escape Plan"],"relics":["Ring of the Snake","Black Star","Sling","PreservedInsect","EVO:Axolotl","Membership Card","FossilizedHelix","Whetstone","Happy Flower","Pen Nib","infinitespire:PuzzleCube","infinitespire:BottledMercury","Mummified Hand","infinitespire:ShieldingShard","Pocketwatch","Calling Bell","Art of War","Molten Egg 2","infinitespire:Lychee Nut","infinitespire:Joker Card","DollysMirror","infinitespire:Magic Flask","Bag of Preparation","Vajra","Anchor","Kunai","StrikeDummy","Runic Dome","Orichalcum","infinitespire:Golems Mask","infinitespire:Lucky Rock","infinitespire:CheckeredPen","Regal Pillow","infinitespire:Eraser","The Courier","Mercury Hourglass"],"acts_visited":["Exordium"],"potions_floor_usage":[18],"damage_taken":[{"damage":0,"enemies":"Gremlin Nob","floor":3,"turns":3},{"damage":0,"enemies":"Lagavulin","floor":4,"turns":3},{"damage":0,"enemies":"3 Sentries","floor":5,"turns":3},{"damage":0,"enemies":"Book of Stabbing","floor":9,"turns":3},{"damage":0,"enemies":"Gremlin Leader","floor":10,"turns":3},{"damage":0,"enemies":"Slavers","floor":11,"turns":2},{"damage":0,"enemies":"Giant Head","floor":15,"turns":2},{"damage":0,"enemies":"Nemesis","floor":16,"turns":3},{"damage":0,"enemies":"Reptomancer","floor":17,"turns":2},{"damage":0,"enemies":"Shield and Spear","floor":18,"turns":2}],"seed_played":"-467324401727078223","potions_obtained":[{"floor":9,"key":"DistilledChaos"},{"floor":10,"key":"Strength Potion"},{"floor":18,"key":"DistilledChaos"}],"is_trial":true,"path_per_floor":["$","$","E","E","E","T","$","$","E","E","E","T","R","$","E","E","E","E",null],"character_chosen":"THE_SILENT","items_purchased":["Membership Card","Flash of Steel","Quick Slash","Apotheosis","Forethought","FossilizedHelix","Whetstone","Happy Flower","infinitespire:Joker Card","Flash of Steel+1","DollysMirror","Forethought"],"campfire_rested":0,"item_purchase_floors":[1,1,1,2,2,2,2,2,7,8,8,14],"current_hp_per_floor":[70,70,70,70,70,52,52,52,52,52,52,52,52,52,52,52,52,52],"gold":216,"neow_bonus":"","is_daily":false,"chose_seed":false,"campfire_upgraded":1,"win_rate":0.0,"timestamp":1610175026,"path_taken":["$","$","E","E","E","T","$","$","E","E","E","T","R","$","E","E","E","E"],"items_purchased_type":["Relic","Card","Card","Card","Card","Relic","Relic","Relic","Relic","Card","Relic","Card"],"build_version":"2020-12-22","purchased_purges":4,"victory":true,"max_hp_per_floor":[70,70,70,70,70,52,52,52,52,52,52,52,52,52,52,52,52,52],"card_choices":[],"player_experience":738859,"relics_obtained":[{"floor":3,"key":"Pen Nib"},{"floor":3,"key":"infinitespire:PuzzleCube"},{"floor":4,"key":"infinitespire:BottledMercury"},{"floor":4,"key":"Mummified Hand"},{"floor":5,"key":"infinitespire:ShieldingShard"},{"floor":5,"key":"Pocketwatch"},{"floor":6,"key":"Art of War"},{"floor":6,"key":"Molten Egg 2"},{"floor":6,"key":"infinitespire:Lychee Nut"},{"floor":9,"key":"infinitespire:Magic Flask"},{"floor":9,"key":"Bag of Preparation"},{"floor":10,"key":"Vajra"},{"floor":10,"key":"Anchor"},{"floor":11,"key":"Kunai"},{"floor":11,"key":"StrikeDummy"},{"floor":15,"key":"Orichalcum"},{"floor":15,"key":"infinitespire:Golems Mask"},{"floor":16,"key":"infinitespire:Lucky Rock"},{"floor":16,"key":"infinitespire:CheckeredPen"},{"floor":17,"key":"Regal Pillow"},{"floor":17,"key":"infinitespire:Eraser"},{"floor":18,"key":"The Courier"},{"floor":18,"key":"Mercury Hourglass"}],"event_choices":[],"is_beta":false,"boss_relics":[{"not_picked":["energizedSpire:CursedPentagram","energizedSpire:NeverEndingSparkler"],"picked":"Calling Bell"},{"not_picked":["energizedSpire:RedRose","Coffee Dripper"],"picked":"Runic Dome"}],"items_purged_floors":[1,2,7,14],"is_endless":false,"potions_floor_spawned":[9,10,11,15,17,18],"ascension_level":0}}