{"host":"bzg9y3flbaqjj1j7","time":1610156925,"event":{"mods":["100% Spire Juice","AchievementEnabler","Act Like it!","Aspiration","Astrologer","BaseMod","Challenge The Spire","Dark Map","Elementarium","Gensokyo","Hallownest","Hubris","Infinite Spire","Lobotomy","LobotomyExtend","Marisa????????","Marked Mod","Minty Spire (QoL Compilation)","Permanent Neow","Poor People Problems","Prisma Mod","Quick Restart","Rare Cards Sparkle","Reimu??????","Remilia??????","Replay The Spire","RumiaBox-????????","Shop Mod","Spicy Shops","StSLib","The Animator","The Blue Laboratory","The Bug Knight","Waifu the Spire","vexMod"],"gold_per_floor":[114,132,146,146,161,186,224,260,328,75,108,108,144,168,168,174,174],"floor_reached":16,"playtime":1309,"items_purged":[],"score":108,"play_id":"7eef7c0a-aac8-42e5-843f-d93e2e18fdb8","local_time":"20210108221845","is_ascension_mode":false,"campfire_choices":[{"data":"PrismaMod:ChloeGreatTracePools","floor":12.0,"key":"SMITH"},{"floor":15,"key":"REST"}],"circlet_count":0,"master_deck":["PrismaMod:ChloeCommonAttack","PrismaMod:ChloeCommonAttack","PrismaMod:ChloeCommonAttack","PrismaMod:ChloeCommonAttack","PrismaMod:ChloeCommonAttack","PrismaMod:ChloeCommonDefend","PrismaMod:ChloeCommonDefend","PrismaMod:ChloeCommonDefend","PrismaMod:ChloeCommonDefend","PrismaMod:ChloeCommonDefend","PrismaMod:ChloeCheapAttack","PrismaMod:ChloeCheapDefend","PrismaMod:ChloeExhaustOne","PrismaMod:ChloeMaid","PrismaMod:ChloeDiscardRecovery","PrismaMod:ChloeExhaustOne","PrismaMod:ChloeGreatTracePools+1","PrismaMod:ChloeGaeBolg","PrismaMod:ChloeCheapAttack","PrismaMod:ChloeMaid+1","PrismaMod:ChloeRuleBreaker"],"relics":["PrismaMod:PrismaTraceOn","NeowsBlessing","LetterFromLob","Hallownest:DreamNailRelic","Replay:Bandana","Toxic Egg 2"],"acts_visited":["Exordium"],"potions_floor_usage":[13,13,16],"damage_taken":[{"damage":0.0,"enemies":"Hallownest:2_MossCreeps","floor":1.0,"turns":1.0},{"damage":2.0,"enemies":"Hallownest:2_Tiktiks_and_1_Crawlid","floor":2.0,"turns":2.0},{"damage":0.0,"enemies":"2_ Uuma","floor":3.0,"turns":1.0},{"damage":4.0,"enemies":"Hallownest:2_Tiktiks_1_Baldur_1_Crawlid","floor":5.0,"turns":6.0},{"damage":39.0,"enemies":"Hallownest:eliteCrystalGuardian","floor":6.0,"turns":6.0},{"damage":0.0,"enemies":"Hallownest:monsterAspidMother","floor":7.0,"turns":4.0},{"damage":0.0,"enemies":"Hallownest:monsterFoolEater","floor":8.0,"turns":3.0},{"damage":0.0,"enemies":"Hallownest:Wandering_and_Horned","floor":11.0,"turns":4.0},{"damage":17,"enemies":"Hallownest:1_Baldur_1_Crawlid_1_Warrior","floor":13,"turns":4},{"damage":6,"enemies":"Hallownest:monsterMossCharger","floor":14,"turns":2},{"damage":29,"enemies":"Hallownest:BossHornet","floor":16,"turns":4}],"seed_played":"-6162661711803958258","potions_obtained":[{"floor":2.0,"key":"AttackPotion"},{"floor":5.0,"key":"GamblersBrew"},{"floor":6.0,"key":"blueLaboratory:TrueEctoplasm"},{"floor":8.0,"key":"PowerPotion"},{"floor":11.0,"key":"blueLaboratory:BottleOfRum"}],"is_trial":false,"path_per_floor":["M","M","M","?","M","E","M","M","T","$","M","R","M","M","R","B"],"character_chosen":"CHLOE","items_purchased":["Toxic Egg 2"],"campfire_rested":1,"item_purchase_floors":[10],"current_hp_per_floor":[75,73,73,73,69,30,30,30,30,30,30,30,13,7,29,0,0],"gold":174,"neow_bonus":"THREE_ENEMY_KILL","is_daily":false,"chose_seed":false,"campfire_upgraded":1,"win_rate":0.0,"timestamp":1610156925,"path_taken":["M","?","M","?","M","E","M","M","T","?","?","R","M","M","R","BOSS"],"items_purchased_type":["Relic"],"build_version":"2020-12-22","purchased_purges":0,"victory":false,"max_hp_per_floor":[75,75,75,75,75,75,75,75,75,75,75,75,75,75,75,75,75],"card_choices":[{"not_picked":["PrismaMod:ChloeCheapAttack","PrismaMod:ChloeCommonAOEAttack"],"picked":"PrismaMod:ChloeExhaustOne","floor":1.0},{"not_picked":["PrismaMod:ChloeMordred","PrismaMod:ChloeCheapAttack"],"picked":"PrismaMod:ChloeMaid","floor":2.0},{"not_picked":["PrismaMod:ChloeCommonAOEAttack","PrismaMod:ChloeCheapDefendTwo"],"picked":"PrismaMod:ChloeDiscardRecovery","floor":3.0},{"not_picked":["PrismaMod:ChloeCheapAttackTwo","PrismaMod:ChloeCheapAttack"],"picked":"PrismaMod:ChloeExhaustOne","floor":5.0},{"not_picked":["PrismaMod:ChloeCaladbolg","PrismaMod:ChloeEyeOfTheEuryale"],"picked":"PrismaMod:ChloeGreatTracePools","floor":6.0},{"not_picked":["PrismaMod:ChloeCheapDefend","PrismaMod:ChloeExcalibur"],"picked":"PrismaMod:ChloeGaeBolg","floor":7.0},{"not_picked":["PrismaMod:ChloeCheapDefend","PrismaMod:ChloeCheapAttackTwo"],"picked":"PrismaMod:ChloeCheapAttack","floor":8.0},{"not_picked":["PrismaMod:ChloeDiscardRecovery+1","PrismaMod:ChloeCheapAttack"],"picked":"PrismaMod:ChloeMaid+1","floor":11.0},{"not_picked":["PrismaMod:ChloeCommonAOEAttack","PrismaMod:ChloeUncommonAttack"],"picked":"PrismaMod:ChloeRuleBreaker","floor":13},{"not_picked":["PrismaMod:ChloeCheapAttackTwo","PrismaMod:ChloeCommonAOEAttack","PrismaMod:ChloeCheapDefendTwo+1"],"picked":"SKIP","floor":14}],"player_experience":174038,"relics_obtained":[{"floor":1.0,"key":"LetterFromLob"},{"floor":6.0,"key":"Replay:Bandana"}],"event_choices":[],"is_beta":false,"boss_relics":[],"items_purged_floors":[],"is_endless":false,"potions_floor_spawned":[2,5,6,8,11],"killed_by":"Hallownest:BossHornet","ascension_level":0}}