{"host":"zekcc3vicrep0och","time":1610181874,"event":{"mods":["AchievementEnabler","BaseMod","Colored Map","Colored Powertips","Displayed Cursed Tome","Highlight Path","Minty Spire (QoL Compilation)","Quick Restart","Relic Stats","StSLib","The Cursed"],"gold_per_floor":[114,114,131,131,145,175,175,192,218,218,265,265,276,302,302,381,431,451,451,469,11,11,11],"floor_reached":22,"playtime":712,"items_purged":[],"score":359,"play_id":"8d5fa3ee-e145-49d1-8af3-905fbdf0996e","local_time":"20210109114434","is_ascension_mode":true,"campfire_choices":[{"data":"Rage","floor":7.0,"key":"SMITH"},{"data":"Shrug It Off","floor":10.0,"key":"SMITH"},{"data":"Perfected Strike","floor":12.0,"key":"SMITH"},{"data":"Perfected Strike","floor":15.0,"key":"SMITH"}],"circlet_count":0,"master_deck":["AscendersBane","Strike_R+1","Strike_R","Strike_R","Strike_R+1","Defend_R","Defend_R","Defend_R","Defend_R+1","Bash+1","Perfected Strike+1","Shrug It Off+1","Rage+1","Battle Trance","Perfected Strike+1","Barricade","Spot Weakness","Shrug It Off"],"relics":["Burning Blood","Anchor","MealTicket","Whetstone","Strawberry","Tiny House","Matryoshka","Happy Flower"],"acts_visited":["Exordium","TheCity"],"potions_floor_usage":[],"damage_taken":[{"damage":2.0,"enemies":"Small Slimes","floor":1.0,"turns":4.0},{"damage":4.0,"enemies":"2 Louse","floor":3.0,"turns":4.0},{"damage":1.0,"enemies":"Cultist","floor":5.0,"turns":3.0},{"damage":32.0,"enemies":"3 Sentries","floor":6.0,"turns":8.0},{"damage":10.0,"enemies":"Exordium Thugs","floor":8.0,"turns":5.0},{"damage":0.0,"enemies":"3 Louse","floor":13.0,"turns":5.0},{"damage":7.0,"enemies":"Gremlin Nob","floor":14.0,"turns":3.0},{"damage":27.0,"enemies":"Slime Boss","floor":16.0,"turns":11.0},{"damage":8.0,"enemies":"Chosen","floor":18.0,"turns":5.0},{"damage":40.0,"enemies":"3 Byrds","floor":20.0,"turns":7.0},{"damage":37,"enemies":"Cultist and Chosen","floor":22,"turns":7}],"seed_played":"-1297367445217048481","potions_obtained":[{"floor":1.0,"key":"GamblersBrew"},{"floor":3.0,"key":"LiquidBronze"},{"floor":6.0,"key":"Dexterity Potion"},{"floor":17.0,"key":"Energy Potion"}],"is_trial":false,"path_per_floor":["M","?","M","?","M","E","R","M","T","R","T","R","M","E","R","B",null,"M","?","M","$","M"],"character_chosen":"IRONCLAD","items_purchased":["Matryoshka","Happy Flower"],"campfire_rested":0,"item_purchase_floors":[21,21],"current_hp_per_floor":[72,72,74,74,75,49,49,45,45,45,45,45,51,57,57,36,76,74,74,40,55,18,18],"gold":11,"neow_bonus":"REMOVE_CARD","is_daily":false,"chose_seed":false,"campfire_upgraded":4,"win_rate":0.0,"timestamp":1610181874,"path_taken":["M","?","M","?","?","E","R","M","T","R","?","R","M","E","R","BOSS","M","?","M","$","M"],"items_purchased_type":["Relic","Relic"],"build_version":"2020-12-22","purchased_purges":0,"victory":false,"max_hp_per_floor":[75,75,75,75,75,75,75,75,75,75,75,75,75,82,82,82,87,87,87,87,87,87,87],"relic_stats":{"Happy Flower":[2],"counters":[11,62],"MealTicket":15,"Whetstone":["Strike_R","Strike_R"],"obtain_stats":[{"Anchor":6,"Tiny House":17,"Matryoshka":21,"Happy Flower":21,"Strawberry":14,"MealTicket":9,"Whetstone":11,"Burning Blood":0},{"Anchor":4,"Tiny House":8,"Matryoshka":10,"Happy Flower":10,"Strawberry":7,"MealTicket":5,"Whetstone":5,"Burning Blood":0},{"Anchor":19,"Tiny House":43,"Matryoshka":55,"Happy Flower":55,"Strawberry":32,"MealTicket":24,"Whetstone":24,"Burning Blood":0}],"Burning Blood":56},"card_choices":[{"not_picked":["Rupture","Second Wind","Wild Strike"],"picked":"SKIP","floor":1.0},{"not_picked":["Ghostly Armor","Intimidate"],"picked":"Perfected Strike","floor":3.0},{"not_picked":["Body Slam","Iron Wave"],"picked":"Shrug It Off","floor":5.0},{"not_picked":["Ghostly Armor","Corruption"],"picked":"Rage","floor":6.0},{"not_picked":["Bloodletting","Combust","Infernal Blade"],"picked":"SKIP","floor":8.0},{"not_picked":["Thunderclap","Flex"],"picked":"Battle Trance","floor":13.0},{"not_picked":["Heavy Blade","Power Through"],"picked":"Perfected Strike","floor":14.0},{"not_picked":["Corruption","Juggernaut"],"picked":"Barricade","floor":16.0},{"not_picked":["Twin Strike","Rupture"],"picked":"Spot Weakness","floor":17.0},{"not_picked":["Perfected Strike","Twin Strike"],"picked":"Shrug It Off","floor":18.0},{"not_picked":["Havoc","Searing Blow","Clothesline"],"picked":"SKIP","floor":20.0}],"player_experience":503482,"relics_obtained":[{"floor":6.0,"key":"Anchor"},{"floor":9.0,"key":"MealTicket"},{"floor":11.0,"key":"Whetstone"},{"floor":14.0,"key":"Strawberry"}],"event_choices":[{"damage_healed":0.0,"max_hp_gain":0.0,"max_hp_loss":0.0,"gold_gain":0.0,"event_name":"The Cleric","player_choice":"Leave","floor":2.0,"gold_loss":0.0,"damage_taken":0.0},{"damage_healed":0.0,"max_hp_gain":0.0,"max_hp_loss":0.0,"gold_gain":0.0,"event_name":"Accursed Blacksmith","player_choice":"Forge","floor":4.0,"gold_loss":0.0,"damage_taken":0.0,"cards_upgraded":["Bash"]},{"damage_healed":0.0,"max_hp_gain":0.0,"max_hp_loss":0.0,"gold_gain":0.0,"event_name":"Vampires","player_choice":"Ignored","floor":19.0,"gold_loss":0.0,"damage_taken":0.0}],"is_beta":false,"boss_relics":[{"not_picked":["Pandora\u0027s Box","SacredBark"],"picked":"Tiny House"}],"items_purged_floors":[],"is_endless":false,"potions_floor_spawned":[1,3,6],"killed_by":"Cultist and Chosen","ascension_level":17}}