{"host":"dhlnk6yox2l1s6up","time":1610159606,"event":{"mods":["BaseMod","Colored Map","Highlight Path","Minty Spire (QoL Compilation)","Relic Stats","StSLib"],"gold_per_floor":[118,118,293,12,27,27,54,67,67,95,95,45,64,64,64,159,159,176,194,29,29,29,29,56,66,92,117,129,166,192,21,21,126,126,146,146,165,183,134,134,168,180,180,180,199,25,51,51,51,51,51,51,1,33,33],"floor_reached":56,"playtime":6717,"items_purged":["Doubt","Regret","Pain"],"score":1647,"play_id":"6f9b2fbd-9e84-4500-a3c8-34dfbe8133ad","local_time":"20210108203326","is_ascension_mode":true,"campfire_choices":[{"data":"Deadly Poison","floor":6.0,"key":"SMITH"},{"floor":11.0,"key":"REST"},{"data":"Predator","floor":15.0,"key":"SMITH"},{"floor":23.0,"key":"REST"},{"data":"Wraith Form v2","floor":28.0,"key":"SMITH"},{"floor":32.0,"key":"REST"},{"floor":40.0,"key":"RECALL"},{"data":"After Image","floor":44.0,"key":"SMITH"},{"floor":49.0,"key":"REST"},{"data":"Neutralize","floor":52.0,"key":"SMITH"}],"circlet_count":0,"master_deck":["Strike_G","Strike_G","Strike_G","Strike_G","Defend_G","Defend_G","Defend_G","Survivor","Neutralize+1","Infinite Blades","Deadly Poison+1","Dash","Deflect","PiercingWail+1","Predator+1","Wraith Form v2+1","Escape Plan+1","PiercingWail+1","Caltrops","Crippling Poison+1","Acrobatics+1","Bullet Time+1","Well Laid Plans","Backstab+1","Caltrops","After Image+1","Acrobatics+1","Backflip+1","Malaise+1","Footwork+1","Backflip+1","Catalyst+1","Bane+1"],"relics":["Ring of the Snake","Regal Pillow","OrangePellets","Gremlin Horn","Toxic Egg 2","Ancient Tea Set","Singing Bowl","Cursed Key","Vajra","MealTicket","MawBank","Ninja Scroll","Philosopher\u0027s Stone","Bag of Marbles","Bronze Scales","Boot"],"acts_visited":["Exordium","TheCity","TheBeyond","TheEnding"],"potions_floor_usage":[55,55],"damage_taken":[{"damage":1.0,"enemies":"Small Slimes","floor":1.0,"turns":5.0},{"damage":1.0,"enemies":"2 Louse","floor":5.0,"turns":4.0},{"damage":44.0,"enemies":"Gremlin Nob","floor":7.0,"turns":5.0},{"damage":1.0,"enemies":"Cultist","floor":8.0,"turns":4.0},{"damage":19.0,"enemies":"3 Sentries","floor":10.0,"turns":10.0},{"damage":0.0,"enemies":"Gremlin Gang","floor":13.0,"turns":3.0},{"damage":35.0,"enemies":"Slime Boss","floor":16.0,"turns":11.0},{"damage":8.0,"enemies":"3 Byrds","floor":18.0,"turns":5.0},{"damage":3.0,"enemies":"2 Thieves","floor":19.0,"turns":4.0},{"damage":0.0,"enemies":"Snake Plant","floor":21.0,"turns":2.0},{"damage":10.0,"enemies":"Book of Stabbing","floor":24.0,"turns":5.0},{"damage":17.0,"enemies":"Sentry and Sphere","floor":25.0,"turns":7.0},{"damage":11.0,"enemies":"Slavers","floor":27.0,"turns":5.0},{"damage":14.0,"enemies":"Book of Stabbing","floor":29.0,"turns":5.0},{"damage":0.0,"enemies":"3 Cultists","floor":30.0,"turns":5.0},{"damage":30.0,"enemies":"Automaton","floor":33.0,"turns":11.0},{"damage":0.0,"enemies":"3 Shapes","floor":35.0,"turns":4.0},{"damage":9.0,"enemies":"3 Darklings","floor":37.0,"turns":4.0},{"damage":3.0,"enemies":"Sphere and 2 Shapes","floor":38.0,"turns":4.0},{"damage":16.0,"enemies":"Nemesis","floor":41.0,"turns":8.0},{"damage":19.0,"enemies":"Transient","floor":42.0,"turns":5.0},{"damage":8.0,"enemies":"Jaw Worm Horde","floor":45.0,"turns":6.0},{"damage":0.0,"enemies":"Giant Head","floor":47.0,"turns":9.0},{"damage":48.0,"enemies":"Time Eater","floor":50.0,"turns":15.0},{"damage":0.0,"enemies":"Shield and Spear","floor":54.0,"turns":7.0},{"damage":81,"enemies":"The Heart","floor":55,"turns":9}],"seed_played":"-8121855930888474583","potions_obtained":[{"floor":7.0,"key":"Poison Potion"},{"floor":13.0,"key":"SmokeBomb"},{"floor":16.0,"key":"Weak Potion"},{"floor":19.0,"key":"Block Potion"},{"floor":24.0,"key":"BlessingOfTheForge"},{"floor":29.0,"key":"ColorlessPotion"},{"floor":35.0,"key":"FearPotion"}],"is_trial":false,"path_per_floor":["M","?","?","$","M","R","E","M","T","E","R","?","M","?","R","B",null,"M","M","$","M","?","R","E","M","T","E","R","E","M","$","R","B",null,"M","?","M","M","$","R","E","M","T","R","M","$","E","?","R","B",null,"R","$","E","B",null],"character_chosen":"THE_SILENT","items_purchased":["OrangePellets","Block Potion","Caltrops","Crippling Poison+1","Acrobatics+1","Strength Potion","Caltrops","Backflip+1","Backflip+1","AttackPotion"],"campfire_rested":4,"item_purchase_floors":[4,4,20,20,20,31,31,39,46,53],"current_hp_per_floor":[62,67,67,67,66,66,22,21,21,2,39,39,39,39,39,4,57,49,46,46,46,46,75,65,48,48,39,39,27,29,44,81,51,74,76,76,69,66,81,81,65,46,46,46,40,55,55,55,83,35,71,71,83,83,2],"gold":33,"neow_bonus":"RANDOM_COMMON_RELIC","is_daily":false,"chose_seed":false,"campfire_upgraded":5,"win_rate":0.0,"timestamp":1610159606,"path_taken":["M","?","?","$","M","R","E","M","T","E","R","?","M","?","R","BOSS","M","M","?","?","?","R","E","M","T","E","R","E","M","$","R","BOSS","M","?","?","M","$","R","E","M","T","R","M","$","E","?","R","BOSS","R","$","E","BOSS"],"items_purchased_type":["Relic","Potion","Card","Card","Card","Potion","Card","Card","Card","Potion"],"build_version":"2020-12-22","purchased_purges":3,"victory":true,"max_hp_per_floor":[70,75,75,75,75,75,75,75,75,75,75,75,75,75,75,75,75,75,75,75,75,75,75,75,75,75,77,77,79,81,81,81,81,81,83,83,85,85,85,85,85,85,85,85,87,87,87,83,83,83,83,83,83,83,83],"relic_stats":{"OrangePellets":[34],"Regal Pillow":39,"Gremlin Horn":[27,28],"Singing Bowl":12,"counters":[26,162],"Bronze Scales":[249],"MealTicket":57,"Cursed Key":2,"MawBank":48,"Boot":[0],"obtain_stats":[{"Regal Pillow":0,"Gremlin Horn":7,"Singing Bowl":14,"Vajra":24,"Ancient Tea Set":10,"Cursed Key":17,"MawBank":27,"Boot":54,"OrangePellets":4,"Ninja Scroll":29,"Bronze Scales":47,"MealTicket":26,"Philosopher\u0027s Stone":34,"Bag of Marbles":41,"Toxic Egg 2":9,"Ring of the Snake":0},{"Regal Pillow":0,"Gremlin Horn":3,"Singing Bowl":6,"Vajra":11,"Ancient Tea Set":5,"Cursed Key":7,"MawBank":13,"Boot":25,"OrangePellets":1,"Ninja Scroll":14,"Bronze Scales":23,"MealTicket":12,"Philosopher\u0027s Stone":16,"Bag of Marbles":20,"Toxic Egg 2":4,"Ring of the Snake":0},{"Regal Pillow":0,"Gremlin Horn":14,"Singing Bowl":31,"Vajra":58,"Ancient Tea Set":28,"Cursed Key":42,"MawBank":70,"Boot":153,"OrangePellets":5,"Ninja Scroll":75,"Bronze Scales":131,"MealTicket":65,"Philosopher\u0027s Stone":91,"Bag of Marbles":111,"Toxic Egg 2":18,"Ring of the Snake":0}],"Ring of the Snake":[52]},"card_choices":[{"not_picked":["Deflect","Tactician"],"picked":"Infinite Blades","floor":1.0},{"not_picked":["All Out Attack","Riddle With Holes"],"picked":"Deadly Poison","floor":5.0},{"not_picked":["Cloak And Dagger","Eviscerate"],"picked":"Dash","floor":7.0},{"not_picked":["Prepared","Dagger Spray"],"picked":"Deflect","floor":8.0},{"not_picked":["Well Laid Plans","Glass Knife"],"picked":"PiercingWail+1","floor":10.0},{"not_picked":["Dodge and Roll+1","Flying Knee"],"picked":"Predator","floor":13.0},{"not_picked":["Tools of the Trade","Malaise+1"],"picked":"Wraith Form v2","floor":16.0},{"not_picked":["Choke","Setup+1"],"picked":"Escape Plan+1","floor":18.0},{"not_picked":["Dagger Spray","Quick Slash"],"picked":"PiercingWail+1","floor":19.0},{"not_picked":["Caltrops","Underhanded Strike+1"],"picked":"Well Laid Plans","floor":24.0},{"not_picked":["Caltrops","Reflex+1"],"picked":"Backstab+1","floor":25.0},{"not_picked":["Quick Slash+1","Prepared+1","Underhanded Strike"],"picked":"Singing Bowl","floor":27.0},{"not_picked":["Underhanded Strike","Quick Slash","Sucker Punch"],"picked":"Singing Bowl","floor":29.0},{"not_picked":["Caltrops+1","Infinite Blades","Outmaneuver+1"],"picked":"Singing Bowl","floor":30.0},{"not_picked":["Bullet Time+1","Venomology+1"],"picked":"After Image","floor":33.0},{"not_picked":["Blade Dance+1","Sucker Punch+1","Slice+1"],"picked":"Singing Bowl","floor":35.0},{"not_picked":["Underhanded Strike+1","Sucker Punch","Dagger Spray+1"],"picked":"Singing Bowl","floor":37.0},{"not_picked":["Cloak And Dagger+1","Tactician+1"],"picked":"Acrobatics+1","floor":38.0},{"not_picked":["Acrobatics+1","PiercingWail+1"],"picked":"Malaise+1","floor":41.0},{"not_picked":["Crippling Poison+1","Reflex+1"],"picked":"Footwork+1","floor":42.0},{"not_picked":["Cloak And Dagger+1","Quick Slash+1","Endless Agony+1"],"picked":"Singing Bowl","floor":45.0},{"not_picked":["Eviscerate+1","Dash+1"],"picked":"Catalyst+1","floor":47.0},{"not_picked":["Quick Slash","Calculated Gamble+1"],"picked":"Bane+1","floor":54.0}],"player_experience":5737496,"relics_obtained":[{"floor":7.0,"key":"Gremlin Horn"},{"floor":9.0,"key":"Toxic Egg 2"},{"floor":10.0,"key":"Ancient Tea Set"},{"floor":14.0,"key":"Singing Bowl"},{"floor":24.0,"key":"Vajra"},{"floor":26.0,"key":"MealTicket"},{"floor":27.0,"key":"MawBank"},{"floor":29.0,"key":"Ninja Scroll"},{"floor":41.0,"key":"Bag of Marbles"},{"floor":47.0,"key":"Bronze Scales"},{"floor":54.0,"key":"Boot"}],"event_choices":[{"damage_healed":0.0,"max_hp_gain":5.0,"max_hp_loss":0.0,"gold_gain":0.0,"event_name":"Big Fish","player_choice":"Donut","floor":2.0,"gold_loss":0.0,"damage_taken":0.0},{"damage_healed":0.0,"max_hp_gain":0.0,"max_hp_loss":0.0,"gold_gain":175.0,"event_name":"Liars Game","player_choice":"AGREE","floor":3.0,"gold_loss":0.0,"damage_taken":0.0,"cards_obtained":["Doubt"]},{"cards_removed":["Defend_G"],"damage_healed":0.0,"max_hp_gain":0.0,"max_hp_loss":0.0,"gold_gain":0.0,"event_name":"The Cleric","player_choice":"Card Removal","floor":12.0,"gold_loss":50.0,"damage_taken":0.0},{"damage_healed":0.0,"max_hp_gain":0.0,"max_hp_loss":0.0,"gold_gain":0.0,"event_name":"Wheel of Change","player_choice":"Relic","floor":14.0,"gold_loss":0.0,"damage_taken":0.0},{"damage_healed":0.0,"max_hp_gain":0.0,"max_hp_loss":0.0,"gold_gain":0.0,"cards_transformed":["Strike_G"],"event_name":"Transmorgrifier","player_choice":"Transformed","floor":22.0,"gold_loss":0.0,"damage_taken":0.0,"cards_obtained":["Bullet Time"]},{"cards_removed":["Defend_G"],"damage_healed":0.0,"max_hp_gain":0.0,"max_hp_loss":0.0,"gold_gain":0.0,"event_name":"Bonfire Elementals","player_choice":"Offered Basic","floor":36.0,"gold_loss":0.0,"damage_taken":0.0},{"damage_healed":0.0,"max_hp_gain":0.0,"max_hp_loss":4.0,"gold_gain":0.0,"event_name":"Winding Halls","player_choice":"Max HP","floor":48.0,"gold_loss":0.0,"damage_taken":0.0}],"is_beta":false,"boss_relics":[{"not_picked":["Calling Bell","Ring of the Serpent"],"picked":"Cursed Key"},{"not_picked":["Snecko Eye","SacredBark"],"picked":"Philosopher\u0027s Stone"}],"items_purged_floors":[4,31,46],"is_endless":false,"potions_floor_spawned":[7,13,16,19,24,29,35,37,41,42],"ascension_level":8}}