{"host":"36mulxq349byzoa2","time":1610223247,"event":{"mods":["AchievementEnabler","BaseMod","Better Match","Block Reminder","Colored Map","Colored Powertips","Minty Spire (QoL Compilation)","Rare Cards Sparkle","StSLib","SuperFastMode"],"gold_per_floor":[118,132,132,18,18,44,44,44,44,58,0,0,35,56,56,56,56],"floor_reached":16,"playtime":395,"items_purged":["Strike_G"],"score":255,"play_id":"a77f3b7d-54e8-48b7-ab11-d00ff864139e","local_time":"20210109151407","is_ascension_mode":true,"campfire_choices":[{"floor":7,"key":"REST"},{"floor":12,"key":"REST"},{"data":"Neutralize","floor":15,"key":"SMITH"}],"circlet_count":0,"master_deck":["AscendersBane","Strike_G","Strike_G","Defend_G","Defend_G","Defend_G","Survivor","Neutralize+1","Quick Slash+1","Dodge and Roll+1","Finisher+1","Slice","Predator+1","Slice","Dagger Spray"],"relics":["Astrolabe","Juzu Bracelet","FossilizedHelix","Pen Nib","Art of War","Odd Mushroom"],"acts_visited":["Exordium"],"potions_floor_usage":[6,13,14],"damage_taken":[{"damage":5,"enemies":"Jaw Worm","floor":1,"turns":4},{"damage":1,"enemies":"2 Louse","floor":2,"turns":3},{"damage":5,"enemies":"3 Sentries","floor":6,"turns":8},{"damage":0,"enemies":"Cultist","floor":10,"turns":2},{"damage":0,"enemies":"Gremlin Nob","floor":13,"turns":3},{"damage":0,"enemies":"The Mushroom Lair","floor":14,"turns":2},{"damage":45,"enemies":"Slime Boss","floor":16,"turns":9}],"seed_played":"-6950658166649996516","potions_obtained":[{"floor":1,"key":"Dexterity Potion"},{"floor":6,"key":"Swift Potion"},{"floor":10,"key":"Explosive Potion"}],"is_trial":false,"path_per_floor":["M","M","?","$","?","E","R","?","T","M","?","R","E","?","R","B"],"character_chosen":"THE_SILENT","items_purchased":["Predator"],"campfire_rested":2,"item_purchase_floors":[4],"current_hp_per_floor":[54,53,18,18,18,13,32,25,25,25,25,44,44,44,44,0,0],"gold":56,"neow_bonus":"BOSS_RELIC","is_daily":false,"chose_seed":false,"campfire_upgraded":1,"win_rate":0.0,"timestamp":1610223247,"path_taken":["M","M","?","$","?","E","R","?","T","M","?","R","E","?","R","BOSS"],"items_purchased_type":["Card"],"build_version":"2020-12-22","purchased_purges":1,"victory":false,"max_hp_per_floor":[66,66,66,66,66,66,66,66,66,66,66,66,66,66,66,66,66],"card_choices":[{"not_picked":["Dodge and Roll","Deflect"],"picked":"Slice","floor":1},{"not_picked":["Prepared","Underhanded Strike","Sucker Punch"],"picked":"SKIP","floor":2},{"not_picked":["Dagger Throw","Heel Hook"],"picked":"Slice","floor":6},{"not_picked":["Heel Hook","Reflex","Deflect"],"picked":"SKIP","floor":10},{"not_picked":["Envenom","Dagger Throw","Burst"],"picked":"SKIP","floor":13},{"not_picked":["Dash","Dodge and Roll"],"picked":"Dagger Spray","floor":14}],"player_experience":1023322,"relics_obtained":[{"floor":6,"key":"FossilizedHelix"},{"floor":9,"key":"Pen Nib"},{"floor":13,"key":"Art of War"},{"floor":14,"key":"Odd Mushroom"}],"event_choices":[{"damage_healed":0,"gold_gain":0,"player_choice":"Success","damage_taken":35,"relics_obtained":["Juzu Bracelet"],"max_hp_gain":0,"max_hp_loss":0,"event_name":"Scrap Ooze","floor":3,"gold_loss":0},{"damage_healed":0,"gold_gain":0,"player_choice":"Upgraded","damage_taken":0,"max_hp_gain":0,"max_hp_loss":0,"event_name":"Upgrade Shrine","floor":5,"gold_loss":0,"cards_upgraded":["Predator"]},{"cards_removed":["Strike_G"],"damage_healed":0,"gold_gain":0,"player_choice":"Card Removal","damage_taken":7,"max_hp_gain":0,"max_hp_loss":0,"event_name":"Golden Wing","floor":8,"gold_loss":0},{"damage_healed":0,"gold_gain":0,"player_choice":"Left Gold","damage_taken":0,"max_hp_gain":0,"max_hp_loss":0,"event_name":"World of Goop","floor":11,"gold_loss":58},{"damage_healed":0,"gold_gain":0,"player_choice":"Fought Mushrooms","damage_taken":0,"max_hp_gain":0,"max_hp_loss":0,"event_name":"Mushrooms","floor":14,"gold_loss":0}],"is_beta":false,"boss_relics":[],"items_purged_floors":[4],"is_endless":false,"potions_floor_spawned":[1,6,10],"killed_by":"Slime Boss","ascension_level":19}}