{"host":"uv231blk40vjdojr","time":1610200595,"event":{"mods":["AchievementEnabler","BaseMod","Bestiary","Minty Spire (QoL Compilation)","Relic Stats"],"gold_per_floor":[119,119,194,47,64,64,64,64,64,79,79,89,89,100,100,205,205,215,232,232,247,261,261,279,295,320,339,339,339,354,135,135,238,238,257,271,286,336,336,336],"floor_reached":39,"playtime":1921,"items_purged":["Defend_P"],"score":427,"play_id":"a3e7ac96-f80d-44e3-8786-83742fc41409","local_time":"20210109145635","is_ascension_mode":false,"campfire_choices":[{"data":"Ragnarok","floor":6.0,"key":"SMITH"},{"data":"Eruption","floor":8.0,"key":"SMITH"},{"data":"Vigilance","floor":13.0,"key":"SMITH"},{"data":"FollowUp","floor":15.0,"key":"SMITH"},{"data":"TalkToTheHand","floor":23.0,"key":"SMITH"},{"floor":28.0,"key":"REST"},{"data":"Devotion","floor":32.0,"key":"SMITH"}],"circlet_count":0,"master_deck":["Strike_P","Defend_P","Defend_P","Defend_P","Eruption+1","Vigilance+1","EmptyFist","Ragnarok+1","Consecrate","CutThroughFate","FollowUp+1","Devotion+1","Worship+1","EmptyBody","Ragnarok","TalkToTheHand+1","MentalFortress","TalkToTheHand+1","Wallop","ThirdEye+1","InnerPeace+1","SashWhip+1","Crescendo"],"relics":["Velvet Choker"],"acts_visited":["Exordium","TheCity","TheBeyond"],"potions_floor_usage":[],"damage_taken":[{"damage":0.0,"enemies":"Jaw Worm","floor":1.0,"turns":3.0},{"damage":0.0,"enemies":"2 Louse","floor":5.0,"turns":2.0},{"damage":0.0,"enemies":"Cultist","floor":10.0,"turns":2.0},{"damage":0.0,"enemies":"Looter","floor":12.0,"turns":2.0},{"damage":1.0,"enemies":"Lots of Slimes","floor":14.0,"turns":3.0},{"damage":30.0,"enemies":"Hexaghost","floor":16.0,"turns":4.0},{"damage":3.0,"enemies":"2 Thieves","floor":18.0,"turns":2.0},{"damage":0.0,"enemies":"Chosen","floor":19.0,"turns":2.0},{"damage":0.0,"enemies":"Snecko","floor":21.0,"turns":2.0},{"damage":13.0,"enemies":"Shelled Parasite and Fungi","floor":22.0,"turns":5.0},{"damage":2.0,"enemies":"Snake Plant","floor":24.0,"turns":4.0},{"damage":5.0,"enemies":"Cultist and Chosen","floor":25.0,"turns":5.0},{"damage":20.0,"enemies":"Sentry and Sphere","floor":27.0,"turns":4.0},{"damage":15.0,"enemies":"Centurion and Healer","floor":30.0,"turns":7.0},{"damage":0.0,"enemies":"Champ","floor":33.0,"turns":7.0},{"damage":30.0,"enemies":"3 Darklings","floor":35.0,"turns":3.0},{"damage":13.0,"enemies":"3 Shapes","floor":36.0,"turns":7.0},{"damage":27.0,"enemies":"Spire Growth","floor":37.0,"turns":5.0},{"damage":0.0,"enemies":"Mind Bloom Boss Battle","floor":38.0,"turns":6.0},{"damage":13,"enemies":"3 Darklings","floor":39,"turns":1}],"seed_played":"-7141934029880877583","potions_obtained":[{"floor":5.0,"key":"SteroidPotion"},{"floor":12.0,"key":"SteroidPotion"},{"floor":16.0,"key":"SkillPotion"},{"floor":21.0,"key":"Block Potion"},{"floor":22.0,"key":"BottledMiracle"},{"floor":36.0,"key":"Fire Potion"}],"is_trial":false,"path_per_floor":["M","?","?","$","M","R","?","R","T","M","?","M","R","M","R","B",null,"M","M","?","M","M","R","M","M","T","M","R","?","M","$","R","B",null,"M","M","M","?","M"],"character_chosen":"WATCHER","items_purchased":["Ragnarok","Fruit Juice","PowerPotion"],"campfire_rested":1,"item_purchase_floors":[4,31,31],"current_hp_per_floor":[72,72,61,61,61,61,54,54,54,54,54,54,54,53,53,23,72,69,69,69,69,56,56,54,49,49,29,50,50,35,40,40,40,77,47,34,7,7,0,0],"gold":336,"neow_bonus":"BOSS_RELIC","is_daily":false,"chose_seed":false,"campfire_upgraded":6,"win_rate":0.0,"timestamp":1610200595,"path_taken":["M","?","?","$","M","R","?","R","T","M","?","?","R","M","R","BOSS","M","M","?","M","M","R","M","?","T","M","R","?","M","$","R","BOSS","M","?","M","?","M"],"items_purchased_type":["Card","Potion","Potion"],"build_version":"2020-12-22","purchased_purges":1,"victory":false,"max_hp_per_floor":[72,72,72,72,72,72,72,72,72,72,72,72,72,72,72,72,72,72,72,72,72,72,72,72,72,72,72,72,72,72,77,77,77,77,77,77,77,77,77,77],"relic_stats":{"counters":[20,76],"obtain_stats":[{"Velvet Choker":0,"PureWater":0},{"Velvet Choker":0,"PureWater":0},{"Velvet Choker":0,"PureWater":0}]},"card_choices":[{"not_picked":["FlyingSleeves","Prostrate"],"picked":"EmptyFist","floor":1.0},{"not_picked":["Halt","WindmillStrike","WreathOfFlame"],"picked":"SKIP","floor":5.0},{"not_picked":["BowlingBash","EmptyMind"],"picked":"Consecrate","floor":10.0},{"not_picked":["JustLucky","EmptyFist"],"picked":"CutThroughFate","floor":12.0},{"not_picked":["JustLucky","Crescendo"],"picked":"FollowUp","floor":14.0},{"not_picked":["Alpha","DevaForm"],"picked":"Devotion","floor":16.0},{"not_picked":["EmptyBody","Conclude"],"picked":"Worship+1","floor":18.0},{"not_picked":["CrushJoints","FlyingSleeves"],"picked":"EmptyBody","floor":19.0},{"not_picked":["Vengeance","Consecrate"],"picked":"TalkToTheHand","floor":21.0},{"not_picked":["ClearTheMind","Tantrum"],"picked":"MentalFortress","floor":22.0},{"not_picked":["Consecrate+1","Weave+1","JustLucky"],"picked":"SKIP","floor":24.0},{"not_picked":["FlyingSleeves","ThirdEye","JustLucky"],"picked":"SKIP","floor":25.0},{"not_picked":["ForeignInfluence","Establishment"],"picked":"TalkToTheHand+1","floor":27.0},{"not_picked":["WindmillStrike","BowlingBash"],"picked":"Wallop","floor":30.0},{"not_picked":["EmptyBody+1","FollowUp"],"picked":"ThirdEye+1","floor":35.0},{"not_picked":["Fasting2","SashWhip"],"picked":"InnerPeace+1","floor":36.0},{"not_picked":["Consecrate","FlyingSleeves+1"],"picked":"SashWhip+1","floor":37.0},{"not_picked":["Consecrate","ThirdEye"],"picked":"Crescendo","floor":38}],"player_experience":622893,"relics_obtained":[],"event_choices":[{"damage_healed":0.0,"max_hp_gain":0.0,"max_hp_loss":0.0,"gold_gain":0.0,"event_name":"The Cleric","player_choice":"Leave","floor":2.0,"gold_loss":0.0,"damage_taken":0.0},{"damage_healed":0.0,"max_hp_gain":0.0,"max_hp_loss":0.0,"gold_gain":75.0,"event_name":"World of Goop","player_choice":"Gather Gold","floor":3.0,"gold_loss":0.0,"damage_taken":11.0},{"cards_removed":["Strike_P"],"damage_healed":0.0,"max_hp_gain":0.0,"max_hp_loss":0.0,"gold_gain":0.0,"event_name":"Golden Wing","player_choice":"Card Removal","floor":7.0,"gold_loss":0.0,"damage_taken":7.0},{"damage_healed":0.0,"max_hp_gain":0.0,"max_hp_loss":0.0,"gold_gain":0.0,"event_name":"Golden Idol","player_choice":"Ignored","floor":11.0,"gold_loss":0.0,"damage_taken":0.0},{"damage_healed":0.0,"max_hp_gain":0.0,"max_hp_loss":0.0,"gold_gain":0.0,"cards_transformed":["Strike_P"],"event_name":"Transmorgrifier","player_choice":"Transformed","floor":20.0,"gold_loss":0.0,"damage_taken":0.0,"cards_obtained":["Ragnarok"]},{"cards_removed":["Strike_P"],"damage_healed":0.0,"max_hp_gain":0.0,"max_hp_loss":0.0,"gold_gain":0.0,"event_name":"Purifier","player_choice":"Purged","floor":29.0,"gold_loss":0.0,"damage_taken":0.0},{"damage_healed":0.0,"max_hp_gain":0.0,"max_hp_loss":0.0,"gold_gain":0.0,"event_name":"MindBloom","player_choice":"Fight","floor":38.0,"gold_loss":0.0,"damage_taken":0.0}],"is_beta":false,"boss_relics":[{"not_picked":["Cursed Key","VioletLotus","Tiny House"]},{"not_picked":["Philosopher\u0027s Stone","Empty Cage","Pandora\u0027s Box"]}],"items_purged_floors":[31],"is_endless":false,"potions_floor_spawned":[5,12,16,21,22,36],"killed_by":"3 Darklings","ascension_level":0}}