{"host":"l84l8xigz5v5foa2","time":1610204963,"event":{"mods":["2.2 Compatiblity","AchievementEnabler","BaseMod","Better Note","Better Vampires","Card Filter","Colored Map","DeckTracker","Downfall","Gremlin Skip","Highlight Path","Keyboard Shortcuts","Minty Spire (QoL Compilation)","Permanent Neow","Quick Restart","Relic Filter","Relic Stats","StSLib","SuperFastMode","Transform Curses","Unknown Chances"],"gold_per_floor":[99,118,137,137,157,64,88,88,103,134,154,154,4,32,52,128,128,128,144,163,176,193,219,219,219,1,14,29,29,29,29,41,119,119,119,135,50,247,258,258,258,183,108,126,139,51,76,87,100,100,100,127,27,27,27],"floor_reached":56,"playtime":4142,"items_purged":["champ:Defend","champ:FocusedDefense","champ:Strike","champ:Strike","champ:Strike","champ:Execute"],"score":2572,"play_id":"8e67ef14-e3e5-43fd-b77a-08ecdebbdea9","local_time":"20210110000923","is_ascension_mode":true,"campfire_choices":[{"data":"champ:Taunt","floor":1.0,"key":"SMITH"},{"data":"champ:VampiricStrike","floor":8.0,"key":"SMITH"},{"data":"champ:GladiatorStyle","floor":13.0,"key":"SMITH"},{"data":"champ:HoldFirm","floor":18.0,"key":"SMITH"},{"data":"champ:StanceDance","floor":25.0,"key":"SMITH"},{"data":"champ:PreciseThrust","floor":30.0,"key":"SMITH"},{"floor":35.0,"key":"RECALL"},{"data":"champ:PreciseThrust","floor":42.0,"key":"SMITH"},{"data":"champ:CrownThrow","floor":54,"key":"SMITH"}],"circlet_count":0,"master_deck":["AscendersBane","champ:Defend","champ:Defend","champ:Defend","champ:Taunt+1","champ:VampiricStrike+1","champ:StanceDance+1","champ:GladiatorStyle+1","champ:LastStand","champ:EnchantCrown","champ:BringItOn","champ:PreciseThrust+1","champ:GladiatorStyle","champ:HoldFirm+1","champ:FaceSlap","champ:CrownThrow+1","champ:PreciseThrust+1","champ:RageSigil+1","champ:GladiatorStyle"],"relics":["champ:ChampionCrown","Bag of Preparation","Odd Mushroom","downfall:HeartBlessingBlue","downfall:HeartBlessingGreen","sneckomod:BlankCard","Cursed Key","Bird Faced Urn","Membership Card","Philosopher\u0027s Stone","Toolbox","downfall:HeartBlessingRed","Nunchaku","Oddly Smooth Stone"],"acts_visited":["Exordium","TheCity","TheBeyond","TheEnding"],"potions_floor_usage":[47,55,55],"damage_taken":[{"damage":13.0,"enemies":"Small Slimes","floor":2.0,"turns":5.0},{"damage":6.0,"enemies":"Cultist","floor":3.0,"turns":4.0},{"damage":10.0,"enemies":"Jaw Worm","floor":5.0,"turns":2.0},{"damage":10.0,"enemies":"downfall:FleeingMerchant","floor":6.0,"turns":4.0},{"damage":10.0,"enemies":"Large Slime","floor":9.0,"turns":5.0},{"damage":69.0,"enemies":"Gremlin Nob","floor":10.0,"turns":5.0},{"damage":16.0,"enemies":"The Mushroom Lair","floor":11.0,"turns":5.0},{"damage":11.0,"enemies":"3 Sentries","floor":14.0,"turns":8.0},{"damage":5.0,"enemies":"2 Fungi Beasts","floor":15.0,"turns":2.0},{"damage":37.0,"enemies":"downfall:Silent","floor":16.0,"turns":14.0},{"damage":5.0,"enemies":"Chosen","floor":19.0,"turns":5.0},{"damage":12.0,"enemies":"Snecko","floor":20.0,"turns":9.0},{"damage":16.0,"enemies":"Snake Plant","floor":21.0,"turns":6.0},{"damage":42.0,"enemies":"3 Cultists","floor":22.0,"turns":7.0},{"damage":31.0,"enemies":"Gremlin Leader","floor":23.0,"turns":11.0},{"damage":8.0,"enemies":"downfall:FleeingMerchant","floor":26.0,"turns":4.0},{"damage":0.0,"enemies":"Centurion and Healer","floor":27.0,"turns":7.0},{"damage":10.0,"enemies":"Shelled Parasite and Fungi","floor":28.0,"turns":6.0},{"damage":8.0,"enemies":"Snake Plant","floor":32.0,"turns":6.0},{"damage":5.0,"enemies":"downfall:Watcher","floor":33.0,"turns":23.0},{"damage":5.0,"enemies":"Orb Walker","floor":36.0,"turns":4.0},{"damage":5.0,"enemies":"downfall:FleeingMerchant","floor":37.0,"turns":4.0},{"damage":0.0,"enemies":"downfall:FleeingMerchant","floor":38.0,"turns":4.0},{"damage":0.0,"enemies":"3 Darklings","floor":39.0,"turns":5.0},{"damage":7,"enemies":"Writhing Mass","floor":44,"turns":5},{"damage":1,"enemies":"Maw","floor":45,"turns":8},{"damage":0,"enemies":"Reptomancer","floor":47,"turns":6},{"damage":10,"enemies":"3 Darklings","floor":48,"turns":9},{"damage":22,"enemies":"Transient","floor":49,"turns":6},{"damage":0,"enemies":"downfall:Defect","floor":50,"turns":11},{"damage":0,"enemies":"downfall:CharBossMerchant","floor":52,"turns":9},{"damage":0,"enemies":"downfall:NeowBoss","floor":55,"turns":22}],"seed_played":"7048153376292016161","potions_obtained":[{"floor":3.0,"key":"SpeedPotion"},{"floor":4.0,"key":"Fruit Juice"},{"floor":4.0,"key":"DistilledChaos"},{"floor":5.0,"key":"Ancient Potion"},{"floor":10.0,"key":"GamblersBrew"},{"floor":11.0,"key":"DistilledChaos"},{"floor":14.0,"key":"hexamod:EctoCoolerPotion"},{"floor":19.0,"key":"Ancient Potion"},{"floor":20.0,"key":"Dexterity Potion"},{"floor":23.0,"key":"Guardian:BlockOnCardUsePotion"},{"floor":44,"key":"ColorlessPotion"},{"floor":47,"key":"FearPotion"}],"is_trial":false,"path_per_floor":["R","M","M","?","M","$","T","R","M","E","?","?","R","E","M","B",null,"R","M","M","M","M","E","T","R","$","M","M","?","R","T","M","B",null,"R","M","?","$","M","?","T","R","$","M","M","$","E","M","M","B",null,"E","$","R","B",null],"character_chosen":"THE_CHAMP","items_purchased":["champ:EnchantCrown","Membership Card","champ:PreciseThrust","Toolbox"],"campfire_rested":0,"item_purchase_floors":[6,26,37,38],"current_hp_per_floor":[52,55,54,59,69,69,69,69,77,27,26,26,36,51,63,70,90,90,96,96,96,88,78,78,78,96,96,96,96,96,96,96,96,96,96,96,96,96,96,96,96,96,96,96,96,96,96,96,96,96,96,96,96,96,96],"gold":27,"neow_bonus":"THREE_RARE_CARDS","is_daily":false,"chose_seed":false,"campfire_upgraded":8,"win_rate":0.0,"timestamp":1610204963,"path_taken":["R","M","M","?","M","?","T","R","M","E","?","?","R","E","M","BOSS","R","M","M","M","M","E","T","R","$","M","M","?","R","?","M","BOSS","R","M","?","$","M","?","T","R","$","M","?","$","E","M","M","BOSS","E","$","R","BOSS"],"items_purchased_type":["Card","Relic","Card","Relic"],"build_version":"2020-12-22","purchased_purges":6,"victory":true,"max_hp_per_floor":[81,81,81,86,86,86,86,86,86,86,86,86,96,96,96,96,96,96,96,96,96,96,96,96,96,96,96,96,96,96,96,96,96,96,96,96,96,96,96,96,96,96,96,96,96,96,96,96,96,96,96,96,96,96,96],"relic_stats":{"Nunchaku":[16],"counters":[32,231],"Bird Faced Urn":[23],"Bag of Preparation":[52],"Cursed Key":0,"obtain_stats":[{"downfall:HeartBlessingRed":42,"sneckomod:BlankCard":14,"Oddly Smooth Stone":52,"champ:ChampionCrown":0,"downfall:HeartBlessingGreen":13,"Bag of Preparation":10,"Odd Mushroom":11,"Cursed Key":17,"Nunchaku":47,"downfall:HeartBlessingBlue":13,"Bird Faced Urn":23,"Toolbox":38,"Philosopher\u0027s Stone":34,"Membership Card":26},{"downfall:HeartBlessingRed":24,"sneckomod:BlankCard":8,"Oddly Smooth Stone":31,"champ:ChampionCrown":0,"downfall:HeartBlessingGreen":7,"Bag of Preparation":6,"Odd Mushroom":7,"Cursed Key":10,"Nunchaku":27,"downfall:HeartBlessingBlue":7,"Bird Faced Urn":15,"Toolbox":23,"Philosopher\u0027s Stone":20,"Membership Card":16},{"downfall:HeartBlessingRed":155,"sneckomod:BlankCard":38,"Oddly Smooth Stone":209,"champ:ChampionCrown":0,"downfall:HeartBlessingGreen":30,"Bag of Preparation":25,"Odd Mushroom":30,"Cursed Key":54,"Nunchaku":174,"downfall:HeartBlessingBlue":30,"Bird Faced Urn":92,"Toolbox":150,"Philosopher\u0027s Stone":138,"Membership Card":96}]},"card_choices":[{"not_picked":["champ:EnchantSword","champ:SwordThrow"],"picked":"champ:VampiricStrike","floor":0.0},{"not_picked":["champ:ArenaPreparation","champ:EnGarde","champ:Haymaker"],"picked":"SKIP","floor":2.0},{"not_picked":["champ:HeartStrike","champ:Haymaker"],"picked":"champ:StanceDance","floor":3.0},{"not_picked":["champ:FocusedGladiator","champ:Encircle"],"picked":"champ:GladiatorStyle","floor":5.0},{"not_picked":["champ:TornadoPunch","champ:Haymaker"],"picked":"champ:LastStand","floor":6.0},{"not_picked":["champ:Haymaker","champ:GutPunch"],"picked":"champ:BringItOn","floor":9.0},{"not_picked":["champ:Balance","champ:GladiatorsShout"],"picked":"champ:PreciseThrust","floor":10.0},{"not_picked":["champ:GladiatorsShout","champ:HeavySlash"],"picked":"champ:GladiatorStyle","floor":14.0},{"not_picked":["champ:HeartStrike","champ:FightOn","champ:ShieldWall"],"picked":"SKIP","floor":15.0},{"not_picked":["champ:SwordThrow","champ:Improvising"],"picked":"champ:HoldFirm","floor":16.0},{"not_picked":["champ:Control","champ:FanOfKnives","champ:BringItOn"],"picked":"SKIP","floor":19.0},{"not_picked":["champ:TornadoPunch","champ:Backstep"],"picked":"champ:FaceSlap","floor":20.0},{"not_picked":["champ:FlashCut","champ:GutPunch","champ:StanceDance"],"picked":"SKIP","floor":21.0},{"not_picked":["champ:RageSigil","champ:RisingSlash","champ:Circumvent"],"picked":"SKIP","floor":22.0},{"not_picked":["champ:LastStand","champ:ArenaPreparation","champ:HeartStrike"],"picked":"SKIP","floor":23.0},{"not_picked":["champ:FanOfKnives","champ:Circumvent","champ:DeathBlow"],"picked":"SKIP","floor":26.0},{"not_picked":["champ:SwordSigil","champ:SkillfulDodge","champ:ArenaPreparation"],"picked":"SKIP","floor":27.0},{"not_picked":["champ:FightOn","champ:Balance","champ:Backstep"],"picked":"SKIP","floor":28.0},{"not_picked":["champ:FightOn","champ:Balance","champ:Backstep"],"picked":"SKIP","floor":28.0},{"not_picked":["champ:DefensiveShout","champ:GladiatorsShout","champ:GutPunch"],"picked":"SKIP","floor":32.0},{"not_picked":["champ:DefensiveShout","champ:GladiatorsShout","champ:GutPunch"],"picked":"SKIP","floor":32.0},{"not_picked":["champ:StrikeOfGenius","champ:MurderStrike"],"picked":"champ:CrownThrow","floor":33.0},{"not_picked":["champ:Haymaker+1","champ:TornadoPunch+1","champ:StanceDance"],"picked":"SKIP","floor":36.0},{"not_picked":["champ:FanOfKnives","champ:Haymaker+1","champ:GladiatorsShout"],"picked":"SKIP","floor":37.0},{"not_picked":["champ:BerserkerStyle","champ:Circumvent","champ:ShieldThrow"],"picked":"SKIP","floor":38.0},{"not_picked":["champ:DefensiveShout","champ:ShieldWall"],"picked":"champ:RageSigil","floor":39.0},{"not_picked":["champ:RecklessLeap","champ:BringItOn+1","champ:VampiricStrike"],"picked":"SKIP","floor":44},{"not_picked":["champ:Aggression+1","champ:TornadoPunch","champ:PerfectedStrike"],"picked":"SKIP","floor":45},{"not_picked":["champ:HeartStrike","champ:ShieldSigil","champ:CheapShot"],"picked":"SKIP","floor":47},{"not_picked":["champ:Circumvent+1","champ:DefensiveShout","champ:BerserkersShout"],"picked":"SKIP","floor":48},{"not_picked":["champ:GutPunch","champ:AdrenalArmor","champ:GladiatorsShout+1"],"picked":"SKIP","floor":49},{"not_picked":["champ:Backstep","champ:SkillfulDodge+1"],"picked":"champ:GladiatorStyle","floor":52}],"player_experience":3034494,"relics_obtained":[{"floor":10.0,"key":"Bag of Preparation"},{"floor":11.0,"key":"Odd Mushroom"},{"floor":14.0,"key":"sneckomod:BlankCard"},{"floor":23.0,"key":"Bird Faced Urn"},{"floor":47,"key":"Nunchaku"},{"floor":52,"key":"Oddly Smooth Stone"}],"event_choices":[{"damage_healed":0.0,"max_hp_gain":0.0,"max_hp_loss":0.0,"gold_gain":0.0,"event_name":"Lab","player_choice":"Got Potions","floor":4.0,"gold_loss":0.0,"damage_taken":0.0},{"damage_healed":0.0,"max_hp_gain":0.0,"max_hp_loss":0.0,"gold_gain":0.0,"event_name":"Mushrooms","player_choice":"Fought Mushrooms","floor":11.0,"gold_loss":0.0,"damage_taken":0.0},{"damage_healed":0.0,"max_hp_gain":0.0,"max_hp_loss":0.0,"gold_gain":0.0,"cards_transformed":["champ:Strike"],"event_name":"Transmorgrifier","player_choice":"Transformed","floor":12.0,"gold_loss":0.0,"damage_taken":0.0,"cards_obtained":["champ:FocusedDefense"]},{"damage_healed":0.0,"max_hp_gain":0.0,"max_hp_loss":0.0,"gold_gain":0.0,"event_name":"Upgrade Shrine","player_choice":"Upgraded","floor":40.0,"gold_loss":0.0,"damage_taken":0.0,"cards_upgraded":["champ:RageSigil"]}],"is_beta":false,"boss_relics":[{"not_picked":["Fusion Hammer","Calling Bell"],"picked":"Cursed Key"},{"not_picked":["Coffee Dripper","champ:PowerArmor"],"picked":"Philosopher\u0027s Stone"}],"items_purged_floors":[26,37,38,43,46,53],"is_endless":false,"potions_floor_spawned":[3,5,9,10,11,14,19,20,23,32,33,36,44,45,47],"ascension_level":20}}