{"host":"07e1k1rk6c4zn0bu","time":1610222000,"event":{"mods":["BaseMod","Minty Spire (QoL Compilation)"],"gold_per_floor":[119,119,84,98,115,126,145,145,145,160,179,8,72,72,72,72,72],"floor_reached":16,"playtime":744,"items_purged":[],"score":94,"play_id":"4e3fa124-68ad-4dca-a7bc-7211c6affb04","local_time":"20210109145320","is_ascension_mode":false,"campfire_choices":[{"data":"Backstab","floor":8,"key":"SMITH"},{"floor":15,"key":"REST"}],"circlet_count":0,"master_deck":["Strike_G+1","Strike_G","Strike_G","Strike_G","Strike_G+1","Defend_G","Defend_G","Defend_G","Defend_G","Defend_G","Survivor","Neutralize","Poisoned Stab","Backstab+1","Prepared","Acrobatics","Leg Sweep","Flying Knee","Distraction","Masterful Stab","Prepared","Footwork","Unload"],"relics":["Ring of the Snake","Mango","The Specimen"],"acts_visited":["Exordium"],"potions_floor_usage":[16,16],"damage_taken":[{"damage":5,"enemies":"Small Slimes","floor":1,"turns":3},{"damage":3,"enemies":"Jaw Worm","floor":4,"turns":3},{"damage":5,"enemies":"2 Louse","floor":5,"turns":2},{"damage":0,"enemies":"Large Slime","floor":6,"turns":4},{"damage":4,"enemies":"3 Louse","floor":7,"turns":3},{"damage":21,"enemies":"Gremlin Gang","floor":10,"turns":4},{"damage":4,"enemies":"Blue Slaver","floor":11,"turns":2},{"damage":39,"enemies":"Gremlin Nob","floor":13,"turns":4},{"damage":33,"enemies":"The Guardian","floor":16,"turns":3}],"seed_played":"-6031361752407841112","potions_obtained":[{"floor":0,"key":"EntropicBrew"},{"floor":0,"key":"ColorlessPotion"},{"floor":0,"key":"SneckoOil"}],"is_trial":false,"path_per_floor":["M","?","?","M","M","M","M","R","T","M","M","$","?","?","R","B"],"character_chosen":"THE_SILENT","items_purchased":["Masterful Stab","Prepared","Footwork"],"campfire_rested":1,"item_purchase_floors":[12,12,12],"current_hp_per_floor":[65,51,68,65,60,60,56,56,70,49,45,45,6,6,31,0,0],"gold":72,"neow_bonus":"THREE_SMALL_POTIONS","is_daily":false,"chose_seed":false,"campfire_upgraded":1,"win_rate":0.0,"timestamp":1610222000,"path_taken":["M","?","?","M","M","M","M","R","T","M","M","$","?","?","R","BOSS"],"items_purchased_type":["Card","Card","Card"],"build_version":"2020-12-22","purchased_purges":0,"victory":false,"max_hp_per_floor":[70,70,70,70,70,70,70,70,84,84,84,84,84,84,84,84,84],"card_choices":[{"not_picked":["Infinite Blades","Acrobatics"],"picked":"Poisoned Stab","floor":1},{"not_picked":["Dagger Spray","Skewer"],"picked":"Backstab","floor":4},{"not_picked":["Reflex","Blade Dance"],"picked":"Prepared","floor":5},{"not_picked":["Terror","Escape Plan"],"picked":"Acrobatics","floor":6},{"not_picked":["Heel Hook","Flying Knee"],"picked":"Leg Sweep","floor":7},{"not_picked":["Quick Slash","Flechettes"],"picked":"Flying Knee","floor":10},{"not_picked":["Bane","Calculated Gamble"],"picked":"Distraction","floor":11},{"not_picked":["Outmaneuver","Heel Hook"],"picked":"Unload","floor":13}],"player_experience":15054,"relics_obtained":[{"floor":9,"key":"Mango"},{"floor":13,"key":"The Specimen"}],"event_choices":[{"damage_healed":0,"gold_gain":0,"player_choice":"Entered Light","damage_taken":14,"max_hp_gain":0,"max_hp_loss":0,"event_name":"Shining Light","floor":2,"gold_loss":0,"cards_upgraded":["Strike_G","Strike_G"]},{"damage_healed":17,"gold_gain":0,"player_choice":"Healed","damage_taken":0,"max_hp_gain":0,"max_hp_loss":0,"event_name":"The Cleric","floor":3,"gold_loss":35},{"damage_healed":0,"gold_gain":30,"player_choice":"Searched \u00272\u0027 times","damage_taken":0,"max_hp_gain":0,"max_hp_loss":0,"event_name":"Dead Adventurer","floor":13,"gold_loss":0},{"damage_healed":0,"gold_gain":0,"player_choice":"Ignored","damage_taken":0,"max_hp_gain":0,"max_hp_loss":0,"event_name":"Liars Game","floor":14,"gold_loss":0}],"is_beta":false,"boss_relics":[],"items_purged_floors":[],"is_endless":false,"potions_floor_spawned":[1,10,13],"killed_by":"The Guardian","ascension_level":0}}