{"host":"minbhrtlkaoly5f0","time":1610191892,"event":{"mods":["Act Like it!","BaseMod","Colored Map","Colored Powertips","Lobotomy","LobotomyExtend","Luminous","Minty Spire (QoL Compilation)","Quick Restart","StSLib"],"gold_per_floor":[119,129,129,141,168,180,205,217,281,322,351,363,401,428,440,554,566,578,578],"floor_reached":18,"playtime":801,"items_purged":[],"score":197,"play_id":"102c844d-4fdb-4505-bb09-61c5750392e4","local_time":"20210109193132","is_ascension_mode":false,"campfire_choices":[],"circlet_count":0,"master_deck":["SpecialBullet","SpecialBullet","SpecialBullet","SpecialBullet","SpecialBullet","SpecialBullet","SpecialBullet","SpecialBullet","InformationCode","SecurityCode","ExtractionCode","Discovery","FeatherOfHonor+1","Moonlight","Hornet+1","OldLady","RapturousDream","Mimicry","Bloodbath","GreedKing","HappyTeddy","Amita","QueenOfHatred","ControlCode","Lantern","TT2Protocol","GoldRush"],"relics":["CogitoBucket","RabbitCall","LetterFromLob","MawBank","Bag of Marbles","Whetstone","Theresia","InkBottle","Busted Crown"],"acts_visited":["Exordium","TheCity"],"potions_floor_usage":[13,16,16,16],"damage_taken":[{"damage":5,"enemies":"Small Slimes","floor":1,"turns":2},{"damage":6,"enemies":"Cultist","floor":2,"turns":4},{"damage":18,"enemies":"Jaw Worm","floor":4,"turns":3},{"damage":9,"enemies":"2 Fungi Beasts","floor":7,"turns":3},{"damage":33,"enemies":"3 Sentries","floor":10,"turns":5},{"damage":21,"enemies":"Looter","floor":11,"turns":3},{"damage":0,"enemies":"Gremlin Nob","floor":13,"turns":2},{"damage":0,"enemies":"Exordium Wildlife","floor":14,"turns":2},{"damage":38,"enemies":"Hexaghost","floor":16,"turns":7},{"damage":165,"enemies":"2 Thieves","floor":18,"turns":4}],"seed_played":"-7411501754063303384","potions_obtained":[{"floor":2,"key":"EssenceOfSteel"},{"floor":10,"key":"LiquidBronze"},{"floor":11,"key":"DuplicationPotion"},{"floor":13,"key":"Fire Potion"},{"floor":16,"key":"FairyPotion"}],"is_trial":false,"path_per_floor":["M","M","?","M","T","R","M","R","T","E","M","R","E","M","R","B",null,"M"],"character_chosen":"Angela","items_purchased":[],"campfire_rested":0,"item_purchase_floors":[],"current_hp_per_floor":[70,70,70,60,60,60,59,59,59,39,30,30,45,66,66,57,70,0,0],"gold":578,"neow_bonus":"RANDOM_COLORLESS","is_daily":false,"chose_seed":false,"campfire_upgraded":0,"win_rate":0.0,"timestamp":1610191892,"path_taken":["M","M","?","?","?","R","?","R","T","E","M","R","E","M","R","BOSS","M"],"items_purchased_type":[],"build_version":"2020-12-22","purchased_purges":0,"victory":false,"max_hp_per_floor":[70,70,70,70,70,70,70,70,70,70,70,70,70,70,70,70,70,70,70],"card_choices":[{"not_picked":["Blind","Finesse"],"picked":"Discovery","floor":0},{"not_picked":["RapturousDream"],"picked":"FeatherOfHonor","floor":1},{"not_picked":["SomewhereSpear"],"picked":"Moonlight","floor":1},{"not_picked":["ScreamingWedge"],"picked":"Hornet","floor":2},{"not_picked":["ShyLook","Laetitia"],"picked":"OldLady","floor":4},{"not_picked":["SomewhereSpear"],"picked":"RapturousDream","floor":4},{"not_picked":["Wingbeat","Soda"],"picked":"SKIP","floor":4},{"not_picked":["RedEyes"],"picked":"Mimicry","floor":7},{"not_picked":["SnowQueen","Scorched"],"picked":"Bloodbath","floor":7},{"not_picked":["Penitence","CherryBlossom"],"picked":"SKIP","floor":7},{"not_picked":["Penitence","CherryBlossom"],"picked":"SKIP","floor":7},{"not_picked":["LittlePrince","SpiderBud"],"picked":"GreedKing","floor":10},{"not_picked":["Noise","CUTE"],"picked":"SKIP","floor":10},{"not_picked":["QueenBee","PunishingBird"],"picked":"HappyTeddy","floor":11},{"not_picked":["Regret_ego"],"picked":"Amita","floor":11},{"not_picked":["LittleHelper","Scorched"],"picked":"QueenOfHatred","floor":13},{"not_picked":["CrimsonScar","Laetitia_ego"],"picked":"SKIP","floor":13},{"not_picked":["CrimsonScar","Laetitia_ego"],"picked":"SKIP","floor":13},{"not_picked":["Harmony"],"picked":"Lantern","floor":14},{"not_picked":["Twilight"],"picked":"GoldRush","floor":16}],"player_experience":27882,"relics_obtained":[{"floor":1,"key":"LetterFromLob"},{"floor":5,"key":"MawBank"},{"floor":9,"key":"Bag of Marbles"},{"floor":10,"key":"Whetstone"},{"floor":13,"key":"InkBottle"}],"event_choices":[{"damage_healed":0,"gold_gain":0,"player_choice":"Full Heal","damage_taken":0,"max_hp_gain":0,"max_hp_loss":0,"event_name":"Wheel of Change","floor":3,"gold_loss":0}],"is_beta":false,"boss_relics":[{"not_picked":["Snecko Eye","Cursed Key"],"picked":"Busted Crown"}],"items_purged_floors":[],"is_endless":false,"potions_floor_spawned":[2,10,11,13,16],"killed_by":"2 Thieves","ascension_level":0}}