{"host":"f5uumzf5hfexzk8l","time":1610178560,"event":{"mods":["AchievementEnabler","BaseMod","Bestiary","Colored Map","Googly Eyes","Minty Spire (QoL Compilation)","Permanent Neow","Relic Sorter","Relic Stats","SuperFastMode","Unceasing Turn Reminder","everything is the same but u backflip on backflip"],"gold_per_floor":[116,116,136,151,83,108,122,122,122],"floor_reached":8,"playtime":259,"items_purged":[],"score":87,"play_id":"c821c0f2-fa4b-4d57-8001-7550b02264a9","local_time":"20210108234920","is_ascension_mode":true,"campfire_choices":[],"circlet_count":0,"master_deck":["AscendersBane","Strike_P","Strike_P","Strike_P","Strike_P","Defend_P","Defend_P","Defend_P","Defend_P","Eruption","Vigilance","FlurryOfBlows","Protect","WaveOfTheHand","ThirdEye"],"relics":["Sozu","Bag of Marbles","Akabeko"],"acts_visited":["Exordium"],"potions_floor_usage":[],"damage_taken":[{"damage":4,"enemies":"2 Louse","floor":1,"turns":2},{"damage":4,"enemies":"Small Slimes","floor":3,"turns":2},{"damage":1,"enemies":"Cultist","floor":4,"turns":5},{"damage":41,"enemies":"Gremlin Nob","floor":6,"turns":5},{"damage":4,"enemies":"Large Slime","floor":7,"turns":7},{"damage":17,"enemies":"3 Sentries","floor":8,"turns":4}],"seed_played":"6437089817860212702","potions_obtained":[],"is_trial":false,"path_per_floor":["M","?","M","M","?","E","M","E"],"character_chosen":"WATCHER","items_purchased":[],"campfire_rested":0,"item_purchase_floors":[],"current_hp_per_floor":[61,61,57,56,56,15,11,0,0],"gold":122,"neow_bonus":"BOSS_RELIC","is_daily":false,"chose_seed":false,"campfire_upgraded":0,"win_rate":0.0,"timestamp":1610178560,"path_taken":["M","?","M","M","?","E","M","E"],"items_purchased_type":[],"build_version":"2020-12-22","purchased_purges":0,"victory":false,"max_hp_per_floor":[72,72,72,72,72,72,72,72,72],"relic_stats":{"Sozu":3,"counters":[6,25],"obtain_stats":[{"Sozu":0,"Bag of Marbles":5,"PureWater":0,"Akabeko":6},{"Sozu":0,"Bag of Marbles":3,"PureWater":0,"Akabeko":4},{"Sozu":0,"Bag of Marbles":9,"PureWater":0,"Akabeko":14}]},"card_choices":[{"not_picked":["InnerPeace","ThirdEye"],"picked":"FlurryOfBlows","floor":1},{"not_picked":["Weave","Prostrate"],"picked":"Protect","floor":3},{"not_picked":["JustLucky","InnerPeace"],"picked":"WaveOfTheHand","floor":4},{"not_picked":["Consecrate","Swivel"],"picked":"ThirdEye","floor":6},{"not_picked":["WaveOfTheHand","ThirdEye","Protect"],"picked":"SKIP","floor":7}],"player_experience":383535,"relics_obtained":[{"floor":6,"key":"Akabeko"}],"event_choices":[{"damage_healed":0,"gold_gain":0,"player_choice":"Ignored","damage_taken":0,"max_hp_gain":0,"max_hp_loss":0,"event_name":"Liars Game","floor":2,"gold_loss":0},{"damage_healed":0,"gold_gain":0,"player_choice":"Paid Gold","damage_taken":0,"relics_obtained":["Bag of Marbles"],"max_hp_gain":0,"max_hp_loss":0,"event_name":"WeMeetAgain","floor":5,"gold_loss":68}],"is_beta":false,"boss_relics":[],"items_purged_floors":[],"is_endless":false,"potions_floor_spawned":[1,3,4],"killed_by":"3 Sentries","ascension_level":10}}