{"host":"67w4bo1ws77yotej","time":1610227830,"event":{"mods":["Arknights The Spire","Aspiration","BaseMod","Ekko","Energized Spire","Friendly Minions","Gremlin Mod","Halation","Hero for Fun","Hubris","Infinite Spire","Kiyohime????","Minty Spire (QoL Compilation)","READ ME - Guardian Mod","READ ME - Snecko Mod","StSLib","The Cursed","The Wild Card","TheHero","vexMod"],"gold_per_floor":[119,119,119,139,154,154,167,180,207,207,239,239,284,31,31,132,798,809,315,365,340,163,163,41,41,41,15,25,41,58,68,68,173,173,185,195,210,162,182,182,182,457,457,224,237,237,252,267,267,267],"floor_reached":51,"playtime":3517,"items_purged":[],"score":759,"play_id":"d4d1b7bf-4ae6-47bc-9375-25f9996b2558","local_time":"20210109223030","is_ascension_mode":false,"campfire_choices":[{"data":"ekkoTheBoyWhoShatteredTime:PhaseDive","floor":6,"key":"SMITH"},{"data":"ekkoTheBoyWhoShatteredTime:TimeMaster","floor":10,"key":"SMITH"},{"floor":12,"key":"REST"},{"floor":15,"key":"REST"},{"data":"ekkoTheBoyWhoShatteredTime:Powered","floor":23,"key":"SMITH"},{"data":"ekkoTheBoyWhoShatteredTime:HauntingGuise","floor":25,"key":"SMITH"},{"data":"ekkoTheBoyWhoShatteredTime:PulsefirePooling","floor":32,"key":"SMITH"},{"floor":46,"key":"REST"},{"floor":49,"key":"REST"}],"circlet_count":0,"master_deck":["ekkoTheBoyWhoShatteredTime:Strike","ekkoTheBoyWhoShatteredTime:Strike","ekkoTheBoyWhoShatteredTime:Strike","ekkoTheBoyWhoShatteredTime:Strike","ekkoTheBoyWhoShatteredTime:Defend","ekkoTheBoyWhoShatteredTime:Defend","ekkoTheBoyWhoShatteredTime:Defend","ekkoTheBoyWhoShatteredTime:TimeMaster+1","ekkoTheBoyWhoShatteredTime:PhaseDive+1","ekkoTheBoyWhoShatteredTime:IceBreak","ekkoTheBoyWhoShatteredTime:Greed","ekkoTheBoyWhoShatteredTime:Timewinder","ekkoTheBoyWhoShatteredTime:ProjectPreference","ekkoTheBoyWhoShatteredTime:KeepingMomentum","ekkoTheBoyWhoShatteredTime:GrandeFinale","ekkoTheBoyWhoShatteredTime:PhaseDive","ekkoTheBoyWhoShatteredTime:HauntingGuise+1","Secret Weapon","ekkoTheBoyWhoShatteredTime:Powered+1","ekkoTheBoyWhoShatteredTime:AfterimageHit","infinitespire:Fortify","ekkoTheBoyWhoShatteredTime:WideSlice","ekkoTheBoyWhoShatteredTime:NeedlesslyLargeRod","Finesse","ekkoTheBoyWhoShatteredTime:PulsefirePooling+1","ekkoTheBoyWhoShatteredTime:NeedlesslyLargeRod","ekkoTheBoyWhoShatteredTime:NeedlesslyLargeRod","ekkoTheBoyWhoShatteredTime:ZhonyasHourglass","ekkoTheBoyWhoShatteredTime:Powered","ekkoTheBoyWhoShatteredTime:MicCheck+1","ekkoTheBoyWhoShatteredTime:ItemsAfterimage+1","ekkoTheBoyWhoShatteredTime:SneakHit+1","ekkoTheBoyWhoShatteredTime:WaitForKeyTiming","ekkoTheBoyWhoShatteredTime:ParallelConvergence+1","ekkoTheBoyWhoShatteredTime:NeedlesslyLargeRod+1","ekkoTheBoyWhoShatteredTime:CalmingWaves+1"],"relics":["ekkoTheBoyWhoShatteredTime:zDriveResonance","NeowsBlessing","Toy Ornithopter","aspiration:FrozenJewel","Turnip","Membership Card","vexMod:RockOfEvil","Red Mask","infinitespire:EmpoweringShard","Omamori","Du-Vu Doll","Black Star","halation:EternalFortune","hubris:Towel","PreservedInsect","Bottled Flame","halation:Diary"],"acts_visited":["Exordium","TheCity","TheBeyond"],"potions_floor_usage":[11,11,16,20,28,31,33,39,47,50,50,50],"damage_taken":[{"damage":0,"enemies":"Jaw Worm","floor":1,"turns":1},{"damage":0,"enemies":"infinitespire:Voidling","floor":4,"turns":1},{"damage":0,"enemies":"Cultist","floor":5,"turns":1},{"damage":29,"enemies":"Exordium Thugs","floor":7,"turns":5},{"damage":8,"enemies":"Looter","floor":8,"turns":2},{"damage":19,"enemies":"Lagavulin","floor":11,"turns":3},{"damage":21,"enemies":"3 Sentries","floor":13,"turns":6},{"damage":8,"enemies":"Slime Boss","floor":16,"turns":6},{"damage":16,"enemies":"Shell Parasite","floor":18,"turns":3},{"damage":10,"enemies":"Masked Bandits","floor":20,"turns":5},{"damage":0,"enemies":"Spheric Guardian","floor":28,"turns":2},{"damage":0,"enemies":"Snecko","floor":29,"turns":3},{"damage":1,"enemies":"Cultist and Chosen","floor":30,"turns":4},{"damage":0,"enemies":"3 Cultists","floor":31,"turns":3},{"damage":0,"enemies":"Collector","floor":33,"turns":7},{"damage":12,"enemies":"3 Darklings","floor":35,"turns":4},{"damage":0,"enemies":"Orb Walker","floor":36,"turns":3},{"damage":7,"enemies":"4 Shapes","floor":37,"turns":6},{"damage":9,"enemies":"Jaw Worm Horde","floor":39,"turns":4},{"damage":0,"enemies":"Sphere and 2 Shapes","floor":45,"turns":3},{"damage":3,"enemies":"Maw","floor":47,"turns":4},{"damage":0,"enemies":"3 Darklings","floor":48,"turns":5},{"damage":17,"enemies":"Donu and Deca","floor":50,"turns":7}],"seed_played":"6252683331960170851","potions_obtained":[{"floor":1,"key":"SkillPotion"},{"floor":4,"key":"Energy Potion"},{"floor":5,"key":"SkillPotion"},{"floor":13,"key":"ColorlessPotion"},{"floor":30,"key":"Block Potion"},{"floor":31,"key":"Fire Potion"},{"floor":33,"key":"Ancient Potion"},{"floor":36,"key":"SpeedPotion"},{"floor":47,"key":"SpeedPotion"}],"is_trial":false,"path_per_floor":["M","?","?","M","M","R","M","M","T","R","E","R","E","$","R","B",null,"M","?","?","?","$","R","$","R","T","$","M","M","M","M","R","B",null,"M","M","M","$","M","?","?","?","T","$","M","R","M","M","R","B",null],"character_chosen":"EKKO_THE_BOY_WHO_SHATTERED_TIME","items_purchased":["Membership Card","ekkoTheBoyWhoShatteredTime:HauntingGuise","Secret Weapon","infinitespire:EmpoweringShard","ekkoTheBoyWhoShatteredTime:NeedlesslyLargeRod","Explosive Potion","Omamori","Finesse","Fire Potion","ekkoTheBoyWhoShatteredTime:WaitForKeyTiming","Block Potion","Bottled Flame","BlessingOfTheForge","DuplicationPotion","halation:Diary"],"campfire_rested":4,"item_purchase_floors":[14,14,14,22,22,22,24,24,27,38,38,44,44,44,44],"current_hp_per_floor":[78,78,78,78,78,78,49,41,41,41,32,55,37,37,60,57,39,23,23,21,21,21,21,21,21,21,21,26,26,25,30,30,35,39,27,27,20,20,16,19,19,19,19,19,19,31,33,33,42,35],"gold":267,"neow_bonus":"THREE_ENEMY_KILL","is_daily":false,"chose_seed":false,"campfire_upgraded":5,"win_rate":0.0,"timestamp":1610227830,"path_taken":["M","?","?","?","M","R","M","M","T","R","E","R","E","?","R","BOSS","M","?","?","?","$","R","$","R","T","?","?","M","M","M","R","BOSS","M","M","?","$","M","?","?","?","T","$","M","R","M","M","R","BOSS"],"items_purchased_type":["Relic","Card","Card","Relic","Card","Potion","Relic","Card","Potion","Card","Potion","Relic","Potion","Potion","Relic"],"build_version":"2020-12-22","purchased_purges":0,"victory":true,"max_hp_per_floor":[78,78,78,78,78,78,78,78,78,78,78,78,78,78,78,78,39,39,39,39,39,39,39,39,39,39,39,39,39,39,39,39,39,39,39,39,39,39,39,42,42,42,42,42,42,42,42,42,42,42],"card_choices":[{"not_picked":["ekkoTheBoyWhoShatteredTime:SneakHit","ekkoTheBoyWhoShatteredTime:NeedlesslyLargeRod"],"picked":"ekkoTheBoyWhoShatteredTime:PhaseDive","floor":1},{"not_picked":["ekkoTheBoyWhoShatteredTime:SpHit","ekkoTheBoyWhoShatteredTime:FluidEnergy"],"picked":"ekkoTheBoyWhoShatteredTime:Greed","floor":4},{"not_picked":["ekkoTheBoyWhoShatteredTime:CommittedStrike","ekkoTheBoyWhoShatteredTime:PlayTheBeat"],"picked":"ekkoTheBoyWhoShatteredTime:Timewinder","floor":5},{"not_picked":["ekkoTheBoyWhoShatteredTime:DodgeTraining","ekkoTheBoyWhoShatteredTime:Leap"],"picked":"ekkoTheBoyWhoShatteredTime:ProjectPreference","floor":7},{"not_picked":["ekkoTheBoyWhoShatteredTime:WideSlice","ekkoTheBoyWhoShatteredTime:CommittedStrike"],"picked":"ekkoTheBoyWhoShatteredTime:KeepingMomentum","floor":8},{"not_picked":["ekkoTheBoyWhoShatteredTime:FeelIt","ekkoTheBoyWhoShatteredTime:HauntingGuise"],"picked":"ekkoTheBoyWhoShatteredTime:GrandeFinale","floor":11},{"not_picked":["ekkoTheBoyWhoShatteredTime:Backtrack","ekkoTheBoyWhoShatteredTime:SpHit"],"picked":"ekkoTheBoyWhoShatteredTime:PhaseDive","floor":13},{"not_picked":["ekkoTheBoyWhoShatteredTime:ZhonyasHourglass","ekkoTheBoyWhoShatteredTime:Discharge"],"picked":"ekkoTheBoyWhoShatteredTime:Powered","floor":16},{"not_picked":["ekkoTheBoyWhoShatteredTime:Timewinder","ekkoTheBoyWhoShatteredTime:HailOfBlades"],"picked":"ekkoTheBoyWhoShatteredTime:AfterimageHit","floor":18},{"not_picked":["infinitespire:SevenWalls","infinitespire:TheBestDefense"],"picked":"infinitespire:Fortify","floor":19},{"not_picked":["ekkoTheBoyWhoShatteredTime:PhaseDive","ekkoTheBoyWhoShatteredTime:Greed"],"picked":"ekkoTheBoyWhoShatteredTime:WideSlice","floor":20},{"not_picked":["ekkoTheBoyWhoShatteredTime:Dash","ekkoTheBoyWhoShatteredTime:TimeRecall+1"],"picked":"ekkoTheBoyWhoShatteredTime:PulsefirePooling","floor":28},{"not_picked":["ekkoTheBoyWhoShatteredTime:AfterimageHit+1","ekkoTheBoyWhoShatteredTime:IcebornGauntlet"],"picked":"ekkoTheBoyWhoShatteredTime:NeedlesslyLargeRod","floor":29},{"not_picked":["ekkoTheBoyWhoShatteredTime:SneakHit+1","ekkoTheBoyWhoShatteredTime:HextechProtobelt"],"picked":"ekkoTheBoyWhoShatteredTime:NeedlesslyLargeRod","floor":30},{"not_picked":["ekkoTheBoyWhoShatteredTime:AfterimageTease","ekkoTheBoyWhoShatteredTime:FeelIt"],"picked":"ekkoTheBoyWhoShatteredTime:ZhonyasHourglass","floor":31},{"not_picked":["ekkoTheBoyWhoShatteredTime:Periocharge","ekkoTheBoyWhoShatteredTime:GrandeFinale"],"picked":"ekkoTheBoyWhoShatteredTime:Powered","floor":33},{"not_picked":["ekkoTheBoyWhoShatteredTime:Leap+1","ekkoTheBoyWhoShatteredTime:Acceleration+1"],"picked":"ekkoTheBoyWhoShatteredTime:MicCheck+1","floor":35},{"not_picked":["ekkoTheBoyWhoShatteredTime:WideSlice+1","ekkoTheBoyWhoShatteredTime:NaggingBlow"],"picked":"ekkoTheBoyWhoShatteredTime:ItemsAfterimage+1","floor":36},{"not_picked":["ekkoTheBoyWhoShatteredTime:AfterimageHit","ekkoTheBoyWhoShatteredTime:IceBreak+1"],"picked":"ekkoTheBoyWhoShatteredTime:SneakHit+1","floor":37},{"not_picked":["ekkoTheBoyWhoShatteredTime:LoadUp","ekkoTheBoyWhoShatteredTime:WaitForKeyTiming+1"],"picked":"ekkoTheBoyWhoShatteredTime:ParallelConvergence+1","floor":39},{"not_picked":["ekkoTheBoyWhoShatteredTime:AfterimageHit","ekkoTheBoyWhoShatteredTime:QuickBreak+1"],"picked":"ekkoTheBoyWhoShatteredTime:NeedlesslyLargeRod+1","floor":45},{"not_picked":["ekkoTheBoyWhoShatteredTime:DelayedWork","ekkoTheBoyWhoShatteredTime:LichBane"],"picked":"ekkoTheBoyWhoShatteredTime:CalmingWaves+1","floor":47},{"not_picked":["ekkoTheBoyWhoShatteredTime:KneeNSwordCombo+1","ekkoTheBoyWhoShatteredTime:Dash","ekkoTheBoyWhoShatteredTime:IcebornGauntlet+1"],"picked":"SKIP","floor":48}],"player_experience":133730,"relics_obtained":[{"floor":9,"key":"Toy Ornithopter"},{"floor":11,"key":"aspiration:FrozenJewel"},{"floor":13,"key":"Turnip"},{"floor":20,"key":"Red Mask"},{"floor":26,"key":"Du-Vu Doll"},{"floor":43,"key":"PreservedInsect"}],"event_choices":[{"damage_healed":0,"gold_gain":0,"cards_transformed":["ekkoTheBoyWhoShatteredTime:Strike"],"player_choice":"Change","damage_taken":0,"max_hp_gain":0,"max_hp_loss":0,"event_name":"Living Wall","floor":2,"gold_loss":0,"cards_obtained":["ekkoTheBoyWhoShatteredTime:IceBreak"]},{"cards_removed":["ekkoTheBoyWhoShatteredTime:Defend"],"damage_healed":0,"gold_gain":0,"player_choice":"Purged","damage_taken":0,"max_hp_gain":0,"max_hp_loss":0,"event_name":"Purifier","floor":3,"gold_loss":0},{"damage_healed":0,"gold_gain":0,"player_choice":"Fought Bandits","damage_taken":0,"max_hp_gain":0,"max_hp_loss":0,"event_name":"Masked Bandits","floor":20,"gold_loss":0},{"damage_healed":0,"gold_gain":275,"player_choice":"Desecrate","damage_taken":0,"max_hp_gain":0,"max_hp_loss":0,"event_name":"Golden Shrine","floor":42,"gold_loss":0,"cards_obtained":["Regret"]}],"is_beta":false,"boss_relics":[{"not_picked":["hubris:CrackedHourglass","Runic Dome"],"picked":"vexMod:RockOfEvil"},{"not_picked":["Empty Cage","Coffee Dripper"],"picked":"Black Star"}],"items_purged_floors":[],"is_endless":false,"potions_floor_spawned":[1,4,5,13,30,31,33,36,45,47],"ascension_level":0}}