{"host":"scy0o1xotfn36lpl","time":1610157976,"event":{"mods":["AchievementEnabler","Aspiration","BaseMod","Better Altar","Better Note","Better Sensory Stone","Better Skull","Better Third Choice","Colored Map","Curses Come First","Downfall","GifTheSpireLib","Googly Eyes","Highlight Path","Minty Spire (QoL Compilation)","Permanent Neow","Replay The Spire","Spicy Shops","StSLib","everything is the same but u backflip on backflip"],"gold_per_floor":[364,364,42,42,62,89,12,12,66,66,66,91,91,108,108,108,108],"floor_reached":16,"playtime":828,"items_purged":["Parasite"],"score":96,"play_id":"66e8d954-dd2a-44c6-829b-54cddbda9a37","local_time":"20210108180616","is_ascension_mode":false,"campfire_choices":[{"floor":8,"key":"REST"},{"data":"Zap","floor":13,"key":"SMITH"},{"floor":15,"key":"DIG"}],"circlet_count":0,"master_deck":["Strike_B","Strike_B","Strike_B","Strike_B","Defend_B","Defend_B","Defend_B","Zap+1","Dualcast","Turbo","Burn","Writhe","Doubt","Tempest","Sweeping Beam","Ball Lightning"],"relics":["Cracked Core","ReplayTheSpireMod:CursedCoin","Tiny Chest","Matryoshka","Frozen Egg 2","Juzu Bracelet","Pen Nib","Bag of Preparation","aspiration:FrozenJewel","PreservedInsect","Replay:Wax Seal"],"acts_visited":["Exordium"],"potions_floor_usage":[16],"damage_taken":[{"damage":8,"enemies":"2 Louse","floor":1,"turns":2},{"damage":2,"enemies":"Small Slimes","floor":5,"turns":4},{"damage":41,"enemies":"3 Sentries","floor":6,"turns":9},{"damage":6,"enemies":"Cultist","floor":14,"turns":3},{"damage":72,"enemies":"Fading Forest","floor":16,"turns":10}],"seed_played":"-6516194777679538359","potions_obtained":[{"floor":6,"key":"Block Potion"}],"is_trial":false,"path_per_floor":["M","?","$","?","M","E","$","R","T","?","?","T","R","M","R_BF","B"],"character_chosen":"DEFECT","items_purchased":["ReplayTheSpireMod:CursedCoin","Tiny Chest","Matryoshka","Juzu Bracelet"],"campfire_rested":1,"item_purchase_floors":[3,3,3,7],"current_hp_per_floor":[67,67,67,67,65,24,24,45,45,45,45,45,45,39,39,0,0],"gold":108,"neow_bonus":"TWO_FIFTY_GOLD","is_daily":false,"chose_seed":false,"campfire_upgraded":1,"win_rate":0.0,"timestamp":1610157976,"path_taken":["M","?","$","?","M","E","$","R","T","?","?","?","R","M","R_BF","BOSS"],"items_purchased_type":["Relic","Relic","Relic","Relic"],"build_version":"2020-12-22","purchased_purges":1,"victory":false,"max_hp_per_floor":[75,75,72,72,72,72,72,72,72,72,72,72,72,72,72,72,72],"card_choices":[{"not_picked":["BasicCrystalCard","Loop"],"picked":"Turbo","floor":1},{"not_picked":["Hologram","Barrage","Buffer"],"picked":"SKIP","floor":5},{"not_picked":["aspiration:Polymerization","Chill"],"picked":"Tempest","floor":6},{"not_picked":["Auto Shields","Gash"],"picked":"Ball Lightning","floor":14}],"player_experience":32780,"relics_obtained":[{"floor":6,"key":"Frozen Egg 2"},{"floor":9,"key":"Pen Nib"},{"floor":9,"key":"Bag of Preparation"},{"floor":12,"key":"aspiration:FrozenJewel"},{"floor":12,"key":"PreservedInsect"},{"floor":15,"key":"Replay:Wax Seal"}],"event_choices":[{"damage_healed":67,"gold_gain":0,"player_choice":"Embrace Burn","damage_taken":0,"max_hp_gain":0,"max_hp_loss":75,"event_name":"betterThird:BetterShining","floor":2,"gold_loss":0},{"damage_healed":0,"gold_gain":0,"cards_transformed":["Defend_B"],"player_choice":"Transformed","damage_taken":0,"max_hp_gain":0,"max_hp_loss":0,"event_name":"Transmorgrifier","floor":10,"gold_loss":0,"cards_obtained":["Sweeping Beam"]},{"cards_removed":["Doubt"],"damage_healed":0,"gold_gain":0,"player_choice":"Give","damage_taken":0,"max_hp_gain":0,"max_hp_loss":0,"event_name":"betterNote:BetterNote","floor":11,"gold_loss":0,"cards_obtained":["Survivor"]}],"is_beta":false,"boss_relics":[],"items_purged_floors":[3],"is_endless":false,"potions_floor_spawned":[6],"killed_by":"Fading Forest","ascension_level":0}}