{"host":"2lo6hma6kymb0g9i","time":1610172203,"event":{"mods":["BaseMod","Colored Map","DeckTracker","Minty Spire (QoL Compilation)"],"gold_per_floor":[112,15,31,47,62,62,75,75,75,75,89,118,193,193,193,289,289,304,323,333,333,333,233,233,108,108,121,121,137,152,168,168,168,168],"floor_reached":33,"playtime":1546,"items_purged":["Strike_B","Strike_B","Strike_B"],"score":342,"play_id":"fdbd0168-7045-4d25-b81f-1f935e7901d7","local_time":"20210109150323","is_ascension_mode":true,"campfire_choices":[{"data":"Streamline","floor":6.0,"key":"SMITH"},{"data":"Defragment","floor":8.0,"key":"SMITH"},{"floor":15,"key":"REST"},{"floor":24,"key":"REST"},{"floor":32,"key":"REST"}],"circlet_count":0,"master_deck":["Strike_B","Defend_B","Defend_B","Defend_B","Defend_B","Zap","Dualcast+1","Gash","Streamline+1","Defragment+1","FTL","Leap","Defragment","Electrodynamics","Leap+1","Recycle+1","Go for the Eyes","Hologram","Force Field","Defragment+1"],"relics":["Cracked Core","NeowsBlessing","Boot","Anchor","Cursed Key","HornCleat"],"acts_visited":["Exordium","TheCity"],"potions_floor_usage":[16,20,22,22,30],"damage_taken":[{"damage":0.0,"enemies":"Cultist","floor":1.0,"turns":1.0},{"damage":0.0,"enemies":"Jaw Worm","floor":3.0,"turns":1.0},{"damage":0.0,"enemies":"2 Louse","floor":4.0,"turns":1.0},{"damage":20.0,"enemies":"Gremlin Gang","floor":5.0,"turns":4.0},{"damage":6.0,"enemies":"Blue Slaver","floor":7.0,"turns":3.0},{"damage":2.0,"enemies":"Looter","floor":11.0,"turns":2.0},{"damage":26.0,"enemies":"Lagavulin","floor":12.0,"turns":6.0},{"damage":27,"enemies":"Slime Boss","floor":16,"turns":8},{"damage":23,"enemies":"Spheric Guardian","floor":18,"turns":4},{"damage":13,"enemies":"2 Thieves","floor":19,"turns":3},{"damage":21,"enemies":"Snecko","floor":20,"turns":5},{"damage":0,"enemies":"Shelled Parasite and Fungi","floor":22,"turns":2},{"damage":18,"enemies":"Cultist and Chosen","floor":27,"turns":5},{"damage":2,"enemies":"Chosen and Byrds","floor":29,"turns":4},{"damage":6,"enemies":"Snecko","floor":30,"turns":5},{"damage":0,"enemies":"Snake Plant","floor":31,"turns":4},{"damage":42,"enemies":"Champ","floor":33,"turns":7}],"seed_played":"-3884023564614860663","potions_obtained":[{"floor":3.0,"key":"SpeedPotion"},{"floor":7.0,"key":"LiquidBronze"},{"floor":10.0,"key":"Fruit Juice"},{"floor":10.0,"key":"SmokeBomb"},{"floor":16,"key":"SteroidPotion"},{"floor":20,"key":"EssenceOfSteel"},{"floor":29,"key":"Block Potion"}],"is_trial":false,"path_per_floor":["M","$","M","M","M","R","M","R","T","?","M","E","?","?","R","B",null,"M","M","M","?","M","$","R","$","T","M","?","M","M","M","R","B"],"character_chosen":"DEFECT","items_purchased":["Streamline"],"campfire_rested":3,"item_purchase_floors":[2],"current_hp_per_floor":[68,68,68,68,48,48,42,42,42,47,45,19,8,8,32,5,61,38,25,4,4,4,4,28,28,28,10,10,8,2,2,26,0,0],"gold":168,"neow_bonus":"THREE_ENEMY_KILL","is_daily":false,"chose_seed":false,"campfire_upgraded":2,"win_rate":0.0,"timestamp":1610172203,"path_taken":["M","$","?","?","M","R","M","R","T","?","?","E","?","?","R","BOSS","M","?","M","?","M","$","R","$","T","M","?","?","M","?","R","BOSS"],"items_purchased_type":["Card"],"build_version":"2020-12-22","purchased_purges":3,"victory":false,"max_hp_per_floor":[75,75,75,75,75,75,75,75,75,80,80,80,80,80,80,80,80,80,80,80,80,80,80,80,80,80,80,80,80,80,80,80,80,80],"card_choices":[{"not_picked":["Consume","Turbo"],"picked":"Gash","floor":1.0},{"not_picked":["Cold Snap","Gash"],"picked":"Defragment","floor":3.0},{"not_picked":["Loop","Turbo"],"picked":"FTL","floor":4.0},{"not_picked":["Sunder","Steam","Compile Driver"],"picked":"SKIP","floor":5.0},{"not_picked":["White Noise","Compile Driver"],"picked":"Leap","floor":7.0},{"not_picked":["Doom and Gloom","Ball Lightning"],"picked":"Defragment","floor":11.0},{"not_picked":["Steam","Gash","Lockon"],"picked":"SKIP","floor":12},{"not_picked":["Machine Learning","Multi-Cast"],"picked":"Electrodynamics","floor":16},{"not_picked":["Steam+1","Barrage"],"picked":"Leap+1","floor":18},{"not_picked":["Heatsinks","Turbo","Steam"],"picked":"SKIP","floor":19},{"not_picked":["Leap","Hologram"],"picked":"Recycle+1","floor":20},{"not_picked":["Rebound+1","Rip and Tear","Tempest"],"picked":"SKIP","floor":27},{"not_picked":["Aggregate","Ball Lightning"],"picked":"Hologram","floor":29},{"not_picked":["Multi-Cast","Heatsinks"],"picked":"Force Field","floor":30},{"not_picked":["Sweeping Beam","Coolheaded"],"picked":"Defragment+1","floor":31}],"player_experience":985420,"relics_obtained":[{"floor":9.0,"key":"Boot"},{"floor":12,"key":"Anchor"}],"event_choices":[{"damage_healed":0.0,"max_hp_gain":0.0,"max_hp_loss":0.0,"gold_gain":0.0,"event_name":"Lab","player_choice":"Got Potions","floor":10.0,"gold_loss":0.0,"damage_taken":0.0},{"damage_healed":0,"gold_gain":75,"player_choice":"Gather Gold","damage_taken":11,"max_hp_gain":0,"max_hp_loss":0,"event_name":"World of Goop","floor":13,"gold_loss":0},{"damage_healed":0,"gold_gain":0,"player_choice":"Upgraded","damage_taken":0,"max_hp_gain":0,"max_hp_loss":0,"event_name":"Upgrade Shrine","floor":14,"gold_loss":0,"cards_upgraded":["Dualcast"]},{"damage_healed":0,"gold_gain":0,"player_choice":"Read","damage_taken":0,"max_hp_gain":0,"max_hp_loss":0,"event_name":"The Library","floor":21,"gold_loss":0,"cards_obtained":["Go for the Eyes"]},{"damage_healed":0,"gold_gain":0,"player_choice":"Gave Potion","damage_taken":0,"relics_obtained":["HornCleat"],"max_hp_gain":0,"max_hp_loss":0,"event_name":"WeMeetAgain","floor":28,"gold_loss":0}],"is_beta":false,"boss_relics":[{"not_picked":["Runic Pyramid","Fusion Hammer"],"picked":"Cursed Key"}],"items_purged_floors":[2,23,25],"is_endless":false,"potions_floor_spawned":[3,7,16,20,22,29],"killed_by":"Champ","ascension_level":7}}