{"host":"chv1qanoipyt46jc","time":1610158851,"event":{"mods":["2.2 Compatiblity","AchievementEnabler","Bartender","BaseMod","BetterRewards","CapriCore","Card Filter","Evolution","Gold Saver","Grow up Mod","Minty Spire (QoL Compilation)","Rare Cards Sparkle","Relic Filter","Remove Card Discount Mod","Reorder Act Four","StSLib"],"gold_per_floor":[1568,1581,1599,1599,1618,1652,1652,1671,1718,1744,1777,1852,1869,1886,1886,1981,1981,1992,2007,2007,2021,2031,2031,2064,2075,2100,2120,2120,2150,2150,2162,2162,2263,2263,2282,2278,2296,2296,2309,2309,2309,2309,2336,2362,2374,2401,2411,2424,2424,2424,2424,2422,2422,2452,2452],"floor_reached":56,"playtime":1445,"items_purged":["Somersault","Cross","Cross","Cross","Cross","Feint","Feint","Snap_Punch","Snap_Punch+1","Top_Shelf"],"score":1890,"play_id":"1ab54328-158c-4432-a120-41d6b3bd6f35","local_time":"20210108202051","is_ascension_mode":false,"campfire_choices":[{"floor":7.0,"key":"RECALL"},{"floor":15.0,"key":"REST"},{"data":"Dolphin_Blow","floor":23,"key":"SMITH"},{"data":"Power_Up_Punch","floor":30,"key":"SMITH"},{"data":"Snap_Punch","floor":32,"key":"SMITH"},{"floor":40,"key":"REST"},{"data":"Dolphin_Blow","floor":49,"key":"SMITH"},{"floor":53,"key":"REST"}],"circlet_count":0,"master_deck":["Bitters+1","Dolphin_Blow+1","Dolphin_Blow+1"],"relics":["Sneakers","EVO:Axolotl","TheAbacus","Ginger","Bronze Scales","Power_Wrist","CaptainsWheel","Odd Mushroom","Calipers","Empty Cage","MutagenicStrength","Meat on the Bone","Protect_Vest","The Courier","SlaversCollar","Blood Vial","Akabeko","Art of War","InkBottle"],"acts_visited":["Exordium","TheCity","TheBeyond","TheEnding"],"potions_floor_usage":[55,55],"damage_taken":[{"damage":0.0,"enemies":"2 Louse","floor":1.0,"turns":1.0},{"damage":0.0,"enemies":"Jaw Worm","floor":2.0,"turns":1.0},{"damage":0.0,"enemies":"Small Slimes","floor":3.0,"turns":1.0},{"damage":0.0,"enemies":"Exordium Wildlife","floor":5.0,"turns":2.0},{"damage":0.0,"enemies":"Lagavulin","floor":6.0,"turns":3.0},{"damage":0.0,"enemies":"Blue Slaver","floor":8.0,"turns":2.0},{"damage":6.0,"enemies":"The Mushroom Lair","floor":10.0,"turns":2.0},{"damage":0.0,"enemies":"Gremlin Nob","floor":11.0,"turns":2.0},{"damage":0.0,"enemies":"Large Slime","floor":13.0,"turns":3.0},{"damage":0.0,"enemies":"Exordium Wildlife","floor":14.0,"turns":2.0},{"damage":0.0,"enemies":"Slime Boss","floor":16.0,"turns":7.0},{"damage":0,"enemies":"Spheric Guardian","floor":18,"turns":2},{"damage":0,"enemies":"Shell Parasite","floor":19,"turns":2},{"damage":0,"enemies":"Snecko","floor":21,"turns":3},{"damage":0,"enemies":"Centurion and Healer","floor":22,"turns":2},{"damage":0,"enemies":"Book of Stabbing","floor":24,"turns":2},{"damage":0,"enemies":"Cultist and Chosen","floor":25,"turns":2},{"damage":0,"enemies":"Snecko","floor":27,"turns":2},{"damage":2,"enemies":"Slavers","floor":29,"turns":2},{"damage":0,"enemies":"Centurion and Healer","floor":31,"turns":2},{"damage":0,"enemies":"Collector","floor":33,"turns":3},{"damage":0,"enemies":"3 Shapes","floor":35,"turns":2},{"damage":0,"enemies":"3 Darklings","floor":37,"turns":3},{"damage":0,"enemies":"Transient","floor":39,"turns":4},{"damage":190,"enemies":"Nemesis","floor":44,"turns":11},{"damage":8,"enemies":"Writhing Mass","floor":45,"turns":2},{"damage":0,"enemies":"Giant Head","floor":46,"turns":2},{"damage":0,"enemies":"Maw","floor":47,"turns":2},{"damage":0,"enemies":"3 Darklings","floor":48,"turns":2},{"damage":0,"enemies":"Donu and Deca","floor":50,"turns":2},{"damage":0,"enemies":"Shield and Spear","floor":54,"turns":2},{"damage":3,"enemies":"The Heart","floor":55,"turns":3}],"seed_played":"-8533260950970008341","potions_obtained":[{"floor":5.0,"key":"PowerPotion"},{"floor":6.0,"key":"Ancient Potion"},{"floor":10.0,"key":"SteroidPotion"},{"floor":18,"key":"FairyPotion"},{"floor":48,"key":"Swift Potion"}],"is_trial":false,"path_per_floor":["M","M","M","?","M","E","R","M","T","?","E","?","M","M","R","B",null,"M","M","?","M","M","R","E","M","T","M","?","E","R","M","R","B",null,"M","$","M","?","M","R","$","?","T","E","M","E","M","M","R","B",null,"$","R","E","B",null],"character_chosen":"BARTENDER","items_purchased":["TheAbacus","Ginger","Bitters","Bronze Scales","Power_Wrist","Snap_Punch","Snap_Punch"],"campfire_rested":3,"item_purchase_floors":[0,0,0,0,0,0,0],"current_hp_per_floor":[54,64,74,84,94,104,114,124,134,138,148,147,157,167,242,252,262,272,282,292,302,312,322,332,342,352,362,372,380,390,400,410,420,432,442,452,462,472,482,492,502,512,522,342,346,358,370,382,392,404,602,612,622,632,639],"gold":2452,"neow_bonus":"","is_daily":false,"chose_seed":false,"campfire_upgraded":4,"win_rate":0.0,"timestamp":1610158851,"path_taken":["M","M","M","?","M","E","R","M","T","?","E","?","M","?","R","BOSS","M","M","?","M","M","R","E","M","T","M","?","E","R","M","R","BOSS","M","$","M","?","M","R","$","?","T","E","M","E","M","M","R","BOSS","$","R","E","BOSS"],"items_purchased_type":["Relic","Relic","Card","Relic","Relic","Card","Card"],"build_version":"2020-12-22","purchased_purges":10,"victory":true,"max_hp_per_floor":[102,112,122,132,142,152,162,172,182,192,202,212,222,232,242,252,262,272,282,292,302,312,322,332,342,352,362,372,382,392,402,412,422,432,442,452,462,472,482,492,502,512,522,532,542,552,562,572,582,592,602,612,622,632,642],"card_choices":[{"not_picked":["Hook","Dart","Ball_Of_Ice"],"picked":"SKIP","floor":1.0},{"not_picked":["Hook","On_The_House","Ball_Of_Ice"],"picked":"SKIP","floor":2.0},{"not_picked":["Center_Self","Coeurl_Form","Momentum"],"picked":"SKIP","floor":3.0},{"not_picked":["Waterkick","Bloodbath_Bartender","Dragonkick"],"picked":"SKIP","floor":5.0},{"not_picked":["On_The_Rocks","Center_Self","Glare"],"picked":"SKIP","floor":6.0},{"not_picked":["Bitters","On_The_House","Step_Of_The_Wind"],"picked":"SKIP","floor":8.0},{"not_picked":["Form_Shift","On_The_Rocks","Windup"],"picked":"SKIP","floor":11.0},{"not_picked":["Ripple","Step_Of_The_Wind","Meteodrive"],"picked":"SKIP","floor":13.0},{"not_picked":["ThreeSidedStar","Tornado_Kick","With_A_Twist"],"picked":"SKIP","floor":14.0},{"not_picked":["Top_Shelf","Patience"],"picked":"Dolphin_Blow","floor":16.0},{"not_picked":["Mirage","Coeurl_Form","Power_Up_Punch"],"picked":"SKIP","floor":18},{"not_picked":["Stick_and_Move+1","Fight_Dirty","Power_Up_Punch+1"],"picked":"SKIP","floor":19},{"not_picked":["Center_Self","Stick_and_Move","Rope_A_Dope"],"picked":"SKIP","floor":21},{"not_picked":["Step_Of_The_Wind","Greased_Lightning","Momentum"],"picked":"SKIP","floor":22},{"not_picked":["Snap_Punch+1","Fight_Dirty","With_A_Twist"],"picked":"SKIP","floor":24},{"not_picked":["Wall_of_Ice","Cross","Pony_Shot"],"picked":"SKIP","floor":25},{"not_picked":["Alacrity","ThreeSidedStar+1"],"picked":"Power_Up_Punch","floor":27},{"not_picked":["Glare","Greased_Lightning","Cross"],"picked":"SKIP","floor":29},{"not_picked":["Windup","Dragonkick+1","Bicycle_Kick"],"picked":"SKIP","floor":31},{"not_picked":["Pony_Shot","Center_Self+1","Coeurl_Form"],"picked":"SKIP","floor":35},{"not_picked":["Fading_Blow","Step_Of_The_Wind","Snap_Punch+1"],"picked":"SKIP","floor":37},{"not_picked":["Power_Up_Punch","Hook","Center_Self+1"],"picked":"SKIP","floor":39},{"not_picked":["Fight_Dirty","Step_Of_The_Wind+1"],"picked":"Top_Shelf","floor":44},{"not_picked":["Scowl+1","Hook+1","Cross+1"],"picked":"SKIP","floor":45},{"not_picked":["Raptor_Form+1","On_The_House"],"picked":"Dolphin_Blow","floor":46},{"not_picked":["Pony_Shot","Elbow_Slash","Raptor_Form+1"],"picked":"SKIP","floor":47},{"not_picked":["Step_Of_The_Wind+1","Scowl","Stick_and_Move+1"],"picked":"SKIP","floor":48},{"not_picked":["Form_Shift","Elbow_Slash+1","Mirage"],"picked":"SKIP","floor":54}],"player_experience":387493,"relics_obtained":[{"floor":6.0,"key":"CaptainsWheel"},{"floor":10.0,"key":"Odd Mushroom"},{"floor":11.0,"key":"Calipers"},{"floor":24,"key":"Meat on the Bone"},{"floor":26,"key":"Protect_Vest"},{"floor":29,"key":"The Courier"},{"floor":43,"key":"Blood Vial"},{"floor":44,"key":"Akabeko"},{"floor":46,"key":"Art of War"},{"floor":54,"key":"InkBottle"}],"event_choices":[{"damage_healed":0.0,"max_hp_gain":0.0,"max_hp_loss":0.0,"gold_gain":0.0,"event_name":"Living Wall","player_choice":"Grow","floor":4.0,"gold_loss":0.0,"damage_taken":0.0,"cards_upgraded":["Bitters"]},{"damage_healed":0.0,"max_hp_gain":0.0,"max_hp_loss":0.0,"gold_gain":0.0,"event_name":"Mushrooms","player_choice":"Fought Mushrooms","floor":10.0,"gold_loss":0.0,"damage_taken":0.0},{"damage_healed":0.0,"max_hp_gain":0.0,"max_hp_loss":0.0,"gold_gain":75.0,"event_name":"World of Goop","player_choice":"Gather Gold","floor":12.0,"gold_loss":0.0,"damage_taken":11.0},{"damage_healed":0,"gold_gain":0,"player_choice":"Inject Mutagens","damage_taken":0,"relics_obtained":["MutagenicStrength"],"max_hp_gain":0,"max_hp_loss":0,"event_name":"Drug Dealer","floor":20,"gold_loss":0},{"damage_healed":0,"gold_gain":0,"player_choice":"Ignored","damage_taken":0,"max_hp_gain":0,"max_hp_loss":0,"event_name":"Ghosts","floor":28,"gold_loss":0},{"damage_healed":0,"gold_gain":0,"player_choice":"Memory 1","damage_taken":0,"max_hp_gain":0,"max_hp_loss":0,"event_name":"SensoryStone","floor":38,"gold_loss":0},{"cards_removed":["Power_Up_Punch"],"damage_healed":0,"gold_gain":0,"player_choice":"Card Removal","damage_taken":0,"max_hp_gain":0,"max_hp_loss":0,"event_name":"Wheel of Change","floor":42,"gold_loss":0}],"is_beta":false,"boss_relics":[{"not_picked":["Cursed Key","Calling Bell"],"picked":"Empty Cage"},{"not_picked":["SacredBark","Pandora\u0027s Box"],"picked":"SlaversCollar"}],"items_purged_floors":[0,0,0,0,0,0,0,36,36,52],"is_endless":false,"potions_floor_spawned":[5,6,10,16,18,22,25,29,33,35,39,46,48],"ascension_level":0}}