{"host":"q4b0c643vtafhvqv","time":1610166781,"event":{"mods":["AchievementEnabler","BaseMod","Colored Map","Colored Powertips","Minty Spire (QoL Compilation)","Permanent Neow","Quick Restart","StSLib","The Blue Laboratory","The Cursed","The Marked"],"gold_per_floor":[117,130,143,143,143,143,170,170,170,170,196,216,243,254,254,359,409,427,437,239,254,254,286,286,286,286,297,309,341,359,386,386,490,490,503,503,503,208,208,234,234,261,261,293,337,359,163,163,163,163,163,163,47,72,72],"floor_reached":56,"playtime":1903,"items_purged":["Strike_R+1"],"score":1866,"play_id":"112a9bb9-97f1-41b3-9bb8-720e73005f61","local_time":"20210109123301","is_ascension_mode":true,"campfire_choices":[{"data":"Seeing Red","floor":6.0,"key":"SMITH"},{"floor":10.0,"key":"RECALL"},{"data":"Feed","floor":15.0,"key":"SMITH"},{"floor":24.0,"key":"REST"},{"data":"Sword Boomerang","floor":32.0,"key":"SMITH"},{"data":"Panacea","floor":41.0,"key":"SMITH"},{"floor":49.0,"key":"REST"},{"data":"Heavy Blade","floor":52.0,"key":"SMITH"}],"circlet_count":0,"master_deck":["Strike_R+1","Defend_R+1","Defend_R+1","Bash+1","Feed+1","Limit Break+1","Sword Boomerang+1","Feed","Rage+1","Panache","Panacea+1","Heavy Blade+1"],"relics":["Burning Blood","PreservedInsect","Kunai","Self Forming Clay","Darkstone Periapt","Unceasing Top","Tiny House","Brimstone","Happy Flower","Pear","Calipers","Matryoshka","Mummified Hand","Orichalcum","Paper Frog","MawBank","TungstenRod","Ice Cream","Membership Card","Strange Spoon","Pantograph"],"acts_visited":["Exordium","TheCity","TheBeyond","TheEnding"],"potions_floor_usage":[55,55],"damage_taken":[{"damage":0.0,"enemies":"Small Slimes","floor":1.0,"turns":2.0},{"damage":0.0,"enemies":"Jaw Worm","floor":2.0,"turns":2.0},{"damage":0.0,"enemies":"Cultist","floor":3.0,"turns":2.0},{"damage":2.0,"enemies":"Gremlin Nob","floor":7.0,"turns":3.0},{"damage":14.0,"enemies":"3 Sentries","floor":11.0,"turns":6.0},{"damage":0.0,"enemies":"Blue Slaver","floor":12.0,"turns":2.0},{"damage":2.0,"enemies":"Lagavulin","floor":13.0,"turns":3.0},{"damage":0.0,"enemies":"Red Slaver","floor":14.0,"turns":2.0},{"damage":28.0,"enemies":"Hexaghost","floor":16.0,"turns":8.0},{"damage":8.0,"enemies":"Chosen","floor":18.0,"turns":4.0},{"damage":3.0,"enemies":"2 Thieves","floor":19.0,"turns":4.0},{"damage":23.0,"enemies":"Sentry and Sphere","floor":21.0,"turns":4.0},{"damage":7.0,"enemies":"Gremlin Leader","floor":23.0,"turns":4.0},{"damage":0.0,"enemies":"Snake Plant","floor":27.0,"turns":2.0},{"damage":3.0,"enemies":"Snecko","floor":28.0,"turns":3.0},{"damage":14.0,"enemies":"Book of Stabbing","floor":29.0,"turns":3.0},{"damage":13.0,"enemies":"Sentry and Sphere","floor":30.0,"turns":3.0},{"damage":13.0,"enemies":"Slavers","floor":31.0,"turns":3.0},{"damage":14.0,"enemies":"Champ","floor":33.0,"turns":4.0},{"damage":12.0,"enemies":"Orb Walker","floor":35.0,"turns":2.0},{"damage":38.0,"enemies":"Reptomancer","floor":40.0,"turns":5.0},{"damage":6.0,"enemies":"Giant Head","floor":42.0,"turns":4.0},{"damage":10.0,"enemies":"3 Shapes","floor":44.0,"turns":4.0},{"damage":26.0,"enemies":"Reptomancer","floor":45.0,"turns":4.0},{"damage":31.0,"enemies":"3 Darklings","floor":46.0,"turns":4.0},{"damage":81.0,"enemies":"Donu and Deca","floor":50.0,"turns":6.0},{"damage":17.0,"enemies":"Shield and Spear","floor":54.0,"turns":3.0},{"damage":61,"enemies":"The Heart","floor":55,"turns":8}],"seed_played":"-2630178040396974592","potions_obtained":[{"floor":2.0,"key":"blueLaboratory:Moonshine"},{"floor":11.0,"key":"Block Potion"},{"floor":12.0,"key":"blueLaboratory:BottledHope"},{"floor":13.0,"key":"Strength Potion"},{"floor":14.0,"key":"Weak Potion"},{"floor":17.0,"key":"SpeedPotion"},{"floor":18.0,"key":"EntropicBrew"},{"floor":19.0,"key":"BlessingOfTheForge"},{"floor":21.0,"key":"blueLaboratory:BottleOfVodka"},{"floor":28.0,"key":"blueLaboratory:BottleOfVodka"},{"floor":31.0,"key":"LiquidMemories"},{"floor":40.0,"key":"blueLaboratory:HummingbirdPotion"},{"floor":45.0,"key":"SteroidPotion"}],"is_trial":false,"path_per_floor":["M","M","M","?","$","R","E","?","T","R","E","M","E","M","R","B",null,"M","M","$","M","?","E","R","?","T","M","M","E","M","E","R","B",null,"M","?","?","$","?","E","R","E","T","M","E","M","$","?","R","B",null,"R","$","E","B",null],"character_chosen":"IRONCLAD","items_purchased":["Brimstone","Sword Boomerang","Mummified Hand","blueLaboratory:FruitPunch","Membership Card","Heavy Blade","DuplicationPotion","Strange Spoon"],"campfire_rested":2,"item_purchase_floors":[20,20,38,38,47,47,53,53],"current_hp_per_floor":[80,80,80,80,80,80,80,80,80,80,72,81,86,89,89,71,98,100,106,106,93,70,73,108,108,118,124,131,127,124,121,121,117,149,146,146,136,136,136,110,110,114,114,117,97,72,72,72,122,50,172,172,172,161,117],"gold":72,"neow_bonus":"RANDOM_COMMON_RELIC","is_daily":false,"chose_seed":false,"campfire_upgraded":5,"win_rate":0.0,"timestamp":1610166781,"path_taken":["M","M","M","?","?","R","E","?","T","R","E","M","E","M","R","BOSS","M","?","$","M","?","E","R","?","T","M","M","E","M","E","R","BOSS","M","?","?","$","?","E","R","E","T","M","E","M","$","?","R","BOSS","R","$","E","BOSS"],"items_purchased_type":["Relic","Card","Relic","Potion","Relic","Card","Potion","Relic"],"build_version":"2020-12-22","purchased_purges":1,"victory":true,"max_hp_per_floor":[80,80,80,80,80,80,80,80,80,80,80,83,86,89,89,93,98,102,106,106,110,115,119,119,119,129,129,133,137,141,145,145,149,149,152,152,152,152,152,158,158,162,162,169,169,169,169,169,169,172,172,172,172,172,172],"card_choices":[{"not_picked":["Sword Boomerang","Wild Strike","Flex"],"picked":"SKIP","floor":1.0},{"not_picked":["Shrug It Off","Anger"],"picked":"Seeing Red","floor":2.0},{"not_picked":["Flex","Havoc","Infernal Blade"],"picked":"SKIP","floor":3.0},{"not_picked":["Headbutt","Burning Pact","Pommel Strike"],"picked":"SKIP","floor":7.0},{"not_picked":["Twin Strike","Uppercut"],"picked":"Feed","floor":11.0},{"not_picked":["Armaments","Clash","Inflame"],"picked":"SKIP","floor":12.0},{"not_picked":["Spot Weakness","True Grit","Dark Embrace"],"picked":"SKIP","floor":13.0},{"not_picked":["Heavy Blade","Shrug It Off","Iron Wave"],"picked":"SKIP","floor":14.0},{"not_picked":["Exhume","Double Tap"],"picked":"Limit Break","floor":16.0},{"not_picked":["Body Slam","Thunderclap","Headbutt+1"],"picked":"SKIP","floor":18.0},{"not_picked":["Intimidate+1","Flame Barrier","Flex"],"picked":"SKIP","floor":19.0},{"not_picked":["Shockwave","Perfected Strike","Armaments"],"picked":"SKIP","floor":21.0},{"not_picked":["True Grit+1","Dark Embrace","Evolve"],"picked":"SKIP","floor":23.0},{"not_picked":["Havoc+1","Combust+1","Power Through"],"picked":"SKIP","floor":27.0},{"not_picked":["Wild Strike+1","Hemokinesis","Twin Strike"],"picked":"SKIP","floor":28.0},{"not_picked":["Body Slam","Intimidate","Combust"],"picked":"SKIP","floor":29.0},{"not_picked":["Clash","Warcry","True Grit+1"],"picked":"SKIP","floor":30.0},{"not_picked":["Immolate","Reaper","Infernal Blade+1"],"picked":"SKIP","floor":31.0},{"not_picked":["Exhume","Bludgeon"],"picked":"Feed","floor":33.0},{"not_picked":["Pommel Strike+1","Havoc"],"picked":"Rage+1","floor":35.0},{"not_picked":["Swift Strike","The Bomb"],"picked":"Panache","floor":37.0},{"not_picked":["Metamorphosis","PanicButton"],"picked":"Panacea","floor":37.0},{"not_picked":["Clash+1","Warcry","Fiend Fire"],"picked":"SKIP","floor":40.0},{"not_picked":["Carnage+1","Heavy Blade+1","Havoc"],"picked":"SKIP","floor":42.0},{"not_picked":["Twin Strike","Shrug It Off","Armaments+1"],"picked":"SKIP","floor":44.0},{"not_picked":["Ghostly Armor+1","Fire Breathing+1","Demon Form"],"picked":"SKIP","floor":45.0},{"not_picked":["Headbutt+1","Clothesline","Armaments"],"picked":"SKIP","floor":46.0},{"not_picked":["Wild Strike","Reckless Charge","Inflame+1"],"picked":"SKIP","floor":54.0}],"player_experience":19245,"relics_obtained":[{"floor":4.0,"key":"Kunai"},{"floor":7.0,"key":"Self Forming Clay"},{"floor":11.0,"key":"Darkstone Periapt"},{"floor":13.0,"key":"Unceasing Top"},{"floor":23.0,"key":"Happy Flower"},{"floor":26.0,"key":"Pear"},{"floor":29.0,"key":"Calipers"},{"floor":31.0,"key":"Matryoshka"},{"floor":40.0,"key":"Orichalcum"},{"floor":42.0,"key":"Paper Frog"},{"floor":43.0,"key":"MawBank"},{"floor":43.0,"key":"TungstenRod"},{"floor":45.0,"key":"Ice Cream"},{"floor":54.0,"key":"Pantograph"}],"event_choices":[{"damage_healed":0.0,"max_hp_gain":0.0,"max_hp_loss":0.0,"gold_gain":0.0,"event_name":"Wheel of Change","player_choice":"Relic","floor":4.0,"gold_loss":0.0,"damage_taken":0.0},{"cards_removed":["Seeing Red"],"damage_healed":0.0,"max_hp_gain":0.0,"max_hp_loss":0.0,"gold_gain":0.0,"event_name":"Bonfire Elementals","player_choice":"Offered Uncommon","floor":8.0,"gold_loss":0.0,"damage_taken":0.0},{"damage_healed":0.0,"max_hp_gain":5.0,"max_hp_loss":0.0,"gold_gain":0.0,"event_name":"Forgotten Altar","player_choice":"Shed Blood","floor":22.0,"gold_loss":0.0,"damage_taken":28.0},{"damage_healed":0.0,"max_hp_gain":0.0,"max_hp_loss":0.0,"gold_gain":0.0,"event_name":"Vampires","player_choice":"Ignored","floor":25.0,"gold_loss":0.0,"damage_taken":0.0},{"damage_healed":0.0,"max_hp_gain":0.0,"max_hp_loss":0.0,"gold_gain":0.0,"event_name":"Tomb of Lord Red Mask","player_choice":"Ignored","floor":36.0,"gold_loss":0.0,"damage_taken":0.0},{"damage_healed":0.0,"max_hp_gain":0.0,"max_hp_loss":0.0,"gold_gain":0.0,"event_name":"SensoryStone","player_choice":"Memory 3","floor":37.0,"gold_loss":0.0,"damage_taken":10.0},{"cards_removed":["Strike_R"],"damage_healed":0.0,"max_hp_gain":0.0,"max_hp_loss":0.0,"gold_gain":0.0,"event_name":"Falling","player_choice":"Removed Attack","floor":39.0,"gold_loss":0.0,"damage_taken":0.0},{"damage_healed":0.0,"max_hp_gain":0.0,"max_hp_loss":0.0,"gold_gain":0.0,"event_name":"The Moai Head","player_choice":"Ignored","floor":48.0,"gold_loss":0.0,"damage_taken":0.0}],"is_beta":false,"boss_relics":[{"not_picked":["Fusion Hammer","Astrolabe"],"picked":"Tiny House"},{"not_picked":["Sozu","Snecko Eye","Calling Bell"]}],"items_purged_floors":[47],"is_endless":false,"potions_floor_spawned":[2,11,12,13,14,18,19,21,28,31,35,40,45,46],"ascension_level":4}}