{"host":"6hzrz31j95f2y1pa","time":1610162448,"event":{"mods":["BaseMod","Colored Map","Downfall","Minty Spire (QoL Compilation)","StSLib"],"gold_per_floor":[99,109,109,109,19,47,102,102,136,149,149,149,149,172,183,260,260,260,260,260,145,145,145,145,145,145,145,145,145,145,145,145,145,145,145,145,145,145,145,145,145,145,145,145,145,5,5,5,5,5,5,5,5,5,5],"floor_reached":56,"playtime":2665,"items_purged":["Regret","hexamod:Strike","hexamod:Defend"],"score":2106,"play_id":"a586a7ee-3df2-40b9-a0ad-3aab4f0ed12d","local_time":"20210108222048","is_ascension_mode":true,"campfire_choices":[{"data":"hexamod:TurnItUp","floor":1.0,"key":"SMITH"},{"floor":13.0,"key":"REST"},{"data":"hexamod:ChargedBarrage","floor":18.0,"key":"SMITH"},{"floor":26.0,"key":"REST"},{"floor":30.0,"key":"REST"},{"floor":35,"key":"RECALL"},{"floor":43,"key":"REST"},{"floor":54,"key":"REST"}],"circlet_count":0,"master_deck":["AscendersBane","hexamod:Strike+1","hexamod:Strike+1","hexamod:Defend+1","hexamod:Defend+1","hexamod:Sear+1","hexamod:Float+1","hexamod:TurnItUp+1","hexamod:ChargedBarrage+1","hexamod:FastForward","hexamod:HauntingEcho","hexamod:SpectersWail","hexamod:FastForward","hexamod:TimeWarp","hexamod:HauntingEcho","hexamod:EmpoweredFlame","hexamod:Hexaguard","hexamod:HeatShield","hexamod:Hexaguard","hexamod:StepThrough","hexamod:HexaLevel","hexamod:GhostflameBarrier","hexamod:WildfireWeapon","hexamod:FourthSeal","hexamod:EmpoweredFlame+1","hexamod:Hexaguard+1","hexamod:ApocalypticArmor","hexamod:GhostOfSpireFuture+1","hexamod:RetreatToShadows"],"relics":["hexamod:SpiritBrand","downfall:ShatteredFragment","Sundial","War Paint","Question Card","Potion Belt","Regal Pillow","downfall:Hecktoplasm","TungstenRod","Toy Ornithopter","Juzu Bracelet","Fusion Hammer","downfall:HeartBlessingGreen","Bird Faced Urn","champ:DuelingGlove","downfall:HeartBlessingRed","downfall:HeartBlessingBlue","PreservedInsect","InkBottle"],"acts_visited":["Exordium","TheCity","TheBeyond","TheEnding"],"potions_floor_usage":[33,33,42,42,45,49,55,55,55,55,55],"damage_taken":[{"damage":2.0,"enemies":"Jaw Worm","floor":2.0,"turns":3.0},{"damage":2.0,"enemies":"downfall:FleeingMerchant","floor":5.0,"turns":4.0},{"damage":0.0,"enemies":"Lagavulin","floor":6.0,"turns":4.0},{"damage":15.0,"enemies":"3 Sentries","floor":9.0,"turns":8.0},{"damage":0.0,"enemies":"Small Slimes","floor":10.0,"turns":3.0},{"damage":0.0,"enemies":"2 Louse","floor":15.0,"turns":3.0},{"damage":25.0,"enemies":"downfall:Silent","floor":16.0,"turns":6.0},{"damage":6.0,"enemies":"3 Byrds","floor":19.0,"turns":4.0},{"damage":0.0,"enemies":"Chosen","floor":20.0,"turns":3.0},{"damage":4.0,"enemies":"downfall:FleeingMerchant","floor":21.0,"turns":4.0},{"damage":12.0,"enemies":"Shelled Parasite and Fungi","floor":22.0,"turns":3.0},{"damage":15.0,"enemies":"Centurion and Healer","floor":25.0,"turns":4.0},{"damage":0.0,"enemies":"Cultist and Chosen","floor":27.0,"turns":4.0},{"damage":9.0,"enemies":"Gremlin Leader","floor":28.0,"turns":5.0},{"damage":0.0,"enemies":"Shelled Parasite and Fungi","floor":29.0,"turns":4.0},{"damage":24.0,"enemies":"Slavers","floor":31.0,"turns":5.0},{"damage":20.0,"enemies":"Snecko","floor":32.0,"turns":6.0},{"damage":20,"enemies":"downfall:Ironclad","floor":33,"turns":7},{"damage":0,"enemies":"Orb Walker","floor":36,"turns":3},{"damage":16,"enemies":"3 Shapes","floor":38,"turns":4},{"damage":0,"enemies":"Transient","floor":39,"turns":5},{"damage":0,"enemies":"Mind Bloom Boss Battle","floor":40,"turns":5},{"damage":27,"enemies":"Reptomancer","floor":42,"turns":6},{"damage":21,"enemies":"Jaw Worm Horde","floor":44,"turns":4},{"damage":10,"enemies":"Giant Head","floor":45,"turns":6},{"damage":0,"enemies":"downfall:FleeingMerchant","floor":46,"turns":4},{"damage":3,"enemies":"Spire Growth","floor":47,"turns":3},{"damage":13,"enemies":"Maw","floor":49,"turns":5},{"damage":0,"enemies":"downfall:Defect","floor":50,"turns":6},{"damage":5,"enemies":"downfall:CharBossMerchant","floor":52,"turns":6},{"damage":34,"enemies":"downfall:NeowBoss","floor":55,"turns":21}],"seed_played":"-4225635866549678893","potions_obtained":[{"floor":2.0,"key":"hexamod:EctoCoolerPotion"},{"floor":9.0,"key":"Fire Potion"},{"floor":20.0,"key":"SteroidPotion"},{"floor":27.0,"key":"DuplicationPotion"},{"floor":28.0,"key":"DuplicationPotion"},{"floor":29.0,"key":"Block Potion"},{"floor":31.0,"key":"BlessingOfTheForge"},{"floor":38,"key":"Block Potion"},{"floor":39,"key":"Block Potion"},{"floor":39,"key":"AttackPotion"},{"floor":40,"key":"DuplicationPotion"},{"floor":42,"key":"EntropicBrew"},{"floor":45,"key":"GamblersBrew"},{"floor":45,"key":"EssenceOfSteel"},{"floor":49,"key":"Block Potion"},{"floor":52,"key":"Strength Potion"},{"floor":52,"key":"Dexterity Potion"}],"is_trial":false,"path_per_floor":["R","M","?","?","$","E","T","?","E","M","?","?","R","T","M","B",null,"R","M","M","$","M","?","T","M","R","M","E","M","R","E","M","B",null,"R","M","?","M","M","?","T","E","R","M","E","$","M","$","M","B",null,"E","$","R","B",null],"character_chosen":"THE_SPIRIT","items_purchased":[],"campfire_rested":5,"item_purchase_floors":[],"current_hp_per_floor":[57,55,34,34,32,32,32,32,17,17,17,17,35,35,35,10,50,50,44,44,40,28,28,28,13,46,46,37,37,63,39,24,14,51,51,51,40,24,24,24,24,17,63,46,51,57,60,60,64,73,73,72,72,73,65],"gold":5,"neow_bonus":"ONE_RANDOM_RARE_CARD","is_daily":false,"chose_seed":false,"campfire_upgraded":2,"win_rate":0.0,"timestamp":1610162448,"path_taken":["R","M","?","?","$","E","T","?","E","?","?","?","R","?","M","BOSS","R","M","M","$","M","?","T","M","R","M","E","M","R","E","M","BOSS","R","M","?","M","M","?","T","E","R","M","E","$","M","$","M","BOSS","E","$","R","BOSS"],"items_purchased_type":[],"build_version":"2020-12-22","purchased_purges":3,"victory":true,"max_hp_per_floor":[63,63,63,63,63,63,63,63,63,63,63,63,63,63,63,63,63,63,63,63,63,63,63,63,63,63,63,63,63,63,63,63,63,63,63,63,63,63,63,63,63,63,73,73,73,73,73,73,73,73,73,73,73,73,73],"card_choices":[{"not_picked":["hexamod:NightmareGuise","hexamod:BurningTouch"],"picked":"hexamod:ChargedBarrage","floor":2.0},{"not_picked":["hexamod:RetreatToShadows","hexamod:GhostLash"],"picked":"hexamod:FastForward","floor":5.0},{"not_picked":["hexamod:HeatCrush","hexamod:ShieldOfDarkness","hexamod:GhostOfSpirePast"],"picked":"SKIP","floor":6.0},{"not_picked":["hexamod:UnleashSpirits","hexamod:GhostflameBarrier"],"picked":"hexamod:HauntingEcho","floor":9.0},{"not_picked":["hexamod:SwordOfDarkness","hexamod:RainOfEmbers","hexamod:NightmareGuise"],"picked":"hexamod:SpectersWail","floor":10.0},{"not_picked":["hexamod:BurningTouch","hexamod:PowerFromBeyond","hexamod:NightmareStrike"],"picked":"hexamod:FastForward","floor":15.0},{"not_picked":["hexamod:ApocalypseNow","hexamod:GiftsFromTheDead","hexamod:SearingWound"],"picked":"hexamod:TimeWarp","floor":16.0},{"not_picked":["hexamod:FourthSeal","hexamod:BurningTouch","hexamod:BacktrackSmack"],"picked":"hexamod:HauntingEcho","floor":19.0},{"not_picked":["hexamod:NightmareStrike","hexamod:BacktrackSmack","hexamod:GhostShield"],"picked":"hexamod:EmpoweredFlame","floor":20.0},{"not_picked":["hexamod:ParanormalForm","hexamod:FastForward","hexamod:SecondSeal","hexamod:ThermalTransfer"],"picked":"SKIP","floor":21.0},{"not_picked":["hexamod:InspiringFlames","hexamod:FastForward","hexamod:SwordOfDarkness","hexamod:RainOfEmbers"],"picked":"SKIP","floor":22.0},{"not_picked":["hexamod:Firestarter","hexamod:BacktrackSmack+1","hexamod:InspiringFlames"],"picked":"hexamod:Hexaguard","floor":25.0},{"not_picked":["hexamod:InspiringFlames","hexamod:ApocalypseNow","hexamod:SpectersWail"],"picked":"hexamod:HeatShield","floor":27.0},{"not_picked":["hexamod:ShieldOfDarkness","hexamod:ChargedBarrage+1","hexamod:FlamesFromBeyond"],"picked":"hexamod:Hexaguard","floor":28.0},{"not_picked":["hexamod:SkipABeat","hexamod:HauntingEcho+1","hexamod:CatchUp"],"picked":"hexamod:StepThrough","floor":29.0},{"not_picked":["hexamod:BurningTouch","hexamod:RadiantFlame","hexamod:NecessarySacrifice"],"picked":"hexamod:HexaLevel","floor":31.0},{"not_picked":["hexamod:ThermalTransfer","hexamod:SuperheatedStrike","hexamod:RecurringNightmare"],"picked":"hexamod:GhostflameBarrier","floor":32.0},{"not_picked":["hexamod:SixthSeal","hexamod:UnleashSpirits","hexamod:ApocalypseNow"],"picked":"hexamod:WildfireWeapon","floor":33},{"not_picked":["hexamod:GhostShield","hexamod:BurningTouch","hexamod:ShieldOfDarkness","hexamod:SpectersWail"],"picked":"SKIP","floor":36},{"not_picked":["hexamod:HauntingEcho+1","hexamod:RainOfEmbers","hexamod:BacktrackSmack+1"],"picked":"hexamod:FourthSeal","floor":38},{"not_picked":["hexamod:GhostShield+1","hexamod:Hexaguard","hexamod:SpectralSpark","hexamod:CatchUp"],"picked":"SKIP","floor":39},{"not_picked":["hexamod:PhantomCloak","hexamod:PowerFromBeyond","hexamod:FastForward"],"picked":"hexamod:EmpoweredFlame+1","floor":40},{"not_picked":["hexamod:Firestarter","hexamod:ThirdSeal","hexamod:SpectralAdrenaline","hexamod:TurnItUp"],"picked":"SKIP","floor":42},{"not_picked":["hexamod:SpectersWail","hexamod:FourthSeal","hexamod:NightmareStrike","hexamod:HauntingEcho"],"picked":"SKIP","floor":44},{"not_picked":["hexamod:BurningTouch+1","hexamod:GhostShield","hexamod:RetreatToShadows"],"picked":"hexamod:Hexaguard+1","floor":45},{"not_picked":["hexamod:BurningTouch+1","hexamod:PowerFromBeyond","hexamod:NightmareGuise+1"],"picked":"hexamod:ApocalypticArmor","floor":46},{"not_picked":["hexamod:BacktrackSmack","hexamod:CatchUp","hexamod:EtherealExpedition"],"picked":"hexamod:GhostOfSpireFuture+1","floor":47},{"not_picked":["hexamod:HeatMetal","hexamod:EtherealExpedition","hexamod:GhostShield","hexamod:Rewind"],"picked":"SKIP","floor":49},{"not_picked":["hexamod:FifthSeal","hexamod:HeatCrush","hexamod:NightmareStrike"],"picked":"hexamod:RetreatToShadows","floor":52}],"player_experience":1310225,"relics_obtained":[{"floor":6.0,"key":"Sundial"},{"floor":7.0,"key":"War Paint"},{"floor":9.0,"key":"Question Card"},{"floor":14.0,"key":"Regal Pillow"},{"floor":24.0,"key":"TungstenRod"},{"floor":28.0,"key":"Toy Ornithopter"},{"floor":31.0,"key":"Juzu Bracelet"},{"floor":40,"key":"Bird Faced Urn"},{"floor":42,"key":"champ:DuelingGlove"},{"floor":45,"key":"PreservedInsect"},{"floor":52,"key":"InkBottle"}],"event_choices":[{"damage_healed":0.0,"max_hp_gain":0.0,"max_hp_loss":0.0,"gold_gain":0.0,"event_name":"Scrap Ooze","player_choice":"Fled","floor":8.0,"gold_loss":0.0,"damage_taken":0.0},{"cards_removed":["hexamod:Defend"],"damage_healed":0.0,"max_hp_gain":0.0,"max_hp_loss":0.0,"gold_gain":0.0,"event_name":"The Cleric","player_choice":"Card Removal","floor":11.0,"gold_loss":0.0,"damage_taken":0.0}],"is_beta":false,"boss_relics":[{"not_picked":["Tiny House","Calling Bell"],"picked":"downfall:Hecktoplasm"},{"not_picked":["SlaversCollar","Runic Pyramid"],"picked":"Fusion Hammer"}],"items_purged_floors":[5,21,46],"is_endless":false,"potions_floor_spawned":[2,9,10,20,27,28,29,31,38,39,45,49,52],"ascension_level":15}}