{"host":"3jjxuhjpio8e4zkv","time":1610221561,"event":{"mods":["BaseMod","Colored Map","Highlight Path","Minty Spire (QoL Compilation)","Permanent Neow","Relic Stats","StSLib"],"gold_per_floor":[113,128,140,158,178,178,203,220,220,220,246,255,255,298,298,380,380,401,426,426,476,503,503,529,529,529],"floor_reached":25,"playtime":904,"items_purged":[],"score":496,"play_id":"1662e62f-5a2d-4ddd-9436-4f9e0b6e6edc","local_time":"20210109144601","is_ascension_mode":true,"campfire_choices":[{"data":"All Out Attack","floor":6.0,"key":"SMITH"},{"data":"Footwork","floor":10.0,"key":"SMITH"},{"data":"Cloak And Dagger","floor":13.0,"key":"SMITH"},{"data":"Accuracy","floor":15.0,"key":"SMITH"},{"data":"Footwork","floor":23.0,"key":"SMITH"}],"circlet_count":0,"master_deck":["AscendersBane","Strike_G","Strike_G","Strike_G","Strike_G","Defend_G","Defend_G","Defend_G","Defend_G","Defend_G","Survivor","Neutralize+1","Accuracy+1","Footwork+1","Infinite Blades","All Out Attack+1","Cloak And Dagger+1","Acrobatics+1","Grand Finale","Storm of Steel","Footwork+1","Backstab","Ghostly+1","Ghostly","Ghostly"],"relics":["Ring of the Snake","Bag of Preparation","CeramicFish","Art of War","WristBlade","War Paint"],"acts_visited":["Exordium","TheCity"],"potions_floor_usage":[],"damage_taken":[{"damage":4.0,"enemies":"Cultist","floor":1.0,"turns":4.0},{"damage":1.0,"enemies":"Small Slimes","floor":2.0,"turns":5.0},{"damage":0.0,"enemies":"2 Louse","floor":3.0,"turns":4.0},{"damage":6.0,"enemies":"Blue Slaver","floor":4.0,"turns":6.0},{"damage":8.0,"enemies":"3 Louse","floor":5.0,"turns":2.0},{"damage":6.0,"enemies":"Exordium Wildlife","floor":8.0,"turns":3.0},{"damage":2.0,"enemies":"Looter","floor":11.0,"turns":5.0},{"damage":0.0,"enemies":"Lagavulin","floor":14.0,"turns":7.0},{"damage":28.0,"enemies":"Hexaghost","floor":16.0,"turns":11.0},{"damage":16.0,"enemies":"Chosen","floor":18.0,"turns":5.0},{"damage":3.0,"enemies":"2 Thieves","floor":19.0,"turns":4.0},{"damage":7.0,"enemies":"Slavers","floor":24.0,"turns":7.0},{"damage":28,"enemies":"Snecko","floor":25,"turns":3}],"seed_played":"5169970167052264455","potions_obtained":[{"floor":4.0,"key":"AttackPotion"},{"floor":5.0,"key":"ColorlessPotion"},{"floor":14.0,"key":"FearPotion"},{"floor":18.0,"key":"Energy Potion"}],"is_trial":false,"path_per_floor":["M","M","M","M","M","R","T","M","T","R","M","?","R","E","R","B",null,"M","M","?","?","?","R","E","M"],"character_chosen":"THE_SILENT","items_purchased":[],"campfire_rested":0,"item_purchase_floors":[],"current_hp_per_floor":[55,54,54,48,40,40,40,34,34,34,32,32,32,32,32,4,51,35,32,14,14,14,14,7,0,0],"gold":529,"neow_bonus":"UPGRADE_CARD","is_daily":false,"chose_seed":false,"campfire_upgraded":5,"win_rate":0.0,"timestamp":1610221561,"path_taken":["M","M","M","M","M","R","?","M","T","R","M","?","R","E","R","BOSS","M","?","?","?","?","R","E","?"],"items_purchased_type":[],"build_version":"2020-12-22","purchased_purges":0,"victory":false,"max_hp_per_floor":[66,66,66,66,66,66,66,66,66,66,66,66,66,66,66,66,66,66,66,71,71,35,35,35,35,35],"relic_stats":{"counters":[13,66],"CeramicFish":81,"Bag of Preparation":[16],"Art of War":[3],"War Paint":["Acrobatics","Ghostly"],"obtain_stats":[{"WristBlade":17,"CeramicFish":9,"Bag of Preparation":7,"Art of War":14,"War Paint":24,"Ring of the Snake":0},{"WristBlade":9,"CeramicFish":6,"Bag of Preparation":5,"Art of War":8,"War Paint":12,"Ring of the Snake":0},{"WristBlade":47,"CeramicFish":24,"Bag of Preparation":21,"Art of War":36,"War Paint":63,"Ring of the Snake":0}],"Ring of the Snake":[26]},"card_choices":[{"not_picked":["Dodge and Roll","Sucker Punch","Outmaneuver"],"picked":"SKIP","floor":1.0},{"not_picked":["Well Laid Plans","Cloak And Dagger"],"picked":"Accuracy","floor":2.0},{"not_picked":["Sucker Punch","Dodge and Roll"],"picked":"Footwork","floor":3.0},{"not_picked":["Unload","Dagger Throw"],"picked":"Infinite Blades","floor":4.0},{"not_picked":["Bane","Deflect"],"picked":"All Out Attack","floor":5.0},{"not_picked":["Underhanded Strike","Prepared","Escape Plan"],"picked":"SKIP","floor":8.0},{"not_picked":["PiercingWail","Prepared"],"picked":"Cloak And Dagger","floor":11.0},{"not_picked":["Sucker Punch","Deflect"],"picked":"Grand Finale","floor":14.0},{"not_picked":["Night Terror","Adrenaline"],"picked":"Storm of Steel","floor":16.0},{"not_picked":["Sucker Punch","Quick Slash"],"picked":"Footwork","floor":18.0},{"not_picked":["Quick Slash","Dagger Throw+1"],"picked":"Backstab","floor":19.0},{"not_picked":["All Out Attack","Flechettes","Outmaneuver"],"picked":"SKIP","floor":24.0}],"player_experience":1204831,"relics_obtained":[{"floor":7.0,"key":"Bag of Preparation"},{"floor":9.0,"key":"CeramicFish"},{"floor":14.0,"key":"Art of War"},{"floor":24.0,"key":"War Paint"}],"event_choices":[{"damage_healed":0.0,"max_hp_gain":0.0,"max_hp_loss":0.0,"gold_gain":0.0,"cards_transformed":["Strike_G"],"event_name":"Transmorgrifier","player_choice":"Transformed","floor":12.0,"gold_loss":0.0,"damage_taken":0.0,"cards_obtained":["Acrobatics"]},{"damage_healed":0.0,"max_hp_gain":5.0,"max_hp_loss":0.0,"gold_gain":0.0,"event_name":"Forgotten Altar","player_choice":"Shed Blood","floor":20.0,"gold_loss":0.0,"damage_taken":23.0},{"damage_healed":0.0,"max_hp_gain":0.0,"max_hp_loss":0.0,"gold_gain":50.0,"event_name":"Nest","player_choice":"Stole From Cult","floor":21.0,"gold_loss":0.0,"damage_taken":0.0},{"damage_healed":0.0,"max_hp_gain":0.0,"max_hp_loss":36.0,"gold_gain":0.0,"event_name":"Ghosts","player_choice":"Became a Ghost","floor":22.0,"gold_loss":0.0,"damage_taken":0.0,"cards_obtained":["Ghostly","Ghostly","Ghostly"]}],"is_beta":false,"boss_relics":[{"not_picked":["Velvet Choker","Tiny House"],"picked":"WristBlade"}],"items_purged_floors":[],"is_endless":false,"potions_floor_spawned":[4,5,14,18],"killed_by":"Snecko","ascension_level":20}}