{"host":"j25kpsdysct9h495","time":1610212090,"event":{"mods":["BaseMod","Bestiary","Minty Spire (QoL Compilation)","Rare Cards Sparkle","StSLib"],"gold_per_floor":[115,130,205,205,218,218,235,235,235,254,266,48,48,64,64,164,164,178,27,37,50,0,25,25,25,25,41,41,53,79,79,79,174,224,241,251,123,123,123],"floor_reached":38,"playtime":1938,"items_purged":["Defend_P","Strike_P"],"score":433,"play_id":"6298cc4b-27b3-43d6-ac25-9202b77b4cf8","local_time":"20210109150810","is_ascension_mode":false,"campfire_choices":[{"floor":6,"key":"REST"},{"data":"Eruption","floor":8,"key":"SMITH"},{"data":"Prostrate","floor":13,"key":"SMITH"},{"floor":15,"key":"REST"},{"floor":24,"key":"REST"},{"data":"Establishment","floor":28,"key":"SMITH"},{"floor":32,"key":"REST"}],"circlet_count":0,"master_deck":["Strike_P","Defend_P","Defend_P","Eruption+1","Vigilance","Brilliance+1","Protect","EmptyMind+1","Prostrate+1","Establishment+1","CrushJoints+1","WheelKick+1","EmptyFist+1","FlyingSleeves+1","Perseverance","Protect","Perseverance+1","Prostrate","SandsOfTime","Devotion+1","Prostrate","Prostrate"],"relics":["PureWater","Mercury Hourglass","Vajra","Astrolabe","Membership Card","InkBottle","Frozen Egg 2","Mummified Hand","Tiny House","Happy Flower"],"acts_visited":["Exordium","TheCity","TheBeyond"],"potions_floor_usage":[16,20,21,23,27,30,30,36,38],"damage_taken":[{"damage":0,"enemies":"Cultist","floor":1,"turns":2},{"damage":9,"enemies":"Jaw Worm","floor":2,"turns":5},{"damage":3,"enemies":"Small Slimes","floor":5,"turns":3},{"damage":11,"enemies":"Exordium Wildlife","floor":7,"turns":6},{"damage":7,"enemies":"Red Slaver","floor":10,"turns":4},{"damage":0,"enemies":"2 Fungi Beasts","floor":11,"turns":3},{"damage":0,"enemies":"Gremlin Gang","floor":14,"turns":3},{"damage":14,"enemies":"Slime Boss","floor":16,"turns":8},{"damage":0,"enemies":"Chosen","floor":18,"turns":4},{"damage":1,"enemies":"2 Thieves","floor":20,"turns":3},{"damage":2,"enemies":"Centurion and Healer","floor":21,"turns":5},{"damage":29,"enemies":"Book of Stabbing","floor":23,"turns":5},{"damage":6,"enemies":"Sentry and Sphere","floor":27,"turns":5},{"damage":16,"enemies":"Shelled Parasite and Fungi","floor":29,"turns":3},{"damage":8,"enemies":"Gremlin Leader","floor":30,"turns":5},{"damage":9,"enemies":"Champ","floor":33,"turns":11},{"damage":0,"enemies":"Orb Walker","floor":35,"turns":3},{"damage":31,"enemies":"3 Darklings","floor":36,"turns":3},{"damage":46,"enemies":"2 Orb Walkers","floor":38,"turns":4}],"seed_played":"1009283925541547649","potions_obtained":[{"floor":1,"key":"Swift Potion"},{"floor":7,"key":"Dexterity Potion"},{"floor":10,"key":"BottledMiracle"},{"floor":14,"key":"AttackPotion"},{"floor":18,"key":"Block Potion"},{"floor":20,"key":"SpeedPotion"},{"floor":21,"key":"DuplicationPotion"},{"floor":29,"key":"DuplicationPotion"},{"floor":34,"key":"Regen Potion"}],"is_trial":false,"path_per_floor":["M","M","?","?","M","R","M","R","T","M","M","$","R","M","R","B",null,"M","$","M","M","$","E","R","$","T","M","R","M","E","?","R","B",null,"M","M","$","?"],"character_chosen":"WATCHER","items_purchased":["Vajra","Membership Card","Prostrate","Happy Flower","Ancient Potion"],"campfire_rested":4,"item_purchase_floors":[12,19,37,37,37],"current_hp_per_floor":[72,63,52,52,49,70,59,59,59,52,52,52,52,52,72,58,72,72,72,71,69,69,40,61,61,61,55,55,39,31,31,52,43,77,77,46,46,0,0],"gold":123,"neow_bonus":"ONE_RANDOM_RARE_CARD","is_daily":false,"chose_seed":false,"campfire_upgraded":3,"win_rate":0.0,"timestamp":1610212090,"path_taken":["M","M","?","?","?","R","M","R","T","M","M","$","R","M","R","BOSS","M","$","M","M","$","E","R","$","T","M","R","M","E","?","R","BOSS","M","M","$","?"],"items_purchased_type":["Relic","Relic","Card","Relic","Potion"],"build_version":"2020-12-22","purchased_purges":2,"victory":false,"max_hp_per_floor":[72,72,72,72,72,72,72,72,72,72,72,72,72,72,72,72,72,72,72,72,72,72,72,72,72,72,72,72,72,72,72,72,72,77,77,77,77,77,77],"card_choices":[{"not_picked":["Adaptation","CrushJoints"],"picked":"Protect","floor":1},{"not_picked":["Protect","Wireheading","Evaluate"],"picked":"SKIP","floor":2},{"not_picked":["Protect","Indignation","Collect"],"picked":"SKIP","floor":5},{"not_picked":["TalkToTheHand","Crescendo","ClearTheMind"],"picked":"SKIP","floor":7},{"not_picked":["ClearTheMind","CutThroughFate"],"picked":"EmptyMind","floor":10},{"not_picked":["PathToVictory","EmptyBody"],"picked":"Prostrate","floor":11},{"not_picked":["FlurryOfBlows","ForeignInfluence","Wallop"],"picked":"SKIP","floor":14},{"not_picked":["Blasphemy","DevaForm"],"picked":"Establishment","floor":16},{"not_picked":["EmptyFist","WreathOfFlame+1"],"picked":"FlyingSleeves+1","floor":18},{"not_picked":["Collect","Evaluate"],"picked":"Perseverance","floor":20},{"not_picked":["CrushJoints","SignatureMove"],"picked":"Protect","floor":21},{"not_picked":["Wallop","Protect"],"picked":"Perseverance+1","floor":23},{"not_picked":["BowlingBash","ConjureBlade","Fasting2+1"],"picked":"SKIP","floor":27},{"not_picked":["JustLucky","DeceiveReality"],"picked":"Prostrate","floor":29},{"not_picked":["CutThroughFate","ReachHeaven"],"picked":"SandsOfTime","floor":30},{"not_picked":["Vault","Establishment+1"],"picked":"Devotion+1","floor":33},{"not_picked":["EmptyBody","Halt"],"picked":"Prostrate","floor":34},{"not_picked":["ClearTheMind","FollowUp","PathToVictory"],"picked":"SKIP","floor":35},{"not_picked":["Fasting2+1","SashWhip","Wireheading+1"],"picked":"SKIP","floor":36}],"player_experience":61264,"relics_obtained":[{"floor":9,"key":"Mercury Hourglass"},{"floor":23,"key":"InkBottle"},{"floor":26,"key":"Frozen Egg 2"},{"floor":30,"key":"Mummified Hand"}],"event_choices":[{"damage_healed":0,"gold_gain":75,"player_choice":"Gather Gold","damage_taken":11,"max_hp_gain":0,"max_hp_loss":0,"event_name":"World of Goop","floor":3,"gold_loss":0},{"damage_healed":0,"gold_gain":0,"player_choice":"Upgraded","damage_taken":0,"max_hp_gain":0,"max_hp_loss":0,"event_name":"Upgrade Shrine","floor":4,"gold_loss":0,"cards_upgraded":["Brilliance"]},{"damage_healed":0,"gold_gain":0,"player_choice":"Ignored","damage_taken":0,"max_hp_gain":0,"max_hp_loss":0,"event_name":"Ghosts","floor":31,"gold_loss":0},{"damage_healed":0,"gold_gain":0,"player_choice":"Fight","damage_taken":0,"max_hp_gain":0,"max_hp_loss":0,"event_name":"Mysterious Sphere","floor":38,"gold_loss":0}],"is_beta":false,"boss_relics":[{"not_picked":["VioletLotus","Velvet Choker"],"picked":"Astrolabe"},{"not_picked":["Snecko Eye","Busted Crown"],"picked":"Tiny House"}],"items_purged_floors":[12,22],"is_endless":false,"potions_floor_spawned":[1,7,10,14,18,20,21,29],"killed_by":"2 Orb Walkers","ascension_level":0}}