{"host":"s7l2a3wroivred6i","time":1610234823,"event":{"mods":["AchievementEnabler","BaseMod","Better Altar","Better Match","Better Note","Better Sensory Stone","Better Skull","Better Synergies","Better Third Choice","BetterRewards","Conspire","Downfall","GifTheSpireLib","Hubris","Infinite Spire","Minty Spire (QoL Compilation)","Replay The Spire","Retaliation","StSLib","Stuff the Spire","The Blue Laboratory"],"gold_per_floor":[116,129,47,66,66,66,96,106,131,131,131,150,150,175,175,299,299,322,345,345,370,370,410,410,424,424,394,408,408,356,392,392,515,515,534,534,534,534],"floor_reached":37,"playtime":3861,"items_purged":[],"score":434,"play_id":"9b913f97-b337-427f-a841-74b7958f8c47","local_time":"20210109182703","is_ascension_mode":false,"campfire_choices":[{"data":"LikeWater","floor":6,"key":"SMITH"},{"floor":15,"key":"REST"},{"data":"BattleHymn","floor":15,"key":"SMITH"},{"floor":24,"key":"REST"},{"data":"Omniscience","floor":24,"key":"SMITH"},{"floor":29,"key":"REST"},{"data":"hubris:Fate","floor":29,"key":"SMITH"}],"circlet_count":0,"master_deck":["Strike_P","Strike_P","Strike_P","Strike_P","Defend_P","Defend_P","Defend_P+1","Defend_P","Eruption","Vigilance","Pot Of Greed","Worship","CarveReality","Pot Of Greed","LikeWater+1","WindmillStrike+1","BattleHymn+1","Omniscience+1","hubris:Fate+1","Prostrate+1","ForeignInfluence","ClearTheMind","CutThroughFate","Devotion","hubris:Fate+1"],"relics":["PureWater","Grinning Jar","hubris:Towel","infinitespire:Magic Flask","Oddly Smooth Stone","Golden Idol","hubris:Backtick","Ice Cream","ClockworkSouvenir","Replay:Baseball","Ornamental Fan","War Paint","Black Star","SlaversCollar","DollysMirror"],"acts_visited":["Exordium","TheCity","TheBeyond"],"potions_floor_usage":[8,21,23,23,23,31,31,35],"damage_taken":[{"damage":0,"enemies":"Cultist","floor":1,"turns":4},{"damage":0,"enemies":"Jaw Worm","floor":2,"turns":3},{"damage":2,"enemies":"2 Louse","floor":4,"turns":4},{"damage":34,"enemies":"Lagavulin","floor":7,"turns":10},{"damage":12,"enemies":"Exordium Thugs","floor":8,"turns":8},{"damage":0,"enemies":"3 Louse","floor":12,"turns":3},{"damage":3,"enemies":"Blue Slaver","floor":14,"turns":4},{"damage":22,"enemies":"Hexaghost","floor":16,"turns":7},{"damage":13,"enemies":"Chosen","floor":18,"turns":6},{"damage":12,"enemies":"conspire:FuzzyDice","floor":19,"turns":6},{"damage":15,"enemies":"Chosen and Byrds","floor":21,"turns":7},{"damage":4,"enemies":"Nightmare","floor":23,"turns":9},{"damage":6,"enemies":"conspire:HollyBat","floor":25,"turns":5},{"damage":6,"enemies":"Cultist and Chosen","floor":28,"turns":6},{"damage":11,"enemies":"Gremlin Leader","floor":31,"turns":5},{"damage":28,"enemies":"Collector","floor":33,"turns":8},{"damage":40,"enemies":"3 Darklings","floor":35,"turns":5}],"seed_played":"-8915784784149863515","potions_obtained":[{"floor":2,"key":"Energy Potion"},{"floor":14,"key":"blueLaboratory:AlphaPotion"},{"floor":16,"key":"blueLaboratory:PressurePotion"},{"floor":21,"key":"blueLaboratory:AlphaPotion"},{"floor":22,"key":"blueLaboratory:BottledTrinity"},{"floor":22,"key":"Explosive Potion"},{"floor":22,"key":"blueLaboratory:BottleOfVodka"},{"floor":25,"key":"DistilledChaos"},{"floor":27,"key":"blueLaboratory:RecallPotion"},{"floor":27,"key":"Adrenaline Potion"},{"floor":28,"key":"ColorlessPotion"},{"floor":31,"key":"SpeedPotion"},{"floor":32,"key":"blueLaboratory:EpiphanyPotion"}],"is_trial":false,"path_per_floor":["M","M","$","M","?","R","E","M","T","?","?","M","?","M","R","B",null,"M","M","AVR","M","?","NM","R","M","T","?","M","R","$","E","R","B",null,"M","AVR","M"],"character_chosen":"WATCHER","items_purchased":["CarveReality","ClearTheMind"],"campfire_rested":3,"item_purchase_floors":[3,30],"current_hp_per_floor":[72,72,72,70,70,70,36,24,24,24,24,24,24,21,41,19,67,54,42,42,42,42,38,58,52,52,52,46,66,66,55,55,27,67,27,27,0,0],"gold":534,"neow_bonus":"RANDOM_COMMON_RELIC","is_daily":false,"chose_seed":false,"campfire_upgraded":4,"win_rate":0.0,"timestamp":1610234823,"path_taken":["M","M","$","M","?","R","E","M","T","?","?","M","?","M","R","BOSS","M","M","AVR","M","?","NM","R","M","T","?","?","R","$","E","R","BOSS","M","AVR","M"],"items_purchased_type":["Card","Card"],"build_version":"2020-12-22","purchased_purges":0,"victory":false,"max_hp_per_floor":[72,72,72,72,72,72,72,72,72,72,67,67,67,67,67,67,67,67,67,67,67,67,67,67,67,67,67,67,67,67,67,67,67,67,67,67,67,67],"card_choices":[{"not_picked":["ClearTheMind","SignatureMove","FearNoEvil"],"picked":"SKIP","floor":1},{"not_picked":["Protect","EmptyBody"],"picked":"Worship","floor":2},{"not_picked":["Replay:Hum","Replay:ManipulateFuture"],"picked":"LikeWater","floor":4},{"not_picked":["CrushJoints","JustLucky"],"picked":"WindmillStrike","floor":7},{"not_picked":["Consecrate","Protect","Replay:LoomingThreat"],"picked":"SKIP","floor":8},{"not_picked":["Nirvana","Evaluate","Sanctity"],"picked":"SKIP","floor":12},{"not_picked":["Replay:AtTheReady","Protect"],"picked":"BattleHymn","floor":14},{"not_picked":["Alpha","LessonLearned"],"picked":"Omniscience","floor":16},{"not_picked":["Prostrate","Halt","Replay:BluntJabs"],"picked":"SKIP","floor":18},{"not_picked":["Replay:Hum","EmptyMind","Replay:AtTheReady+1"],"picked":"SKIP","floor":19},{"not_picked":["Replay:BluntJabs","Fasting2","Halt"],"picked":"SKIP","floor":21},{"not_picked":["Replay:Vibes","Meditate+1","Crescendo"],"picked":"SKIP","floor":23},{"not_picked":["Replay:Hum","Halt"],"picked":"Prostrate","floor":25},{"not_picked":["LikeWater+1","Study"],"picked":"ForeignInfluence","floor":28},{"not_picked":["Replay:ManipulateFuture","Wireheading"],"picked":"CutThroughFate","floor":31},{"not_picked":["DeusExMachina","Ragnarok"],"picked":"Devotion","floor":33},{"not_picked":["DeceiveReality","ClearTheMind","FlurryOfBlows+1"],"picked":"SKIP","floor":35}],"player_experience":325477,"relics_obtained":[{"floor":7,"key":"infinitespire:Magic Flask"},{"floor":9,"key":"Oddly Smooth Stone"},{"floor":23,"key":"Replay:Baseball"},{"floor":26,"key":"Ornamental Fan"},{"floor":31,"key":"War Paint"}],"event_choices":[{"damage_healed":0,"gold_gain":0,"player_choice":"Lose Max HP","damage_taken":0,"relics_obtained":["Golden Idol"],"max_hp_gain":0,"max_hp_loss":5,"event_name":"Golden Idol","floor":11,"gold_loss":0},{"damage_healed":0,"gold_gain":0,"player_choice":"Grow","damage_taken":0,"max_hp_gain":0,"max_hp_loss":0,"event_name":"Living Wall","floor":13,"gold_loss":0,"cards_upgraded":["WindmillStrike"]},{"damage_healed":0,"gold_gain":0,"player_choice":"Got Potions","damage_taken":0,"max_hp_gain":0,"max_hp_loss":0,"event_name":"Lab","floor":22,"gold_loss":0},{"damage_healed":0,"gold_gain":0,"player_choice":"Bought 2 Potions","damage_taken":0,"max_hp_gain":0,"max_hp_loss":0,"event_name":"The Woman in Blue","floor":27,"gold_loss":0}],"is_beta":false,"boss_relics":[{"not_picked":["Painkiller Herb","Velvet Choker"],"picked":"hubris:Backtick"},{"not_picked":["VioletLotus","ChewingGum"],"picked":"Black Star"}],"items_purged_floors":[],"is_endless":true,"potions_floor_spawned":[2,14,16,21,25,28,31,33],"killed_by":"3 Shapes","ascension_level":0}}