{"host":"2wgl4ibn3mjepytp","time":1610196945,"event":{"mods":["BaseMod","Downfall","Minty Spire (QoL Compilation)","StSLib"],"gold_per_floor":[99,114,129,144,159,189,189,204,234,249,73,73,88,103,118,218,218,218,233,26,26,11,126,151,251,281,281,281,311,311,341,356,456,456,381,381,396,396,177,177,202,202,202,277,315,315,353,53,68,68],"floor_reached":51,"playtime":6269,"items_purged":[],"score":871,"play_id":"103466d8-8100-44e5-a69b-f485f46cbb95","local_time":"20210109135545","daily_mods":["Heirloom","downfall:Jewelcrafting","Elite Swarm"],"is_ascension_mode":false,"campfire_choices":[{"floor":12.0,"key":"REST"},{"floor":30,"key":"REST"},{"data":"hexamod:UnlimitedPower","floor":35,"key":"SMITH"},{"data":"hexamod:HeatMetal","floor":40,"key":"SMITH"},{"data":"hexamod:GhostflameInferno","floor":43,"key":"SMITH"},{"data":"hexamod:RadiantFlame","floor":46,"key":"SMITH"}],"circlet_count":0,"master_deck":["hexamod:Strike+1","hexamod:Strike+1","hexamod:Defend","hexamod:Defend","hexamod:Defend","hexamod:Defend","hexamod:Sear+1","hexamod:Float","Guardian:ExploitGems","Guardian:ExploitGems","hexamod:RainOfEmbers+1","hexamod:GhostOfSpireFuture","hexamod:FourthSeal","hexamod:NecessarySacrifice","hexamod:SearingWound+1","hexamod:HeatMetal+1","hexamod:VolcanoVisage+1","hexamod:Firestarter","hexamod:SpectersWail","hexamod:GhostflameInferno+1","hexamod:SpectersWail","hexamod:GhostShield+1","hexamod:FirstSeal","hexamod:TimeWarp","hexamod:Haunt+1","hexamod:HauntingEcho","expansioncontent:Corrupt","hexamod:FastForward","hexamod:ApocalypseNow+1","hexamod:RadiantFlame+1","hexamod:ThirdSeal","hexamod:VolcanoVisage","J.A.X.","hexamod:BurningTouch","hexamod:UnleashSpirits","Guardian:Gem_Fragmented","Guardian:Gem_Red","hexamod:SearingWound+1","hexamod:UnlimitedPower+1","hexamod:BurningTouch","hexamod:SixthSeal","hexamod:SecondSeal","hexamod:GhostLash","hexamod:ThirdSeal","hexamod:SixthSeal","hexamod:WildfireWeapon","hexamod:HeatShield+1"],"relics":["hexamod:SpiritBrand","Guardian:PickAxe","hexamod:SoulOfChaos","Whetstone","HornCleat","Omamori","Philosopher\u0027s Stone","Boot","Centennial Puzzle","MutagenicStrength","Peace Pipe","CaptainsWheel","Darkstone Periapt","Runic Pyramid","downfall:HeartBlessingGreen","champ:Barbells","sneckomod:BlankCard","Bottled Flame","Bottled Lightning","Regal Pillow","PreservedInsect","Mango"],"acts_visited":["Exordium","TheCity","TheBeyond"],"potions_floor_usage":[20,20,22,26,26,33,33,45,45,50,50],"damage_taken":[{"damage":0.0,"enemies":"Cultist","floor":2.0,"turns":3.0},{"damage":2.0,"enemies":"Small Slimes","floor":3.0,"turns":4.0},{"damage":0.0,"enemies":"2 Louse","floor":4.0,"turns":2.0},{"damage":10.0,"enemies":"Large Slime","floor":5.0,"turns":6.0},{"damage":10.0,"enemies":"Lagavulin","floor":6.0,"turns":4.0},{"damage":10.0,"enemies":"Gremlin Gang","floor":8.0,"turns":4.0},{"damage":0.0,"enemies":"3 Sentries","floor":9.0,"turns":5.0},{"damage":5.0,"enemies":"2 Fungi Beasts","floor":10.0,"turns":4.0},{"damage":0.0,"enemies":"downfall:FleeingMerchant","floor":11.0,"turns":4.0},{"damage":4.0,"enemies":"Exordium Thugs","floor":13.0,"turns":2.0},{"damage":9.0,"enemies":"Exordium Wildlife","floor":14.0,"turns":3.0},{"damage":12.0,"enemies":"Large Slime","floor":15.0,"turns":5.0},{"damage":18.0,"enemies":"downfall:Silent","floor":16.0,"turns":6.0},{"damage":0,"enemies":"Chosen","floor":19,"turns":4},{"damage":0,"enemies":"downfall:FleeingMerchant","floor":20,"turns":4},{"damage":16,"enemies":"downfall:FleeingMerchant","floor":22,"turns":4},{"damage":0,"enemies":"downfall:FleeingMerchant","floor":23,"turns":1},{"damage":16,"enemies":"downfall:Augmenter","floor":25,"turns":4},{"damage":10,"enemies":"Book of Stabbing","floor":26,"turns":3},{"damage":33,"enemies":"Slavers","floor":29,"turns":3},{"damage":0,"enemies":"Book of Stabbing","floor":31,"turns":4},{"damage":0,"enemies":"Shell Parasite","floor":32,"turns":4},{"damage":7,"enemies":"downfall:Watcher","floor":33,"turns":6},{"damage":15,"enemies":"3 Darklings","floor":37,"turns":3},{"damage":6,"enemies":"Giant Head","floor":45,"turns":5},{"damage":15,"enemies":"Reptomancer","floor":47,"turns":4},{"damage":17,"enemies":"Orb Walker","floor":49,"turns":2},{"damage":8,"enemies":"downfall:Defect","floor":50,"turns":5}],"seed_played":"5451747836825439005","potions_obtained":[{"floor":4.0,"key":"FearPotion"},{"floor":5.0,"key":"DuplicationPotion"},{"floor":6.0,"key":"DuplicationPotion"},{"floor":6.0,"key":"Explosive Potion"},{"floor":8.0,"key":"FearPotion"},{"floor":10.0,"key":"AttackPotion"},{"floor":10.0,"key":"SteroidPotion"},{"floor":13.0,"key":"PowerPotion"},{"floor":15.0,"key":"hexamod:EctoCoolerPotion"},{"floor":15.0,"key":"Explosive Potion"},{"floor":19,"key":"BlessingOfTheForge"},{"floor":20,"key":"PowerPotion"},{"floor":22,"key":"champ:CounterPotion"},{"floor":25,"key":"Weak Potion"},{"floor":32,"key":"Block Potion"},{"floor":33,"key":"Block Potion"},{"floor":33,"key":"Fire Potion"},{"floor":37,"key":"SkillPotion"},{"floor":45,"key":"Energy Potion"},{"floor":45,"key":"Energy Potion"}],"is_trial":false,"path_per_floor":["R","M","M","M","M","E","T","M","E","M","$","R","M","M","M","B",null,"R","M","$","?","$","$","T","?","E","?","R","E","R","E","M","B",null,"R","?","M","?","$","R","T","T","R","?","E","R","E","$","M","B",null],"character_chosen":"THE_SPIRIT","items_purchased":["hexamod:GhostflameInferno","expansioncontent:Corrupt","Boot","hexamod:RadiantFlame","champ:Barbells","hexamod:ThirdSeal","Mango"],"campfire_rested":2,"item_purchase_floors":[11,20,23,23,39,39,48],"current_hp_per_floor":[70,70,68,68,58,48,48,38,38,33,33,54,50,41,29,11,70,70,70,70,70,54,54,54,45,42,65,65,32,53,53,60,53,70,70,62,54,54,54,54,54,54,54,54,55,55,47,61,44,36],"gold":68,"neow_bonus":"","is_daily":true,"chose_seed":false,"campfire_upgraded":4,"win_rate":0.0,"timestamp":1610196945,"path_taken":["R","M","M","?","M","E","T","M","E","M","$","R","M","M","M","BOSS","R","M","$","?","?","$","T","?","E","?","R","E","R","E","M","BOSS","R","?","?","?","?","R","T","?","R","?","E","R","E","$","M","BOSS"],"items_purchased_type":["Card","Card","Relic","Card","Relic","Card","Relic"],"build_version":"2020-12-22","purchased_purges":0,"victory":true,"max_hp_per_floor":[70,70,70,70,70,70,70,70,70,70,70,70,70,70,70,70,70,70,70,70,70,70,70,70,70,70,70,70,70,70,70,70,70,70,70,70,70,70,70,70,70,70,70,70,70,70,70,84,84,84],"card_choices":[{"not_picked":["hexamod:GhostOfSpireFuture","hexamod:SuperheatedStrike"],"picked":"hexamod:RainOfEmbers","floor":2.0},{"not_picked":["hexamod:NecessarySacrifice","hexamod:GhostLash"],"picked":"hexamod:GhostOfSpireFuture","floor":3.0},{"not_picked":["hexamod:RainOfEmbers","hexamod:ThermalTransfer"],"picked":"hexamod:FourthSeal","floor":4.0},{"not_picked":["hexamod:PhantomCloak","hexamod:GhostLash"],"picked":"hexamod:NecessarySacrifice","floor":5.0},{"not_picked":["hexamod:UnleashSpirits","hexamod:FifthSeal"],"picked":"hexamod:SearingWound","floor":6.0},{"not_picked":["hexamod:Haunt","hexamod:NightmareGuise"],"picked":"hexamod:HeatMetal","floor":8.0},{"not_picked":["hexamod:EmpoweringStance","hexamod:Toasty"],"picked":"hexamod:VolcanoVisage","floor":9.0},{"not_picked":["hexamod:StepThrough","hexamod:NightmareGuise"],"picked":"hexamod:Firestarter","floor":10.0},{"not_picked":["hexamod:SwordOfDarkness","hexamod:GhostLash"],"picked":"hexamod:SpectersWail","floor":11.0},{"not_picked":["hexamod:EmpoweredFlame","hexamod:CatchUp"],"picked":"hexamod:SpectersWail","floor":13.0},{"not_picked":["hexamod:HauntingEcho","hexamod:ShieldOfDarkness"],"picked":"hexamod:GhostShield","floor":14.0},{"not_picked":["hexamod:BurningTouch","hexamod:HauntingEcho"],"picked":"hexamod:FirstSeal","floor":15.0},{"not_picked":["hexamod:UnleashSpirits","hexamod:ParanormalForm"],"picked":"hexamod:TimeWarp","floor":16.0},{"not_picked":["hexamod:EtherealExpedition","hexamod:Hexaguard"],"picked":"hexamod:Haunt+1","floor":19},{"not_picked":["hexamod:ShieldOfDarkness","hexamod:GhostShield"],"picked":"hexamod:HauntingEcho","floor":20},{"not_picked":["hexamod:SpectersWail","hexamod:SkipABeat"],"picked":"hexamod:FastForward","floor":22},{"not_picked":["hexamod:AdvancingGuard+1","hexamod:RecurringNightmare+1"],"picked":"hexamod:ApocalypseNow","floor":23},{"not_picked":[],"picked":"J.A.X.","floor":25},{"not_picked":["hexamod:NightmareGuise","hexamod:Hexaguard"],"picked":"hexamod:BurningTouch","floor":25},{"not_picked":["hexamod:SixthSeal","hexamod:CrushingStance"],"picked":"hexamod:UnleashSpirits","floor":26},{"not_picked":["hexamod:Toasty","hexamod:TurnItUp"],"picked":"hexamod:SearingWound","floor":29},{"not_picked":["hexamod:WildfireWeapon","hexamod:CrushingStance"],"picked":"hexamod:UnlimitedPower","floor":31},{"not_picked":["hexamod:TimeOfNeed","hexamod:GiftsFromTheDead","hexamod:ApocalypseNow"],"picked":"SKIP","floor":31},{"not_picked":["hexamod:FastForward","hexamod:RecurringNightmare"],"picked":"hexamod:BurningTouch","floor":32},{"not_picked":["hexamod:FifthSeal","hexamod:ApocalypticArmor"],"picked":"hexamod:SixthSeal","floor":33},{"not_picked":["hexamod:SwordOfDarkness+1","hexamod:GhostLash"],"picked":"hexamod:SecondSeal","floor":37},{"not_picked":["hexamod:TimeWarp","hexamod:TurnItUp"],"picked":"hexamod:SixthSeal","floor":45},{"not_picked":["hexamod:ParanormalForm","hexamod:UnleashSpirits"],"picked":"hexamod:WildfireWeapon","floor":47},{"not_picked":["hexamod:VolcanoVisage","hexamod:ParanormalForm","hexamod:CrushingStance"],"picked":"SKIP","floor":47},{"not_picked":["hexamod:NightmareStrike","hexamod:PowerFromBeyond"],"picked":"hexamod:HeatShield+1","floor":49}],"player_experience":128493,"relics_obtained":[{"floor":6.0,"key":"Whetstone"},{"floor":7.0,"key":"HornCleat"},{"floor":9.0,"key":"Omamori"},{"floor":24,"key":"Centennial Puzzle"},{"floor":25,"key":"MutagenicStrength"},{"floor":26,"key":"Peace Pipe"},{"floor":29,"key":"CaptainsWheel"},{"floor":31,"key":"Darkstone Periapt"},{"floor":41,"key":"sneckomod:BlankCard"},{"floor":42,"key":"Bottled Flame"},{"floor":44,"key":"Bottled Lightning"},{"floor":45,"key":"Regal Pillow"},{"floor":47,"key":"PreservedInsect"}],"event_choices":[{"damage_healed":0,"gold_gain":0,"player_choice":"Upgraded","damage_taken":0,"max_hp_gain":0,"max_hp_loss":0,"event_name":"Upgrade Shrine","floor":21,"gold_loss":0,"cards_upgraded":["hexamod:RainOfEmbers"]},{"damage_healed":23,"gold_gain":0,"player_choice":"Heal","damage_taken":0,"max_hp_gain":0,"max_hp_loss":0,"event_name":"The Library","floor":27,"gold_loss":0}],"is_beta":false,"boss_relics":[{"not_picked":["sneckomod:SneckoTalon","SlaversCollar"],"picked":"Philosopher\u0027s Stone"},{"not_picked":["Velvet Choker","Snecko Eye"],"picked":"Runic Pyramid"}],"items_purged_floors":[],"is_endless":false,"potions_floor_spawned":[4,6,8,10,15,25,32,33,37,45,47],"ascension_level":0}}