{"host":"52m1o8iwwagurbjs","time":1610225874,"event":{"mods":["AchievementEnabler","BaseMod","Bestiary","Colored Powertips","GifTheSpireLib","Minty Spire (QoL Compilation)","Quick Restart","RNG Fix","Relic Stats","StSLib"],"gold_per_floor":[110,130,140,140,156,156,4,34,34,34,44,44,44,44],"floor_reached":13,"playtime":261,"items_purged":["Strike_B"],"score":166,"play_id":"cabe7768-c8a2-4bd8-a1a9-be6121c3132f","local_time":"20210109155754","is_ascension_mode":true,"campfire_choices":[{"data":"Defragment","floor":6,"key":"SMITH"},{"floor":10,"key":"REST"},{"data":"Creative AI","floor":12,"key":"SMITH"}],"circlet_count":0,"master_deck":["AscendersBane","Strike_B","Strike_B","Defend_B","Defend_B","Defend_B","Defend_B","Zap+1","Dualcast","Ball Lightning","Undo","Tempest","Defragment+1","Loop","Creative AI+1","Reinforced Body"],"relics":["Cracked Core","Matryoshka","Anchor","Du-Vu Doll"],"acts_visited":["Exordium"],"potions_floor_usage":[5,8,13],"damage_taken":[{"damage":12.0,"enemies":"Cultist","floor":1.0,"turns":4.0},{"damage":7,"enemies":"Jaw Worm","floor":2,"turns":2},{"damage":1,"enemies":"Small Slimes","floor":3,"turns":3},{"damage":13,"enemies":"Exordium Thugs","floor":5,"turns":2},{"damage":25,"enemies":"3 Sentries","floor":8,"turns":6},{"damage":0,"enemies":"Large Slime","floor":11,"turns":4},{"damage":28,"enemies":"Gremlin Nob","floor":13,"turns":3}],"seed_played":"6622567411671156659","potions_obtained":[{"floor":3,"key":"FocusPotion"},{"floor":5,"key":"Fire Potion"},{"floor":8,"key":"FearPotion"}],"is_trial":false,"path_per_floor":["M","M","M","?","M","R","$","E","T","R","M","R","E"],"character_chosen":"DEFECT","items_purchased":["Loop"],"campfire_rested":1,"item_purchase_floors":[7],"current_hp_per_floor":[52,45,44,44,31,31,31,6,6,27,27,27,0,0],"gold":44,"neow_bonus":"UPGRADE_CARD","is_daily":false,"chose_seed":false,"campfire_upgraded":2,"win_rate":0.0,"timestamp":1610225874,"path_taken":["M","M","M","?","M","R","$","E","T","R","M","R","E"],"items_purchased_type":["Card"],"build_version":"2020-12-22","purchased_purges":1,"victory":false,"max_hp_per_floor":[71,71,71,71,71,71,71,71,71,71,71,71,71,71],"relic_stats":{"counters":[7,23],"obtain_stats":[{"Du-Vu Doll":9,"Anchor":9,"Matryoshka":8,"Cracked Core":0},{"Du-Vu Doll":5,"Anchor":5,"Matryoshka":5,"Cracked Core":0},{"Du-Vu Doll":16,"Anchor":16,"Matryoshka":16,"Cracked Core":0}]},"card_choices":[{"not_picked":["BootSequence","Lockon"],"picked":"Ball Lightning","floor":1},{"not_picked":["Streamline","Chaos"],"picked":"Undo","floor":2},{"not_picked":["Aggregate","Genetic Algorithm","Undo"],"picked":"SKIP","floor":3},{"not_picked":["FTL","Steam Power"],"picked":"Defragment","floor":5},{"not_picked":["Go for the Eyes","White Noise"],"picked":"Creative AI","floor":8},{"not_picked":["Sweeping Beam","Steam"],"picked":"Reinforced Body","floor":11}],"player_experience":1104700,"relics_obtained":[{"floor":8,"key":"Matryoshka"},{"floor":9,"key":"Anchor"},{"floor":9,"key":"Du-Vu Doll"}],"event_choices":[{"damage_healed":0,"gold_gain":0,"cards_transformed":["Strike_B"],"player_choice":"Transformed","damage_taken":0,"max_hp_gain":0,"max_hp_loss":0,"event_name":"Transmorgrifier","floor":4,"gold_loss":0,"cards_obtained":["Tempest"]}],"is_beta":false,"boss_relics":[],"items_purged_floors":[7],"is_endless":false,"potions_floor_spawned":[3,5,8],"killed_by":"Gremlin Nob","ascension_level":19}}