{"host":"52m1o8iwwagurbjs","time":1610224904,"event":{"mods":["AchievementEnabler","BaseMod","Bestiary","Colored Powertips","GifTheSpireLib","Minty Spire (QoL Compilation)","Quick Restart","RNG Fix","Relic Stats","StSLib"],"gold_per_floor":[110,124,137,154,166,192,211,211,293,293,293,334,294,333,333,429,429,444,444,417,12,12,12,39,39,88,88,88],"floor_reached":27,"playtime":992,"items_purged":["Strike_B"],"score":489,"play_id":"83a280ee-2c9a-45bc-bab3-84fc34a1fdef","local_time":"20210109154144","is_ascension_mode":true,"campfire_choices":[{"floor":8.0,"key":"REST"},{"data":"Defragment","floor":10.0,"key":"SMITH"},{"floor":15.0,"key":"REST"},{"data":"Echo Form","floor":23,"key":"SMITH"},{"floor":25,"key":"REST"}],"circlet_count":0,"master_deck":["AscendersBane","Strike_B","Defend_B","Defend_B","Defend_B","Defend_B","Zap","Dualcast","Defragment+1","Gash","Scrape","White Noise","Beam Cell","Leap","BootSequence","Glacier","Echo Form+1","Coolheaded","Loop","FTL","Go for the Eyes","Hello World"],"relics":["Cracked Core","NeowsBlessing","Thread and Needle","Singing Bowl","Bloody Idol","Anchor","Pantograph","Inserter","Orrery","Lantern","Nunchaku","Akabeko"],"acts_visited":["Exordium","TheCity"],"potions_floor_usage":[18,27],"damage_taken":[{"damage":0.0,"enemies":"Cultist","floor":1.0,"turns":1.0},{"damage":0.0,"enemies":"Jaw Worm","floor":2.0,"turns":1.0},{"damage":0.0,"enemies":"2 Louse","floor":3.0,"turns":1.0},{"damage":7.0,"enemies":"Looter","floor":4.0,"turns":3.0},{"damage":25.0,"enemies":"Exordium Wildlife","floor":5.0,"turns":4.0},{"damage":8.0,"enemies":"Gremlin Nob","floor":6.0,"turns":3.0},{"damage":5.0,"enemies":"Large Slime","floor":7.0,"turns":5.0},{"damage":26.0,"enemies":"Lagavulin","floor":12.0,"turns":9.0},{"damage":6.0,"enemies":"3 Sentries","floor":14.0,"turns":6.0},{"damage":15,"enemies":"Slime Boss","floor":16,"turns":12},{"damage":0,"enemies":"Spheric Guardian","floor":18,"turns":9},{"damage":10,"enemies":"2 Thieves","floor":20,"turns":5},{"damage":50,"enemies":"Slavers","floor":24,"turns":14},{"damage":54,"enemies":"Book of Stabbing","floor":27,"turns":8}],"seed_played":"-6622840213789923367","potions_obtained":[{"floor":2.0,"key":"BlessingOfTheForge"},{"floor":3.0,"key":"SkillPotion"},{"floor":12.0,"key":"Energy Potion"},{"floor":13.0,"key":"Fire Potion"},{"floor":13.0,"key":"AttackPotion"},{"floor":16,"key":"Swift Potion"},{"floor":24,"key":"EssenceOfSteel"}],"is_trial":false,"path_per_floor":["M","M","M","M","M","E","M","R","T","R","?","E","?","E","R","B",null,"M","?","M","$","?","R","E","R","T","E"],"character_chosen":"DEFECT","items_purchased":["Orrery","Lantern"],"campfire_rested":3,"item_purchase_floors":[21,21],"current_hp_per_floor":[64,64,64,57,32,24,19,40,40,40,40,16,16,10,29,39,59,61,61,63,67,67,67,24,46,51,0,0],"gold":88,"neow_bonus":"THREE_ENEMY_KILL","is_daily":false,"chose_seed":false,"campfire_upgraded":2,"win_rate":0.0,"timestamp":1610224904,"path_taken":["M","M","M","M","M","E","M","R","T","R","?","E","?","E","R","BOSS","M","?","?","$","?","R","E","R","T","E"],"items_purchased_type":["Relic","Relic"],"build_version":"2020-12-22","purchased_purges":1,"victory":false,"max_hp_per_floor":[71,71,71,71,71,71,71,71,71,71,64,66,66,66,66,66,66,68,68,70,74,74,74,76,76,76,76,76],"relic_stats":{"Nunchaku":[0],"Inserter":[18],"Singing Bowl":12,"counters":[14,81],"Bloody Idol":20,"Pantograph":25,"obtain_stats":[{"Lantern":21,"Inserter":17,"NeowsBlessing":0,"Singing Bowl":9,"Golden Idol":11,"Thread and Needle":6,"Akabeko":26,"Anchor":12,"Nunchaku":24,"Pantograph":14,"Bloody Idol":19,"Orrery":21,"Cracked Core":0},{"Lantern":12,"Inserter":10,"NeowsBlessing":0,"Singing Bowl":7,"Golden Idol":7,"Thread and Needle":6,"Akabeko":13,"Anchor":8,"Nunchaku":13,"Pantograph":9,"Bloody Idol":11,"Orrery":12,"Cracked Core":0},{"Lantern":59,"Inserter":45,"NeowsBlessing":0,"Singing Bowl":18,"Golden Idol":18,"Thread and Needle":13,"Akabeko":73,"Anchor":27,"Nunchaku":73,"Pantograph":33,"Bloody Idol":54,"Orrery":59,"Cracked Core":0}]},"card_choices":[{"not_picked":["Stack","Steam Power"],"picked":"Defragment","floor":1.0},{"not_picked":["Stack","Double Energy"],"picked":"Gash","floor":2.0},{"not_picked":["Chaos","Redo"],"picked":"Scrape","floor":3.0},{"not_picked":["Streamline","Sunder"],"picked":"White Noise","floor":4.0},{"not_picked":["Hologram","Consume"],"picked":"Beam Cell","floor":5.0},{"not_picked":["Beam Cell","Thunder Strike"],"picked":"Leap","floor":6.0},{"not_picked":["Beam Cell","Chaos"],"picked":"BootSequence","floor":7.0},{"not_picked":["Conserve Battery","BootSequence","Lockon"],"picked":"Singing Bowl","floor":12.0},{"not_picked":["Auto Shields","Turbo"],"picked":"Glacier","floor":14.0},{"not_picked":["Biased Cognition","All For One"],"picked":"Echo Form","floor":16},{"not_picked":["Redo","Conserve Battery","Genetic Algorithm"],"picked":"Singing Bowl","floor":18},{"not_picked":["Lockon","Gash","Double Energy"],"picked":"Singing Bowl","floor":20},{"not_picked":["Machine Learning","Aggregate"],"picked":"Coolheaded","floor":21},{"not_picked":["Cold Snap+1","Turbo"],"picked":"Loop","floor":21},{"not_picked":["Compile Driver","Sweeping Beam+1"],"picked":"FTL","floor":21},{"not_picked":["Steam","Redo","Gash"],"picked":"Singing Bowl","floor":21},{"not_picked":["Reprogram","BootSequence","Rainbow"],"picked":"Singing Bowl","floor":21},{"not_picked":["Compile Driver","Reboot","Double Energy"],"picked":"Singing Bowl","floor":24}],"player_experience":1103357,"relics_obtained":[{"floor":6.0,"key":"Thread and Needle"},{"floor":9.0,"key":"Singing Bowl"},{"floor":12.0,"key":"Anchor"},{"floor":14.0,"key":"Pantograph"},{"floor":24,"key":"Nunchaku"},{"floor":26,"key":"Akabeko"}],"event_choices":[{"damage_healed":0.0,"max_hp_gain":0.0,"max_hp_loss":7.0,"gold_gain":0.0,"event_name":"Golden Idol","player_choice":"Lose Max HP","floor":11.0,"gold_loss":0.0,"damage_taken":0.0,"relics_obtained":["Golden Idol"]},{"damage_healed":0.0,"max_hp_gain":0.0,"max_hp_loss":0.0,"gold_gain":0.0,"event_name":"The Woman in Blue","player_choice":"Bought 3 Potions","floor":13.0,"gold_loss":0.0,"damage_taken":0.0},{"damage_healed":0,"gold_gain":0,"player_choice":"Gave Idol","damage_taken":0,"relics_obtained":["Bloody Idol"],"max_hp_gain":0,"max_hp_loss":0,"event_name":"Forgotten Altar","floor":19,"relics_lost":["Golden Idol"],"gold_loss":0},{"damage_healed":0,"gold_gain":0,"cards_transformed":["Strike_B","Strike_B"],"player_choice":"Became Test Subject","damage_taken":0,"max_hp_gain":0,"max_hp_loss":0,"event_name":"Drug Dealer","floor":22,"gold_loss":0,"cards_obtained":["Go for the Eyes","Hello World"]}],"is_beta":false,"boss_relics":[{"not_picked":["Coffee Dripper","Busted Crown"],"picked":"Inserter"}],"items_purged_floors":[21],"is_endless":false,"potions_floor_spawned":[2,3,12,16,24],"killed_by":"Book of Stabbing","ascension_level":19}}