{"host":"3xramekeme16g407","time":1610234451,"event":{"mods":["2.2 Compatiblity","AchievementEnabler","BaseMod","Bestiary","Minty Spire (QoL Compilation)","Relic Stats","StSLib"],"gold_per_floor":[119,132,151,164,164,164,177,210,234,50,50,50,50,63,63,160,160,176,176,189,202,202,202],"floor_reached":22,"playtime":1888,"items_purged":[],"score":188,"play_id":"99ba0b87-81b0-42a6-b6fb-04688dd0f6d8","local_time":"20210109152051","is_ascension_mode":false,"campfire_choices":[{"floor":6,"key":"REST"},{"floor":11,"key":"REST"},{"data":"Creative AI","floor":13,"key":"SMITH"},{"data":"Chaos","floor":15,"key":"SMITH"}],"circlet_count":0,"master_deck":["Strike_B","Strike_B","Strike_B","Strike_B","Defend_B","Defend_B","Defend_B","Defend_B","Zap","Dualcast","Auto Shields","Loop","Ball Lightning","Genetic Algorithm","Cold Snap","Cold Snap","Loop","Creative AI+1","Chaos+1","Buffer","Heatsinks","Consume+1"],"relics":["Cracked Core","Calipers","Dream Catcher","Regal Pillow","Oddly Smooth Stone","SacredBark"],"acts_visited":["Exordium","TheCity"],"potions_floor_usage":[4,8,8,22],"damage_taken":[{"damage":0,"enemies":"2 Louse","floor":1,"turns":3},{"damage":2,"enemies":"Small Slimes","floor":2,"turns":3},{"damage":1,"enemies":"Jaw Worm","floor":3,"turns":3},{"damage":15,"enemies":"Gremlin Gang","floor":4,"turns":4},{"damage":3,"enemies":"Blue Slaver","floor":7,"turns":4},{"damage":28,"enemies":"Gremlin Nob","floor":8,"turns":5},{"damage":0,"enemies":"Looter","floor":14,"turns":4},{"damage":36,"enemies":"Slime Boss","floor":16,"turns":12},{"damage":41,"enemies":"3 Byrds","floor":18,"turns":7},{"damage":16,"enemies":"Shell Parasite","floor":20,"turns":5},{"damage":14,"enemies":"Centurion and Healer","floor":21,"turns":9},{"damage":15,"enemies":"Snake Plant","floor":22,"turns":5}],"seed_played":"3897774353310403445","potions_obtained":[{"floor":1,"key":"Block Potion"},{"floor":4,"key":"Block Potion"},{"floor":7,"key":"Dexterity Potion"},{"floor":21,"key":"SkillPotion"}],"is_trial":false,"path_per_floor":["M","M","M","M","?","R","M","E","T","$","R","?","R","M","R","B",null,"M","?","M","M","M"],"character_chosen":"DEFECT","items_purchased":["Oddly Smooth Stone","Loop"],"campfire_rested":2,"item_purchase_floors":[10,10],"current_hp_per_floor":[82,80,79,64,57,81,78,50,50,50,82,82,82,82,82,46,82,41,41,25,11,0,0],"gold":202,"neow_bonus":"TEN_PERCENT_HP_BONUS","is_daily":false,"chose_seed":false,"campfire_upgraded":2,"win_rate":0.0,"timestamp":1610234451,"path_taken":["M","M","M","M","?","R","M","E","T","$","R","?","R","M","R","BOSS","M","?","M","M","?"],"items_purchased_type":["Relic","Card"],"build_version":"2020-12-22","purchased_purges":0,"victory":false,"max_hp_per_floor":[82,82,82,82,82,82,82,82,82,82,82,82,82,82,82,82,82,82,82,82,82,82,82],"relic_stats":{"Dream Catcher":1,"Regal Pillow":8,"counters":[12,64],"obtain_stats":[{"Dream Catcher":8,"Regal Pillow":9,"Calipers":5,"SacredBark":17,"Oddly Smooth Stone":10,"Cracked Core":0},{"Dream Catcher":6,"Regal Pillow":6,"Calipers":4,"SacredBark":8,"Oddly Smooth Stone":6,"Cracked Core":0},{"Dream Catcher":22,"Regal Pillow":22,"Calipers":13,"SacredBark":38,"Oddly Smooth Stone":22,"Cracked Core":0}]},"card_choices":[{"not_picked":["Conserve Battery","Turbo"],"picked":"Auto Shields","floor":1},{"not_picked":["Cold Snap","Ball Lightning"],"picked":"Loop","floor":2},{"not_picked":["Recycle","Hologram"],"picked":"Ball Lightning","floor":3},{"not_picked":["Coolheaded","Barrage"],"picked":"Genetic Algorithm","floor":4},{"not_picked":["Compile Driver","Rip and Tear"],"picked":"Cold Snap","floor":7},{"not_picked":["Beam Cell","Rebound"],"picked":"Cold Snap","floor":8},{"not_picked":["Rebound","Rip and Tear"],"picked":"Creative AI","floor":11},{"not_picked":["Conserve Battery","Gash"],"picked":"Chaos","floor":14},{"not_picked":["Core Surge","All For One"],"picked":"Buffer","floor":16},{"not_picked":["Scrape+1","Cold Snap"],"picked":"Heatsinks","floor":18},{"not_picked":["Sweeping Beam+1","Redo"],"picked":"Consume+1","floor":20},{"not_picked":["Stack","Turbo","Steam+1"],"picked":"SKIP","floor":21}],"player_experience":435304,"relics_obtained":[{"floor":8,"key":"Dream Catcher"},{"floor":9,"key":"Regal Pillow"}],"event_choices":[{"damage_healed":0,"gold_gain":0,"player_choice":"Success","damage_taken":7,"relics_obtained":["Calipers"],"max_hp_gain":0,"max_hp_loss":0,"event_name":"Scrap Ooze","floor":5,"gold_loss":0},{"damage_healed":0,"gold_gain":0,"player_choice":"Ignored","damage_taken":0,"max_hp_gain":0,"max_hp_loss":0,"event_name":"Liars Game","floor":12,"gold_loss":0},{"damage_healed":0,"gold_gain":0,"player_choice":"Ignored","damage_taken":0,"max_hp_gain":0,"max_hp_loss":0,"event_name":"N\u0027loth","floor":19,"gold_loss":0}],"is_beta":false,"boss_relics":[{"not_picked":["SlaversCollar","Philosopher\u0027s Stone"],"picked":"SacredBark"}],"items_purged_floors":[],"is_endless":false,"potions_floor_spawned":[1,4,7,21],"killed_by":"Snake Plant","ascension_level":0}}