{"host":"ugtsb9tf4jnucn15","time":1610207034,"event":{"mods":["BaseMod","Downfall","Hermit","Minty Spire (QoL Compilation)","StSLib","The Disciple"],"gold_per_floor":[99,111,261,19,35,35,117,133,149,149,161,146,146,146,156,254,254,254,274,285,305,24,44,44,62,62,62,62,62,62,62],"floor_reached":29,"playtime":2694,"items_purged":["Regret"],"score":262,"play_id":"ea5c3037-00eb-4282-a127-1d4f8d2ec0a4","local_time":"20210109164354","is_ascension_mode":false,"campfire_choices":[{"data":"Guardian:Defend_Guardian","floor":1.0,"key":"SMITH"},{"data":"Guardian:CurlUp","floor":10.0,"key":"SMITH"},{"floor":13.0,"key":"REST"},{"data":"Guardian:DonusPower","floor":18.0,"key":"SMITH"},{"floor":26.0,"key":"REST"}],"circlet_count":0,"master_deck":["Guardian:Strike_Guardian","Guardian:Strike_Guardian","Guardian:Strike_Guardian","Guardian:Strike_Guardian","Guardian:Defend_Guardian+1","Guardian:Defend_Guardian+1","Guardian:Defend_Guardian+1","Guardian:Defend_Guardian+1","Guardian:CurlUp+1","Guardian:TwinSlam","expansioncontent:ManipulateTime+1","Guardian:DecasProtection","Slimebound:Icky","expansioncontent:Chronoboost","Guardian:BronzeOrb+1","Guardian:ChargeCore","Guardian:DonusPower+1","Guardian:PrismaticBeam+1","Guardian:ExploitGems","Guardian:SpikerProtocol","Ghostly","Ghostly","Ghostly","Ghostly","Ghostly"],"relics":["Guardian:ModeShifter","Molten Egg 2","Membership Card","War Paint"],"acts_visited":["Exordium","TheCity"],"potions_floor_usage":[28,28],"damage_taken":[{"damage":0.0,"enemies":"2 Louse","floor":2.0,"turns":2.0},{"damage":0.0,"enemies":"downfall:FleeingMerchant","floor":4.0,"turns":4.0},{"damage":0.0,"enemies":"Jaw Worm","floor":5.0,"turns":3.0},{"damage":0.0,"enemies":"Small Slimes","floor":8.0,"turns":3.0},{"damage":6.0,"enemies":"3 Louse","floor":9.0,"turns":5.0},{"damage":0.0,"enemies":"2 Fungi Beasts","floor":11.0,"turns":3.0},{"damage":7.0,"enemies":"downfall:FleeingMerchant","floor":12.0,"turns":4.0},{"damage":7.0,"enemies":"Blue Slaver","floor":15.0,"turns":3.0},{"damage":14.0,"enemies":"downfall:Watcher","floor":16.0,"turns":9.0},{"damage":14.0,"enemies":"3 Byrds","floor":19.0,"turns":6.0},{"damage":41.0,"enemies":"Sentry and Sphere","floor":20.0,"turns":10.0},{"damage":7.0,"enemies":"Snecko","floor":21.0,"turns":5.0},{"damage":4.0,"enemies":"downfall:FleeingMerchant","floor":22.0,"turns":4.0},{"damage":2.0,"enemies":"Shelled Parasite and Fungi","floor":23.0,"turns":8.0},{"damage":11.0,"enemies":"Centurion and Healer","floor":25.0,"turns":16.0},{"damage":14,"enemies":"Gremlin Leader","floor":28,"turns":9}],"seed_played":"3738035041236142979","potions_obtained":[{"floor":8.0,"key":"Guardian:BlockOnCardUsePotion"},{"floor":9.0,"key":"SmokeBomb"},{"floor":15.0,"key":"Energy Potion"},{"floor":20.0,"key":"SpeedPotion"},{"floor":21.0,"key":"ColorlessPotion"},{"floor":25.0,"key":"Guardian:BlockOnCardUsePotion"}],"is_trial":false,"path_per_floor":["R","M","?","$","M","?","T","M","M","R","M","$","R","?","M","B",null,"R","M","M","M","$","M","T","M","R","?","E","?"],"character_chosen":"GUARDIAN","items_purchased":["expansioncontent:Chronoboost","Guardian:BronzeOrb","Guardian:Gem_Cyan","Guardian:ChargeCore","Membership Card","War Paint"],"campfire_rested":2,"item_purchase_floors":[4,4,4,4,22,22],"current_hp_per_floor":[80,80,80,80,80,68,68,68,62,62,62,55,79,79,72,58,80,80,66,25,18,14,12,12,1,25,25,11,0,0,0],"gold":62,"neow_bonus":"RANDOM_COLORLESS","is_daily":false,"chose_seed":false,"campfire_upgraded":3,"win_rate":0.0,"timestamp":1610207034,"path_taken":["R","M","?","$","M","?","T","M","M","R","M","$","R","?","M","BOSS","R","M","M","M","$","M","T","M","R","?","E","?"],"items_purchased_type":["Card","Card","Card","Card","Relic","Relic"],"build_version":"2020-12-22","purchased_purges":1,"victory":false,"max_hp_per_floor":[80,80,80,80,80,80,80,80,80,80,80,80,80,80,80,80,80,80,80,80,80,80,80,80,80,80,40,40,40,40,40],"card_choices":[{"not_picked":["Enlightenment","expansioncontent:Sear"],"picked":"expansioncontent:ManipulateTime","floor":0.0},{"not_picked":["Guardian:SentryBeam","Guardian:BronzeArmor"],"picked":"Guardian:DecasProtection","floor":2.0},{"not_picked":["Guardian:TemporalStrike","Guardian:Gem_Red"],"picked":"Guardian:Gem_Synthetic","floor":4.0},{"not_picked":["Guardian:Recover","Guardian:CrystalBeam"],"picked":"Guardian:Gem_Blue","floor":5.0},{"not_picked":["Guardian:WalkerClaw+1","Guardian:Planning"],"picked":"Guardian:Gem_Cyan","floor":8.0},{"not_picked":["Guardian:GuardianWhirl+1","Guardian:Gem_Lightblue"],"picked":"Guardian:DonusPower","floor":9.0},{"not_picked":["Guardian:TemporalStrike+1","Guardian:CrystalBeam+1","Guardian:BronzeArmor"],"picked":"SKIP","floor":11.0},{"not_picked":["Guardian:ShieldCharger","Guardian:TimeSifter"],"picked":"Guardian:PrismaticBeam+1","floor":12.0},{"not_picked":["Guardian:Suspension","Guardian:PrimingBeam+1","Guardian:Gem_Green"],"picked":"SKIP","floor":15.0},{"not_picked":["Guardian:SphericShield","Guardian:TimeSifter"],"picked":"Guardian:ExploitGems","floor":16.0},{"not_picked":["Guardian:PrismaticBeam+1","Guardian:ShieldCharger+1","Guardian:FloatingOrbs"],"picked":"SKIP","floor":19.0},{"not_picked":["Guardian:TemporalStrike+1","Guardian:CrystalBeam+1","Guardian:VentSteam+1"],"picked":"SKIP","floor":20.0},{"not_picked":["Guardian:Recover+1","Guardian:RollAttack+1"],"picked":"Guardian:SpikerProtocol","floor":21.0},{"not_picked":["Guardian:Gem_Red","Guardian:ShieldCharger+1"],"picked":"Guardian:Gem_Cyan","floor":22.0},{"not_picked":["Guardian:Incinerate+1","Guardian:Harden","Guardian:RollAttack+1"],"picked":"SKIP","floor":23.0},{"not_picked":["Guardian:WalkerClaw+1","Guardian:DecasProtection"],"picked":"Guardian:Gem_White","floor":25.0}],"player_experience":4890,"relics_obtained":[{"floor":7.0,"key":"Molten Egg 2"}],"event_choices":[{"damage_healed":0,"gold_gain":0,"player_choice":"Became a Ghost","damage_taken":0,"max_hp_gain":0,"max_hp_loss":40,"event_name":"Ghosts","floor":27,"gold_loss":0,"cards_obtained":["Ghostly","Ghostly","Ghostly","Ghostly","Ghostly"]}],"is_beta":false,"boss_relics":[{"not_picked":["Sozu","Calling Bell","Busted Crown"]}],"items_purged_floors":[22],"is_endless":false,"potions_floor_spawned":[8,9,15,20,21,25],"ascension_level":0}}