{"host":"yptvp0rjza9g9li7","time":1610209307,"event":{"mods":["AchievementEnabler","BaseMod","Colored Map","Colored Powertips","DeckTracker","Minty Spire (QoL Compilation)","SuperFastMode"],"gold_per_floor":[116,134,134,147,162,162,174,229,229,262,279,279,298,327,327,423,423,443,72,72,88,101,134,134,62,87,362,378,378,392,392,392,392,392],"floor_reached":33,"playtime":1255,"items_purged":[],"score":304,"play_id":"9454215b-64f3-48be-9c5f-960f6b4197a6","local_time":"20210110012147","is_ascension_mode":false,"campfire_choices":[{"data":"Hemokinesis","floor":6.0,"key":"SMITH"},{"data":"Fire Breathing","floor":12.0,"key":"SMITH"},{"data":"Dark Embrace","floor":15.0,"key":"SMITH"},{"data":"Seeing Red","floor":24.0,"key":"SMITH"},{"data":"Inflame","floor":29.0,"key":"SMITH"},{"floor":32.0,"key":"REST"}],"circlet_count":0,"master_deck":["Bash","Shockwave","Hemokinesis+1","Spot Weakness","Hemokinesis","Inflame+1","Wild Strike","Dark Embrace+1","Fire Breathing+1","Wild Strike","Double Tap","Immolate","Warcry","Warcry","Headbutt","Immolate","Seeing Red+1","Dropkick","Double Tap","Dual Wield","Carnage","Wild Strike","Evolve","Second Wind","Evolve+1","Feel No Pain","Regret","Flame Barrier","Metallicize+1","Rage+1","True Grit+1"],"relics":["Burning Blood","Oddly Smooth Stone","Bottled Tornado","Gremlin Horn","Bottled Flame","HornCleat","Pandora\u0027s Box","TungstenRod","NlothsMask","Prayer Wheel","MutagenicStrength"],"acts_visited":["Exordium","TheCity"],"potions_floor_usage":[33],"damage_taken":[{"damage":6.0,"enemies":"Jaw Worm","floor":1.0,"turns":4.0},{"damage":0.0,"enemies":"Cultist","floor":2.0,"turns":3.0},{"damage":2.0,"enemies":"2 Louse","floor":4.0,"turns":2.0},{"damage":6.0,"enemies":"Large Slime","floor":5.0,"turns":6.0},{"damage":4.0,"enemies":"Exordium Thugs","floor":7.0,"turns":4.0},{"damage":17.0,"enemies":"Gremlin Nob","floor":8.0,"turns":3.0},{"damage":11.0,"enemies":"Lagavulin","floor":10.0,"turns":4.0},{"damage":8.0,"enemies":"3 Louse","floor":11.0,"turns":3.0},{"damage":2.0,"enemies":"Exordium Wildlife","floor":13.0,"turns":3.0},{"damage":4.0,"enemies":"Gremlin Nob","floor":14.0,"turns":2.0},{"damage":44.0,"enemies":"Hexaghost","floor":16.0,"turns":7.0},{"damage":18.0,"enemies":"Shell Parasite","floor":18.0,"turns":3.0},{"damage":1.0,"enemies":"Spheric Guardian","floor":21.0,"turns":2.0},{"damage":3.0,"enemies":"Snecko","floor":22.0,"turns":4.0},{"damage":35.0,"enemies":"Slavers","floor":23.0,"turns":4.0},{"damage":14.0,"enemies":"Centurion and Healer","floor":28.0,"turns":3.0},{"damage":19.0,"enemies":"Cultist and Chosen","floor":30.0,"turns":4.0},{"damage":57,"enemies":"Automaton","floor":33,"turns":6}],"seed_played":"1987136014369416435","potions_obtained":[{"floor":7.0,"key":"LiquidBronze"},{"floor":10.0,"key":"BlessingOfTheForge"},{"floor":11.0,"key":"Explosive Potion"},{"floor":13.0,"key":"FearPotion"},{"floor":14.0,"key":"ElixirPotion"},{"floor":18.0,"key":"AttackPotion"},{"floor":30.0,"key":"Energy Potion"}],"is_trial":false,"path_per_floor":["M","M","?","M","M","R","M","?","T","E","M","R","M","E","R","B",null,"M","$","?","M","M","E","R","$","T","?","M","R","M","?","R","B"],"character_chosen":"IRONCLAD","items_purchased":["Evolve","TungstenRod","Feel No Pain"],"campfire_rested":1,"item_purchase_floors":[19,19,25],"current_hp_per_floor":[80,80,80,80,80,80,80,69,69,64,62,62,66,68,68,30,80,68,68,68,73,76,47,47,47,47,47,39,39,26,26,50,0,0],"gold":392,"neow_bonus":"RANDOM_COMMON_RELIC","is_daily":false,"chose_seed":false,"campfire_upgraded":5,"win_rate":0.0,"timestamp":1610209307,"path_taken":["M","M","?","M","?","R","M","?","T","E","M","R","M","E","R","BOSS","M","$","?","M","M","E","R","?","T","?","M","R","?","?","R","BOSS"],"items_purchased_type":["Card","Relic","Card"],"build_version":"2020-12-22","purchased_purges":0,"victory":false,"max_hp_per_floor":[80,80,80,80,80,80,80,80,80,80,80,80,80,80,80,80,80,80,80,80,80,80,80,80,80,80,80,80,80,80,80,80,80,80],"card_choices":[{"not_picked":["True Grit","Shrug It Off"],"picked":"Shockwave","floor":1.0},{"not_picked":["Spot Weakness","Cleave"],"picked":"Hemokinesis","floor":2.0},{"not_picked":["Perfected Strike","Anger"],"picked":"Spot Weakness","floor":4.0},{"not_picked":["Anger","Heavy Blade"],"picked":"Hemokinesis","floor":5.0},{"not_picked":["Clash","True Grit"],"picked":"Inflame","floor":7.0},{"not_picked":["Cleave","True Grit"],"picked":"Wild Strike","floor":8.0},{"not_picked":["Anger","Entrench"],"picked":"Dark Embrace","floor":10.0},{"not_picked":["Limit Break","Headbutt"],"picked":"Fire Breathing","floor":11.0},{"not_picked":["Headbutt","Perfected Strike"],"picked":"Wild Strike","floor":13.0},{"not_picked":["Metallicize","Shockwave"],"picked":"Double Tap","floor":14.0},{"not_picked":["Impervious","Offering"],"picked":"Immolate","floor":16.0},{"not_picked":["Clothesline","Ghostly Armor+1"],"picked":"Wild Strike","floor":18.0},{"not_picked":["Bloodletting","Shrug It Off"],"picked":"Second Wind","floor":21.0},{"not_picked":["Pommel Strike+1","Heavy Blade","Dark Embrace"],"picked":"SKIP","floor":22.0},{"not_picked":["Offering","Twin Strike+1"],"picked":"Evolve+1","floor":23.0},{"not_picked":["Clothesline","Carnage"],"picked":"Flame Barrier","floor":28.0},{"not_picked":["Flex+1","Heavy Blade"],"picked":"Metallicize+1","floor":28.0},{"not_picked":["Shockwave","Twin Strike"],"picked":"Rage+1","floor":30.0},{"not_picked":["Perfected Strike","Sword Boomerang"],"picked":"True Grit+1","floor":30.0}],"player_experience":173475,"relics_obtained":[{"floor":8.0,"key":"Bottled Tornado"},{"floor":9.0,"key":"Gremlin Horn"},{"floor":10.0,"key":"Bottled Flame"},{"floor":14.0,"key":"HornCleat"},{"floor":23.0,"key":"Prayer Wheel"}],"event_choices":[{"damage_healed":0.0,"max_hp_gain":0.0,"max_hp_loss":0.0,"gold_gain":0.0,"event_name":"WeMeetAgain","player_choice":"Ignored","floor":3.0,"gold_loss":0.0,"damage_taken":0.0},{"damage_healed":0.0,"max_hp_gain":0.0,"max_hp_loss":0.0,"gold_gain":0.0,"event_name":"Dead Adventurer","player_choice":"Searched \u00271\u0027 times","floor":8.0,"gold_loss":0.0,"damage_taken":0.0},{"damage_healed":0.0,"max_hp_gain":0.0,"max_hp_loss":0.0,"gold_gain":0.0,"event_name":"FaceTrader","player_choice":"Trade","floor":20.0,"gold_loss":0.0,"damage_taken":0.0,"relics_obtained":["NlothsMask"]},{"damage_healed":0.0,"max_hp_gain":0.0,"max_hp_loss":0.0,"gold_gain":275.0,"event_name":"Golden Shrine","player_choice":"Desecrate","floor":27.0,"gold_loss":0.0,"damage_taken":0.0,"cards_obtained":["Regret"]},{"damage_healed":0.0,"max_hp_gain":0.0,"max_hp_loss":0.0,"gold_gain":0.0,"event_name":"Drug Dealer","player_choice":"Inject Mutagens","floor":31.0,"gold_loss":0.0,"damage_taken":0.0,"relics_obtained":["MutagenicStrength"]}],"is_beta":false,"boss_relics":[{"not_picked":["Snecko Eye","Mark of Pain"],"picked":"Pandora\u0027s Box"}],"items_purged_floors":[],"is_endless":false,"potions_floor_spawned":[7,10,11,13,14,18,30],"killed_by":"Automaton","ascension_level":0}}