{"host":"zig6x0mxqzam82fb","time":1610172277,"event":{"mods":["BaseMod","Block Reminder","Colored Map","Colored Powertips","Marisa????????","Minty Spire (QoL Compilation)","Relic Stats","StSLib","The Cursed","The Marked","Waifu the Spire"],"gold_per_floor":[99,99,48,48,18,18,18,18,18,18,18,18,18,18,18,18,18,18,18,18,18,18,18,18,18,18,18,18,18,18,18,18,18,18,18,18,18,18,18,18,18,18,18,18,18,18,18,18,18,18],"floor_reached":51,"playtime":4590,"items_purged":[],"score":931,"play_id":"f0f7c057-2af7-496c-b340-b9be10aa5d2c","local_time":"20210109010437","is_ascension_mode":true,"campfire_choices":[{"data":"Cloak And Dagger","floor":6,"key":"SMITH"},{"data":"Leg Sweep","floor":13,"key":"SMITH"},{"floor":15,"key":"REST"},{"data":"Wraith Form v2","floor":23,"key":"SMITH"},{"floor":28,"key":"REST"},{"data":"Ghostly","floor":32,"key":"SMITH"},{"data":"Ghostly","floor":41,"key":"SMITH"},{"floor":47,"key":"REST"},{"floor":49,"key":"REST"}],"circlet_count":0,"master_deck":["Strike_G+1","Strike_G+1","Strike_G+1","Strike_G+1","Strike_G+1","Defend_G+1","Defend_G+1","Defend_G+1","Defend_G+1","Defend_G+1","Survivor","Neutralize","Dodge and Roll","Cloak And Dagger+1","Backflip","Accuracy+1","Outmaneuver","Sucker Punch","Leg Sweep+1","Dagger Throw","Backflip","Wraith Form v2+1","Terror","Footwork","Dodge and Roll+1","Ghostly+1","Ghostly","Ghostly","Ghostly","Ghostly+1","Malaise","Wraith","Madness","Madness","Backflip+1","Cloak And Dagger"],"relics":["Ectoplasm","Smiling Mask","Kunai","Dead Branch","Busted Crown","Singing Bowl","StrikeDummy","WristBlade","Orichalcum","Frozen Egg 2","Incense Burner"],"acts_visited":["Exordium","TheCity","TheBeyond"],"potions_floor_usage":[10,18,27,29,44,44,50,50],"damage_taken":[{"damage":0,"enemies":"Jaw Worm","floor":1,"turns":4},{"damage":0,"enemies":"Small Slimes","floor":2,"turns":5},{"damage":0,"enemies":"2 Louse","floor":4,"turns":3},{"damage":2,"enemies":"Looter","floor":5,"turns":4},{"damage":22,"enemies":"Gremlin Nob","floor":10,"turns":5},{"damage":9,"enemies":"3 Sentries","floor":11,"turns":12},{"damage":0,"enemies":"Large Slime","floor":12,"turns":6},{"damage":0,"enemies":"Exordium Thugs","floor":14,"turns":5},{"damage":16,"enemies":"The Guardian","floor":16,"turns":11},{"damage":3,"enemies":"3 Byrds","floor":18,"turns":6},{"damage":3,"enemies":"Chosen","floor":19,"turns":3},{"damage":8,"enemies":"Snake Plant","floor":20,"turns":5},{"damage":15,"enemies":"3 Cultists","floor":22,"turns":6},{"damage":4,"enemies":"Cultist and Chosen","floor":24,"turns":6},{"damage":0,"enemies":"Chosen and Byrds","floor":25,"turns":7},{"damage":0,"enemies":"Shelled Parasite and Fungi","floor":27,"turns":4},{"damage":0,"enemies":"Book of Stabbing","floor":29,"turns":6},{"damage":11,"enemies":"Collector","floor":33,"turns":10},{"damage":1,"enemies":"3 Shapes","floor":35,"turns":4},{"damage":0,"enemies":"3 Darklings","floor":37,"turns":6},{"damage":1,"enemies":"Maw","floor":38,"turns":9},{"damage":2,"enemies":"Reptomancer","floor":40,"turns":6},{"damage":0,"enemies":"Jaw Worm Horde","floor":42,"turns":9},{"damage":14,"enemies":"2 Orb Walkers","floor":44,"turns":4},{"damage":0,"enemies":"3 Darklings","floor":45,"turns":8},{"damage":17,"enemies":"Maw","floor":46,"turns":9},{"damage":0,"enemies":"Jaw Worm Horde","floor":48,"turns":4},{"damage":19,"enemies":"Awakened One","floor":50,"turns":20}],"seed_played":"-2323217885334653713","potions_obtained":[{"floor":1,"key":"LiquidMemories"},{"floor":4,"key":"AttackPotion"},{"floor":5,"key":"SpeedPotion"},{"floor":16,"key":"Fire Potion"},{"floor":19,"key":"Regen Potion"},{"floor":24,"key":"SkillPotion"},{"floor":25,"key":"Strength Potion"},{"floor":40,"key":"SteroidPotion"},{"floor":44,"key":"Dexterity Potion"},{"floor":48,"key":"Strength Potion"}],"is_trial":false,"path_per_floor":["M","M","$","M","M","R","?","?","T","E","?","M","R","M","R","B",null,"M","M","M","?","M","R","M","M","T","M","R","E","?","?","R","B",null,"M","?","M","M","?","E","R","M","T","?","M","M","R","M","R","B",null],"character_chosen":"THE_SILENT","items_purchased":["Backflip"],"campfire_rested":4,"item_purchase_floors":[3],"current_hp_per_floor":[70,70,70,70,68,68,73,73,73,51,42,42,42,42,64,48,68,65,62,54,54,39,39,35,35,35,37,60,62,39,36,36,25,36,37,37,39,40,34,32,32,34,34,34,34,19,34,36,51,32],"gold":18,"neow_bonus":"BOSS_RELIC","is_daily":false,"chose_seed":false,"campfire_upgraded":5,"win_rate":0.0,"timestamp":1610172277,"path_taken":["M","M","$","M","M","R","?","?","T","E","?","M","R","M","R","BOSS","M","M","M","?","M","R","M","M","T","M","R","E","?","?","R","BOSS","M","?","M","M","?","E","R","M","T","?","M","M","R","M","R","BOSS"],"items_purchased_type":["Card"],"build_version":"2020-12-22","purchased_purges":0,"victory":true,"max_hp_per_floor":[70,70,70,70,70,70,75,75,75,75,75,75,75,75,75,75,75,75,75,75,75,75,75,75,75,75,77,77,79,39,39,39,39,39,41,41,43,45,45,45,45,47,47,49,49,51,51,53,53,53],"relic_stats":{"Busted Crown":36,"Singing Bowl":18,"counters":[28,187],"Dead Branch":[221],"Ectoplasm":704,"Kunai":[63],"Orichalcum":[42],"Smiling Mask":0,"obtain_stats":[{"Busted Crown":17,"Singing Bowl":26,"WristBlade":34,"Dead Branch":11,"Ectoplasm":0,"Incense Burner":44,"Kunai":10,"Orichalcum":40,"Frozen Egg 2":43,"Smiling Mask":9,"StrikeDummy":29,"Ring of the Snake":0},{"Busted Crown":9,"Singing Bowl":15,"WristBlade":18,"Dead Branch":6,"Ectoplasm":0,"Incense Burner":24,"Kunai":5,"Orichalcum":22,"Frozen Egg 2":23,"Smiling Mask":4,"StrikeDummy":17,"Ring of the Snake":0},{"Busted Crown":55,"Singing Bowl":88,"WristBlade":108,"Dead Branch":33,"Ectoplasm":0,"Incense Burner":146,"Kunai":21,"Orichalcum":133,"Frozen Egg 2":142,"Smiling Mask":16,"StrikeDummy":98,"Ring of the Snake":0}]},"card_choices":[{"not_picked":["Catalyst","Distraction"],"picked":"Dodge and Roll","floor":1},{"not_picked":["Quick Slash","Eviscerate"],"picked":"Cloak And Dagger","floor":2},{"not_picked":["Bouncing Flask","Backstab"],"picked":"Accuracy","floor":4},{"not_picked":["Well Laid Plans","Prepared"],"picked":"Outmaneuver","floor":5},{"not_picked":["Dagger Spray","Eviscerate"],"picked":"Sucker Punch","floor":10},{"not_picked":["Dagger Spray","Escape Plan"],"picked":"Leg Sweep","floor":11},{"not_picked":["Skewer","Setup"],"picked":"Dagger Throw","floor":12},{"not_picked":["Reflex","Venomology"],"picked":"Backflip","floor":14},{"not_picked":["Glass Knife","Bullet Time"],"picked":"Wraith Form v2","floor":16},{"not_picked":[],"picked":"Terror","floor":18},{"not_picked":["Flying Knee"],"picked":"SKIP","floor":19},{"not_picked":["Deadly Poison"],"picked":"SKIP","floor":20},{"not_picked":["All Out Attack"],"picked":"SKIP","floor":22},{"not_picked":[],"picked":"Footwork","floor":24},{"not_picked":[],"picked":"Dodge and Roll+1","floor":25},{"not_picked":["Quick Slash"],"picked":"Singing Bowl","floor":27},{"not_picked":["Prepared+1"],"picked":"Singing Bowl","floor":29},{"not_picked":[],"picked":"Malaise","floor":33},{"not_picked":["Expertise+1"],"picked":"Singing Bowl","floor":35},{"not_picked":["Reflex"],"picked":"Singing Bowl","floor":37},{"not_picked":["Deflect+1"],"picked":"Singing Bowl","floor":38},{"not_picked":[],"picked":"Backflip+1","floor":40},{"not_picked":["Finisher+1"],"picked":"Singing Bowl","floor":42},{"not_picked":["Bane"],"picked":"Singing Bowl","floor":44},{"not_picked":[],"picked":"Cloak And Dagger","floor":45},{"not_picked":["Dagger Throw"],"picked":"Singing Bowl","floor":46},{"not_picked":["Poisoned Stab"],"picked":"Singing Bowl","floor":48}],"player_experience":460442,"relics_obtained":[{"floor":9,"key":"Smiling Mask"},{"floor":10,"key":"Kunai"},{"floor":11,"key":"Dead Branch"},{"floor":26,"key":"Singing Bowl"},{"floor":29,"key":"StrikeDummy"},{"floor":40,"key":"Orichalcum"},{"floor":43,"key":"Frozen Egg 2"},{"floor":44,"key":"Incense Burner"}],"event_choices":[{"damage_healed":0,"gold_gain":0,"player_choice":"Donut","damage_taken":0,"max_hp_gain":5,"max_hp_loss":0,"event_name":"Big Fish","floor":7,"gold_loss":0},{"damage_healed":0,"gold_gain":0,"player_choice":"Grow","damage_taken":0,"max_hp_gain":0,"max_hp_loss":0,"event_name":"Living Wall","floor":8,"gold_loss":0,"cards_upgraded":["Accuracy"]},{"damage_healed":0,"gold_gain":0,"player_choice":"Searched \u00271\u0027 times","damage_taken":0,"max_hp_gain":0,"max_hp_loss":0,"event_name":"Dead Adventurer","floor":11,"gold_loss":0},{"damage_healed":0,"gold_gain":0,"player_choice":"Simplicity","damage_taken":0,"max_hp_gain":0,"max_hp_loss":0,"event_name":"Back to Basics","floor":21,"gold_loss":0,"cards_upgraded":["Strike_G","Strike_G","Strike_G","Strike_G","Strike_G","Defend_G","Defend_G","Defend_G","Defend_G","Defend_G"]},{"damage_healed":0,"gold_gain":0,"player_choice":"Became a Ghost","damage_taken":0,"max_hp_gain":0,"max_hp_loss":40,"event_name":"Ghosts","floor":30,"gold_loss":0,"cards_obtained":["Ghostly","Ghostly","Ghostly","Ghostly","Ghostly"]},{"damage_healed":0,"gold_gain":0,"player_choice":"Damaged","damage_taken":3,"max_hp_gain":0,"max_hp_loss":0,"event_name":"Wheel of Change","floor":31,"gold_loss":0},{"damage_healed":0,"gold_gain":0,"player_choice":"Ignored","damage_taken":0,"max_hp_gain":0,"max_hp_loss":0,"event_name":"OrinTheCat","floor":36,"gold_loss":0},{"damage_healed":0,"gold_gain":0,"player_choice":"Embrace Madness","damage_taken":6,"max_hp_gain":0,"max_hp_loss":0,"event_name":"Winding Halls","floor":39,"gold_loss":0,"cards_obtained":["Madness","Madness"]},{"damage_healed":0,"gold_gain":0,"player_choice":"Fight","damage_taken":0,"max_hp_gain":0,"max_hp_loss":0,"event_name":"Mysterious Sphere","floor":44,"gold_loss":0}],"is_beta":false,"boss_relics":[{"not_picked":["Empty Cage","Black Star"],"picked":"Busted Crown"},{"not_picked":["Fusion Hammer","Calling Bell"],"picked":"WristBlade"}],"items_purged_floors":[],"is_endless":false,"potions_floor_spawned":[1,4,5,16,19,20,24,25,40,44,48],"ascension_level":5}}