{"host":"627up2rvtmm0cf0r","time":1610160615,"event":{"mods":["ATMod(阿瑾Mod)","Act Like it!","BaseMod","Better Vampires","CapriCore","Card Filter","Card Forge","Colored Powertips","DeckTracker","Dota2Spire","Friendly Minions","Highlight Path","Infinite Spire","Jedi Mod","Marked Mod","Mimic Mod","Minty Spire (QoL Compilation)","MostiFishMod","Permanent Neow","Practice Mode","Quick Restart","Relic Stats","Shop Mod","Spicy Shops","StSLib","SuperFastMode","TestMod","The Marked","【遗物卡牌】REMEMod","残留之物","篝火指南"],"gold_per_floor":[133,163,198,49,85,85,143,205,205,205,347,347,438,489,140,269,269,307,307,307,344,358,418,418,418,418,461,516,636,713,850,850,972,972,1012,1156,936,1022,1097,1226,1226,1136,1162,1215,1327,1435,1478,1478,1478,1603,1603,1211,921,1004,1029],"floor_reached":56,"playtime":2387,"items_purged":["Strike_G","Strike_G","Strike_G","HandOfGreed+1","Survivor","Defend_G"],"score":1857,"play_id":"3d08d558-d02f-4f9d-80b8-64a40d45c441","local_time":"20210109105015","is_ascension_mode":true,"campfire_choices":[{"data":"HandOfGreed","floor":6,"key":"SMITH"},{"data":"AT_FocusSwordFire","floor":10,"key":"SMITH"},{"data":"Discovery","floor":25,"key":"SMITH"},{"data":"AT_ThistleTea","floor":32,"key":"SMITH"},{"floor":49,"key":"RECALL"}],"circlet_count":0,"master_deck":["Defend_G","Defend_G","Defend_G+1","Defend_G","Neutralize","AT_FocusSwordFire+1","Escape Plan","Discovery+1","AT_ThistleTea+1","MostiFishMod:Listen","AT_EssenceShift"],"relics":["Ring of the Snake","Hammer of Thor","Seething Fire","Anvil of the Gods","DaveBox","testmod-TestBox","REME_ComplimentaryCards","AT_ATBox","NeowsBlessing","testmod-SaigiyounoYou","Nloth\u0027s Gift","SynthV:TestCard","SynthV:C4","REME_IWantAll","Pear","Dota2Spire:BladeMail","Black Star","Dota2Spire:OctarineCore","Question Card","Membership Card","Ornamental Fan","Matryoshka","AT_MibuBalloonWealth","Letter Opener","AT_SpeedBoots","testmod-NegativeEmotionEnhancer","AT_BellDemon","Dodecahedron","Paper Crane","AT_ArchangelStaff","Akabeko","Pen Nib","Dream Catcher","infinitespire:BottledMercury","Dota2Spire:Mjollnir","Shuriken","Dota2Spire:EchoSabre","infinitespire:Joker Card","infinitespire:Satchel","Dota2Spire:PhaseBoots","testmod-InfectionSource","Dota2Spire:DrumOfEndurance","jedi:Pinwheel","jedi:bottledfury","AT_DeathDance","Happy Flower","jedi:crownofsimplicity","AT_ForceNature","REME_HourglassOfDeath"],"acts_visited":["Exordium","TheCity","TheBeyond","TheEnding"],"potions_floor_usage":[7,14],"damage_taken":[{"damage":0,"enemies":"infinitespire:Voidling","floor":1,"turns":1},{"damage":0,"enemies":"Cultist","floor":2,"turns":1},{"damage":0,"enemies":"Jaw Worm","floor":3,"turns":3},{"damage":0,"enemies":"Red Slaver","floor":5,"turns":4},{"damage":40,"enemies":"Lagavulin","floor":7,"turns":5},{"damage":29,"enemies":"Gremlin Gang","floor":8,"turns":5},{"damage":28,"enemies":"Lots of Slimes","floor":11,"turns":10},{"damage":5,"enemies":"3 Louse","floor":13,"turns":5},{"damage":18,"enemies":"Gremlin Nob","floor":14,"turns":4},{"damage":29,"enemies":"The Guardian","floor":16,"turns":14},{"damage":0,"enemies":"Chosen","floor":18,"turns":3},{"damage":11,"enemies":"Shell Parasite","floor":21,"turns":4},{"damage":19,"enemies":"Sentry and Sphere","floor":22,"turns":5},{"damage":34,"enemies":"REME_1_Revenger","floor":23,"turns":6},{"damage":4,"enemies":"Snake Plant","floor":27,"turns":2},{"damage":0,"enemies":"Gremlin Leader","floor":28,"turns":3},{"damage":0,"enemies":"Shelled Parasite and Fungi","floor":29,"turns":5},{"damage":41,"enemies":"REME_1_Revenger","floor":30,"turns":6},{"damage":18,"enemies":"3 Cultists","floor":31,"turns":6},{"damage":7,"enemies":"Champ","floor":33,"turns":7},{"damage":0,"enemies":"Orb Walker","floor":35,"turns":1},{"damage":0,"enemies":"3 Darklings","floor":36,"turns":1},{"damage":0,"enemies":"Sphere and 2 Shapes","floor":38,"turns":1},{"damage":0,"enemies":"infinitespire:Three Voidlings","floor":39,"turns":1},{"damage":0,"enemies":"Reptomancer","floor":40,"turns":2},{"damage":0,"enemies":"Nemesis","floor":44,"turns":1},{"damage":0,"enemies":"4 Shapes","floor":45,"turns":1},{"damage":0,"enemies":"Reptomancer","floor":46,"turns":1},{"damage":0,"enemies":"Spire Growth","floor":47,"turns":1},{"damage":30,"enemies":"infinitespire:MassOfShapes","floor":50,"turns":1},{"damage":0,"enemies":"Shield and Spear","floor":54,"turns":1},{"damage":0,"enemies":"The Heart","floor":55,"turns":3}],"seed_played":"-4960763827268301391","potions_obtained":[{"floor":1,"key":"FearPotion"},{"floor":2,"key":"Ancient Potion"},{"floor":13,"key":"CunningPotion"},{"floor":16,"key":"FearPotion"},{"floor":21,"key":"Explosive Potion"},{"floor":44,"key":"ColorlessPotion"}],"is_trial":false,"path_per_floor":["M","M","M","$","M","R","E","M","T","R","M","?","M","E","R","B",null,"M","?","?","M","M","E","AVR","R","T","M","E","M","E","M","R","B",null,"M","M","$","M","?","E","?","?","T","E","M","E","M","?","R","B",null,"R","$","E","B",null],"character_chosen":"THE_SILENT","items_purchased":["SynthV:C4","Discovery","AT_BellDemon","Dodecahedron","Dota2Spire:DrumOfEndurance","jedi:Pinwheel","jedi:bottledfury","AT_DeathDance","Happy Flower"],"campfire_rested":0,"item_purchase_floors":[4,15,37,37,52,52,52,53,53],"current_hp_per_floor":[70,70,70,70,70,70,38,22,32,32,19,19,23,19,19,16,80,80,80,80,72,63,47,47,47,47,46,64,79,42,42,42,80,80,81,82,82,83,84,85,85,85,85,86,87,88,89,89,89,90,90,90,90,91,92],"gold":1029,"neow_bonus":"THREE_ENEMY_KILL","is_daily":false,"chose_seed":false,"campfire_upgraded":4,"win_rate":0.0,"timestamp":1610160615,"path_taken":["M","M","M","$","M","R","E","?","T","R","M","?","M","E","R","BOSS","M","?","?","M","M","E","AVR","R","T","?","E","?","E","M","R","BOSS","M","M","?","M","?","E","?","?","T","E","?","E","M","?","R","BOSS","R","$","E","BOSS"],"items_purchased_type":["Relic","Card","Relic","Relic","Relic","Relic","Relic","Relic","Relic"],"build_version":"2020-12-22","purchased_purges":6,"victory":true,"max_hp_per_floor":[70,70,70,70,70,70,70,70,80,80,80,80,80,80,80,80,80,80,80,80,80,80,80,80,80,80,80,80,80,80,80,80,80,80,81,82,82,83,84,85,85,85,85,86,87,88,89,89,89,90,90,90,90,91,92],"relic_stats":{"Dream Catcher":0,"Happy Flower":[1],"counters":[32,114],"Ornamental Fan":[396],"Shuriken":[50],"Pen Nib":[20],"Nloth\u0027s Gift":14,"Black Star":7,"Letter Opener":[410],"Question Card":20,"obtain_stats":[{"infinitespire:BottledMercury":44,"AT_ATBox":0,"AT_MibuBalloonWealth":28,"Hammer of Thor":0,"testmod-NegativeEmotionEnhancer":34,"jedi:bottledfury":52,"REME_IWantAll":7,"AT_ArchangelStaff":40,"Dota2Spire:Mjollnir":44,"testmod-InfectionSource":47,"testmod-TestBox":0,"Pear":9,"Dodecahedron":37,"Happy Flower":53,"Pen Nib":40,"Letter Opener":30,"Paper Crane":38,"testmod-SaigiyounoYou":0,"Question Card":23,"Akabeko":40,"AT_SpeedBoots":30,"REME_HourglassOfDeath":54,"Anvil of the Gods":0,"Shuriken":44,"Nloth\u0027s Gift":0,"Black Star":17,"AT_DeathDance":53,"Dota2Spire:PhaseBoots":46,"AT_BellDemon":37,"Dota2Spire:EchoSabre":45,"DaveBox":0,"Dota2Spire:DrumOfEndurance":52,"jedi:Pinwheel":52,"SynthV:C4":4,"Dream Catcher":43,"Matryoshka":28,"Dota2Spire:BladeMail":14,"Ring of the Snake":0,"AT_ForceNature":54,"NeowsBlessing":0,"infinitespire:Joker Card":46,"Seething Fire":0,"jedi:crownofsimplicity":54,"SynthV:TestCard":1,"Ornamental Fan":26,"infinitespire:Satchel":46,"Dota2Spire:OctarineCore":23,"Membership Card":24,"REME_ComplimentaryCards":0},{"infinitespire:BottledMercury":26,"AT_ATBox":0,"AT_MibuBalloonWealth":16,"Hammer of Thor":0,"testmod-NegativeEmotionEnhancer":20,"jedi:bottledfury":30,"REME_IWantAll":5,"AT_ArchangelStaff":25,"Dota2Spire:Mjollnir":26,"testmod-InfectionSource":29,"testmod-TestBox":0,"Pear":6,"Dodecahedron":22,"Happy Flower":30,"Pen Nib":25,"Letter Opener":18,"Paper Crane":23,"testmod-SaigiyounoYou":0,"Question Card":14,"Akabeko":25,"AT_SpeedBoots":18,"REME_HourglassOfDeath":31,"Anvil of the Gods":0,"Shuriken":26,"Nloth\u0027s Gift":0,"Black Star":10,"AT_DeathDance":30,"Dota2Spire:PhaseBoots":28,"AT_BellDemon":22,"Dota2Spire:EchoSabre":27,"DaveBox":0,"Dota2Spire:DrumOfEndurance":30,"jedi:Pinwheel":30,"SynthV:C4":3,"Dream Catcher":25,"Matryoshka":16,"Dota2Spire:BladeMail":9,"Ring of the Snake":0,"AT_ForceNature":31,"NeowsBlessing":0,"infinitespire:Joker Card":28,"Seething Fire":0,"jedi:crownofsimplicity":31,"SynthV:TestCard":1,"Ornamental Fan":14,"infinitespire:Satchel":28,"Dota2Spire:OctarineCore":14,"Membership Card":14,"REME_ComplimentaryCards":0},{"infinitespire:BottledMercury":106,"AT_ATBox":0,"AT_MibuBalloonWealth":75,"Hammer of Thor":0,"testmod-NegativeEmotionEnhancer":99,"jedi:bottledfury":110,"REME_IWantAll":14,"AT_ArchangelStaff":105,"Dota2Spire:Mjollnir":106,"testmod-InfectionSource":109,"testmod-TestBox":0,"Pear":19,"Dodecahedron":101,"Happy Flower":110,"Pen Nib":105,"Letter Opener":86,"Paper Crane":102,"testmod-SaigiyounoYou":0,"Question Card":70,"Akabeko":105,"AT_SpeedBoots":86,"REME_HourglassOfDeath":111,"Anvil of the Gods":0,"Shuriken":106,"Nloth\u0027s Gift":0,"Black Star":52,"AT_DeathDance":110,"Dota2Spire:PhaseBoots":108,"AT_BellDemon":101,"Dota2Spire:EchoSabre":107,"DaveBox":0,"Dota2Spire:DrumOfEndurance":110,"jedi:Pinwheel":110,"SynthV:C4":5,"Dream Catcher":105,"Matryoshka":75,"Dota2Spire:BladeMail":38,"Ring of the Snake":0,"AT_ForceNature":111,"NeowsBlessing":0,"infinitespire:Joker Card":108,"Seething Fire":0,"jedi:crownofsimplicity":111,"SynthV:TestCard":1,"Ornamental Fan":70,"infinitespire:Satchel":108,"Dota2Spire:OctarineCore":70,"Membership Card":70,"REME_ComplimentaryCards":0}],"Ring of the Snake":[64]},"card_choices":[{"not_picked":["Flying Knee","jedi:collectorvenom","Bane"],"picked":"SKIP","floor":1},{"not_picked":["Noxious Fumes","Burst","Quick Slash","Blade Dance","Dagger Throw"],"picked":"SKIP","floor":2},{"not_picked":["Storm of Steel","Slice","Blade Dance","Sucker Punch","Dagger Throw"],"picked":"SKIP","floor":3},{"not_picked":["AT_WindFlip","Deflect","Flying Knee","MostiFishMod:PoisonShield","MostiFishMod:PerfectParry"],"picked":"SKIP","floor":5},{"not_picked":["Burst","Reflex","AT_ThistleTea","Catalyst"],"picked":"Escape Plan","floor":7},{"not_picked":["Reflex","Acrobatics","jedi:pocketpoison","Backflip","Sucker Punch"],"picked":"SKIP","floor":8},{"not_picked":["Tactician","infinitespire:Neurotoxin","Bane","Poisoned Stab","AT_ArcaneSupremacy"],"picked":"SKIP","floor":11},{"not_picked":["Dagger Spray","Sucker Punch","Blade Dance","jedi:pocketpoison","Bane"],"picked":"SKIP","floor":13},{"not_picked":["Terror","Envenom","Leg Sweep","Slice","AT_WindFlip"],"picked":"SKIP","floor":14},{"not_picked":["jedi:pocketpoison","MostiFishMod:FrostNova+1","Sucker Punch+1","Acrobatics","Dodge and Roll+1"],"picked":"SKIP","floor":18},{"not_picked":["Underhanded Strike+1","Flying Knee","Eviscerate","REME_GreenPollution+1","Cloak And Dagger"],"picked":"SKIP","floor":21},{"not_picked":["jedi:unstablefumes","Backstab","Dodge and Roll","Prepared+1","Bane"],"picked":"SKIP","floor":22},{"not_picked":["Blade Dance+1","Leg Sweep","Unload","Prepared"],"picked":"AT_ThistleTea","floor":23},{"not_picked":["Blur","PiercingWail+1","Backflip+1","Underhanded Strike","AT_TinkerSharpsword","Tactician"],"picked":"SKIP","floor":27},{"not_picked":["Quick Slash","Catalyst","Dash","MostiFishMod:AdrenalineArouse","Underhanded Strike","jedi:unstablefumes"],"picked":"SKIP","floor":28},{"not_picked":["Tactician","REME_ShadowStrike","Masterful Stab+1","jedi:pocketpoison+1","Deflect","Terror"],"picked":"SKIP","floor":29},{"not_picked":["REME_ShadowStrike","MostiFishMod:ShivMaster","Escape Plan","Blade Dance","Dagger Spray","Die Die Die"],"picked":"SKIP","floor":30},{"not_picked":["Blade Dance","Predator+1","Backstab","AT_KneejerkReflex","Flying Knee","Cloak And Dagger"],"picked":"SKIP","floor":31},{"not_picked":["MostiFishMod:FullyArmed","jedi:studypoison","Malaise","AT_EssenceShift","MostiFishMod:Opportunism"],"picked":"MostiFishMod:Listen","floor":33},{"not_picked":["Cloak And Dagger+1","jedi:collectorvenom+1","jedi:acidrain","Slice","Backflip+1","Dodge and Roll"],"picked":"SKIP","floor":35},{"not_picked":["Prepared+1","Acrobatics+1","MostiFishMod:PerfectParry","Masterful Stab+1","Dagger Throw","REME_SpectralBlade"],"picked":"SKIP","floor":36},{"not_picked":["jedi:poisonivy","All Out Attack","Venomology","AT_WindFlip","Sucker Punch","Distraction"],"picked":"SKIP","floor":38},{"not_picked":["Expertise+1","MostiFishMod:Wind","jedi:collectorvenom+1","Infinite Blades","Envenom","Slice+1"],"picked":"SKIP","floor":40},{"not_picked":["MostiFishMod:LethalBlade","Sucker Punch+1","Expertise","Poisoned Stab","Bane+1","jedi:pocketpoison"],"picked":"SKIP","floor":44},{"not_picked":["Cloak And Dagger+1","AT_TinkerSharpsword+1","AT_WindRun","Blade Dance","Outmaneuver+1"],"picked":"AT_EssenceShift","floor":45},{"not_picked":["Sucker Punch+1","Quick Slash","Flying Knee","MostiFishMod:Confrontation","jedi:studyshivs","jedi:pocketpoison"],"picked":"SKIP","floor":46},{"not_picked":["Blade Dance+1","AT_WindFlip","Outmaneuver","MostiFishMod:ShivMaster","Envenom","Backstab"],"picked":"SKIP","floor":47},{"not_picked":["Escape Plan+1","Choke+1","Blur","Slice","Finisher+1","Bullet Time"],"picked":"SKIP","floor":54}],"player_experience":81502,"relics_obtained":[{"floor":1,"key":"SynthV:TestCard"},{"floor":7,"key":"REME_IWantAll"},{"floor":9,"key":"Pear"},{"floor":14,"key":"Dota2Spire:BladeMail"},{"floor":23,"key":"Dota2Spire:OctarineCore"},{"floor":23,"key":"Question Card"},{"floor":26,"key":"Ornamental Fan"},{"floor":28,"key":"Matryoshka"},{"floor":28,"key":"AT_MibuBalloonWealth"},{"floor":30,"key":"Letter Opener"},{"floor":30,"key":"AT_SpeedBoots"},{"floor":38,"key":"Paper Crane"},{"floor":40,"key":"AT_ArchangelStaff"},{"floor":40,"key":"Akabeko"},{"floor":40,"key":"Pen Nib"},{"floor":43,"key":"Dream Catcher"},{"floor":44,"key":"infinitespire:BottledMercury"},{"floor":44,"key":"Dota2Spire:Mjollnir"},{"floor":44,"key":"Shuriken"},{"floor":45,"key":"Dota2Spire:EchoSabre"},{"floor":46,"key":"infinitespire:Joker Card"},{"floor":46,"key":"infinitespire:Satchel"},{"floor":46,"key":"Dota2Spire:PhaseBoots"},{"floor":47,"key":"testmod-InfectionSource"},{"floor":54,"key":"jedi:crownofsimplicity"},{"floor":54,"key":"AT_ForceNature"},{"floor":54,"key":"REME_HourglassOfDeath"}],"event_choices":[{"damage_healed":0,"gold_gain":0,"player_choice":"Bought 0 Potions","damage_taken":0,"max_hp_gain":0,"max_hp_loss":0,"event_name":"The Woman in Blue","floor":12,"gold_loss":0},{"damage_healed":0,"gold_gain":0,"player_choice":"Ignored","damage_taken":0,"max_hp_gain":0,"max_hp_loss":0,"event_name":"Ghosts","floor":19,"gold_loss":0},{"damage_healed":0,"gold_gain":0,"cards_transformed":["Strike_G"],"player_choice":"Transformed","damage_taken":0,"max_hp_gain":0,"max_hp_loss":0,"event_name":"Transmorgrifier","floor":20,"gold_loss":0,"cards_obtained":["MostiFishMod:GrandStart"]},{"cards_removed":["Strike_G"],"damage_healed":0,"gold_gain":0,"player_choice":"Removed Attack","damage_taken":0,"max_hp_gain":0,"max_hp_loss":0,"event_name":"Falling","floor":41,"gold_loss":0},{"cards_removed":["MostiFishMod:GrandStart"],"damage_healed":0,"gold_gain":0,"player_choice":"Upgrade and Remove","damage_taken":0,"max_hp_gain":0,"max_hp_loss":0,"event_name":"Designer","floor":42,"gold_loss":90,"cards_upgraded":["Defend_G"]},{"damage_healed":0,"gold_gain":0,"player_choice":"Ignored","damage_taken":0,"max_hp_gain":0,"max_hp_loss":0,"event_name":"给自己的盒子","floor":48,"gold_loss":0}],"is_beta":false,"boss_relics":[{"not_picked":["Sozu","testmod-KeyOfTheVoid"],"picked":"Black Star"},{"not_picked":["jedi:battlestandard","jedi:paperlyon"],"picked":"testmod-NegativeEmotionEnhancer"}],"items_purged_floors":[4,15,24,37,52,53],"is_endless":false,"potions_floor_spawned":[1,2,13,16,21,23,28,29,33,35,39,44,45],"ascension_level":2}}