{"host":"1rf9pknejqhzkc4o","time":1610226545,"event":{"mods":["Aspiration","BaseMod","Better Altar","Better Match","Better Note","Better Sensory Stone","Better Skull","Better Third Choice","Colored Map","Colored Powertips","Communication Mod","Conspire","Energized Spire","Hubris","Infinite Spire","Ironclad Rager","Minty Spire (QoL Compilation)","Quick Restart","RNG Fix","Rare Cards Sparkle","Relic Stats","Replay The Spire","Retaliation","Spicy Shops","StSLib","The Blue Laboratory","Trackpad"],"gold_per_floor":[118,132,152,177,192,192,206,206,233,252,252,286,286,298,298,298,298],"floor_reached":16,"playtime":907,"items_purged":[],"score":104,"play_id":"73d80555-411c-4bae-8abe-4459c5e8b5dc","local_time":"20210110000905","is_ascension_mode":false,"campfire_choices":[{"floor":6.0,"key":"REST"},{"data":"Alpha","floor":8.0,"key":"SMITH"},{"floor":11.0,"key":"REST"},{"floor":15.0,"key":"REST"}],"circlet_count":0,"master_deck":["Strike_P","Strike_P","Strike_P","Strike_P","Defend_P","Defend_P","Defend_P+1","Defend_P+1","Eruption","Vigilance","FollowUp","Collect","Worship","Pride","EmptyBody","Alpha+1","FollowUp","CrushJoints","ClearTheMind"],"relics":["PureWater","aspiration:Nostalgia","Ring of the Snake","aspiration:HiddenCompartment","Dream Catcher","hubris:MobiusCoin","War Paint"],"acts_visited":["Exordium"],"potions_floor_usage":[16],"damage_taken":[{"damage":8.0,"enemies":"Small Slimes","floor":1.0,"turns":3.0},{"damage":0.0,"enemies":"Cultist","floor":2.0,"turns":2.0},{"damage":5.0,"enemies":"2 Louse","floor":3.0,"turns":2.0},{"damage":10.0,"enemies":"Gremlin Gang","floor":5.0,"turns":3.0},{"damage":7.0,"enemies":"Blue Slaver","floor":7.0,"turns":4.0},{"damage":16.0,"enemies":"Exordium Wildlife","floor":10.0,"turns":6.0},{"damage":15.0,"enemies":"Lagavulin","floor":12.0,"turns":6.0},{"damage":10.0,"enemies":"Exordium Thugs","floor":14.0,"turns":6.0},{"damage":64,"enemies":"Hexaghost","floor":16,"turns":11}],"seed_played":"2504112668425494253","potions_obtained":[{"floor":3.0,"key":"blueLaboratory:ExaltedPotion"},{"floor":7.0,"key":"PowerPotion"},{"floor":12.0,"key":"Reflective Coating"},{"floor":14.0,"key":"blueLaboratory:FrostheartPotion"}],"is_trial":false,"path_per_floor":["M","M","M","T","M","R","M","R","T","M","R","E","?","M","R","B"],"character_chosen":"WATCHER","items_purchased":[],"campfire_rested":3,"item_purchase_floors":[],"current_hp_per_floor":[64,64,59,59,49,70,63,63,63,47,68,53,53,43,64,0,0],"gold":298,"neow_bonus":"NOSTALGIA","is_daily":false,"chose_seed":false,"campfire_upgraded":1,"win_rate":0.0,"timestamp":1610226545,"path_taken":["M","M","?","?","M","R","?","R","T","?","R","E","?","M","R","BOSS"],"items_purchased_type":[],"build_version":"2020-12-22","purchased_purges":0,"victory":false,"max_hp_per_floor":[72,72,72,72,72,72,72,72,72,72,72,72,72,72,72,72,72],"relic_stats":{"Dream Catcher":2,"counters":[9,43],"War Paint":["Defend_P","Defend_P"],"obtain_stats":[{"hubris:MobiusCoin":12,"Dream Catcher":9,"aspiration:Nostalgia":0,"PureWater":0,"War Paint":13,"aspiration:HiddenCompartment":4,"Ring of the Snake":0},{"hubris:MobiusCoin":7,"Dream Catcher":5,"aspiration:Nostalgia":0,"PureWater":0,"War Paint":7,"aspiration:HiddenCompartment":3,"Ring of the Snake":0},{"hubris:MobiusCoin":26,"Dream Catcher":14,"aspiration:Nostalgia":0,"PureWater":0,"War Paint":26,"aspiration:HiddenCompartment":7,"Ring of the Snake":0}],"Ring of the Snake":[18]},"card_choices":[{"not_picked":["Replay:BluntJabs","Replay:Vibes"],"picked":"FollowUp","floor":1.0},{"not_picked":["Crescendo","PathToVictory"],"picked":"Collect","floor":2.0},{"not_picked":["Replay:BluntJabs","PathToVictory"],"picked":"Worship","floor":3.0},{"not_picked":["WaveOfTheHand","JustLucky"],"picked":"EmptyBody","floor":5.0},{"not_picked":["Adaptation","Replay:AtTheReady"],"picked":"Alpha","floor":7.0},{"not_picked":["CutThroughFate","Prostrate"],"picked":"FollowUp","floor":10.0},{"not_picked":["Crescendo","BattleHymn","EmptyMind"],"picked":"SKIP","floor":12.0},{"not_picked":["ThirdEye","SashWhip"],"picked":"CrushJoints","floor":14.0},{"not_picked":["DeceiveReality","FlyingSleeves"],"picked":"ClearTheMind","floor":15.0}],"player_experience":169340,"relics_obtained":[{"floor":4.0,"key":"aspiration:HiddenCompartment"},{"floor":9.0,"key":"Dream Catcher"},{"floor":12.0,"key":"hubris:MobiusCoin"}],"event_choices":[{"damage_healed":0.0,"max_hp_gain":0.0,"max_hp_loss":0.0,"gold_gain":0.0,"event_name":"WeMeetAgain","player_choice":"Gave Potion","floor":13.0,"gold_loss":0.0,"damage_taken":0.0,"relics_obtained":["War Paint"]}],"is_beta":false,"boss_relics":[],"items_purged_floors":[],"is_endless":false,"potions_floor_spawned":[3,7,12,14],"killed_by":"Hexaghost","ascension_level":0}}