{"host":"6jrnojxwearbrjzo","time":1610217242,"event":{"mods":["BaseMod","Colored Map","Minty Spire (QoL Compilation)","Replay The Spire","Shop Mod","Spicy Shops","StSLib","The Cursed","The Servant 0.9.4","vexMod"],"gold_per_floor":[116,116,127,170,11,42,53,83,108,14,43,43,18,29,29,134,134,151,53,53,72,72,72,72,72,99,114,114,114,114,129,129,224,224,238,238,338,356,656,670,690,701,701,701,728,773,773,785,785,785,785],"floor_reached":50,"playtime":2464,"items_purged":[],"score":553,"play_id":"eb093e65-f107-41c1-87f2-177678a294d9","local_time":"20210110023402","is_ascension_mode":false,"campfire_choices":[{"floor":12.0,"key":"REST"},{"data":"Tactician","floor":15.0,"key":"SMITH"},{"data":"Venomology","floor":23.0,"key":"SMITH"},{"data":"Dagger Spray","floor":25.0,"key":"SMITH"},{"data":"Envenom","floor":29.0,"key":"SMITH"},{"data":"Doppelganger","floor":32.0,"key":"SMITH"},{"floor":44.0,"key":"REST"},{"floor":47.0,"key":"REST"},{"floor":49,"key":"REST"}],"circlet_count":0,"master_deck":["Strike_G","Strike_G","Strike_G","Strike_G","Defend_G","Defend_G","Defend_G","Survivor","Neutralize","Doppelganger+1","Prepared","Finisher","Dagger Spray+1","Acrobatics","Venomology+1","Well Laid Plans","Tactician+1","Cloak And Dagger","Envenom+1","Blade Dance","Venomology+1","ReplayTheSpireMod:Necrosis","Catalyst+1","Draining Mist","Calculated Gamble+1","Acrobatics+1"],"relics":["Ring of the Serpent","Bottled Lightning","Anchor","Replay:Rubber Ducky","Boot","Tough Bandages","Odd Mushroom","Empty Cage","Potion Belt","Ring of Hypnosis","ReplayTheSpireMod:Ring of Exchange","Replay:WaspNest","vexMod:InvisibilityCloak","Gambling Chip"],"acts_visited":["Exordium","TheCity","TheBeyond"],"potions_floor_usage":[48,48,50,50,50],"damage_taken":[{"damage":0.0,"enemies":"Cultist","floor":1.0,"turns":4.0},{"damage":0.0,"enemies":"Small Slimes","floor":3.0,"turns":5.0},{"damage":5.0,"enemies":"3 Sentries","floor":6.0,"turns":6.0},{"damage":0.0,"enemies":"2 Louse","floor":7.0,"turns":3.0},{"damage":23.0,"enemies":"Lagavulin","floor":8.0,"turns":5.0},{"damage":3.0,"enemies":"The Mushroom Lair","floor":11.0,"turns":3.0},{"damage":0.0,"enemies":"Gremlin Gang","floor":14.0,"turns":2.0},{"damage":30.0,"enemies":"Slime Boss","floor":16.0,"turns":13.0},{"damage":1.0,"enemies":"2 Thieves","floor":18.0,"turns":3.0},{"damage":0.0,"enemies":"Shell Parasite","floor":21.0,"turns":6.0},{"damage":19.0,"enemies":"3 Cultists","floor":27.0,"turns":6.0},{"damage":8.0,"enemies":"Shelled Parasite and Fungi","floor":31.0,"turns":5.0},{"damage":4.0,"enemies":"Pondfish","floor":33.0,"turns":6.0},{"damage":0.0,"enemies":"3 Shapes","floor":35.0,"turns":3.0},{"damage":7.0,"enemies":"Orb Walker","floor":38.0,"turns":3.0},{"damage":18.0,"enemies":"Writhing Mass","floor":40.0,"turns":5.0},{"damage":6.0,"enemies":"3 Darklings","floor":41.0,"turns":6.0},{"damage":34.0,"enemies":"Spire Growth","floor":42.0,"turns":4.0},{"damage":0.0,"enemies":"Reptomancer","floor":45.0,"turns":7.0},{"damage":59.0,"enemies":"2 Orb Walkers","floor":46.0,"turns":5.0},{"damage":6,"enemies":"Jaw Worm Horde","floor":48,"turns":4},{"damage":54,"enemies":"Donu and Deca","floor":50,"turns":6}],"seed_played":"5591186905683521016","potions_obtained":[{"floor":3.0,"key":"FearPotion"},{"floor":7.0,"key":"Fruit Juice"},{"floor":8.0,"key":"Elixir"},{"floor":14.0,"key":"Block Potion"},{"floor":16.0,"key":"BlessingOfTheForge"},{"floor":21.0,"key":"LiquidBronze"},{"floor":33.0,"key":"FearPotion"},{"floor":41.0,"key":"Adrenaline Potion"},{"floor":42.0,"key":"BlessingOfTheForge"},{"floor":48,"key":"Dexterity Potion"}],"is_trial":false,"path_per_floor":["M","?","M","?","$","E","M","E","T","$","?","R","?","M","R","B",null,"M","$","?","M","?","R","?","R","T","M","?","R","?","M","R","B",null,"M","?","?","M","?","M","M","M","T","R","E","?","R","M","R","B"],"character_chosen":"THE_SILENT","items_purchased":["Dagger Spray","CunningPotion","Acrobatics","Tough Bandages","CultistPotion"],"campfire_rested":4,"item_purchase_floors":[5,5,5,10,19],"current_hp_per_floor":[70,63,63,46,46,41,46,23,23,23,20,42,42,42,42,12,75,74,74,74,74,74,74,74,74,74,55,55,55,41,33,33,29,80,80,80,80,73,73,55,49,15,15,39,39,6,30,24,48,0,0],"gold":785,"neow_bonus":"ONE_RANDOM_RARE_CARD","is_daily":false,"chose_seed":false,"campfire_upgraded":5,"win_rate":0.0,"timestamp":1610217242,"path_taken":["M","?","?","?","$","E","?","E","T","$","?","R","?","M","R","BOSS","M","$","?","M","?","R","?","R","T","?","?","R","?","M","R","BOSS","M","?","?","?","?","M","?","M","T","R","E","?","R","M","R","BOSS"],"items_purchased_type":["Card","Potion","Card","Relic","Potion"],"build_version":"2020-12-22","purchased_purges":0,"victory":false,"max_hp_per_floor":[70,70,70,70,70,70,75,75,75,75,75,75,75,75,75,75,75,75,75,75,75,75,75,75,75,75,75,75,75,80,80,80,80,80,80,80,80,80,80,80,80,80,80,80,80,80,80,80,80,80,80],"card_choices":[{"not_picked":["Sucker Punch","Outmaneuver","Endless Agony"],"picked":"SKIP","floor":1.0},{"not_picked":["Slice","Outmaneuver"],"picked":"Prepared","floor":3.0},{"not_picked":["Prepared","Dagger Spray"],"picked":"Finisher","floor":4.0},{"not_picked":["PiercingWail","Skewer","Infinite Blades"],"picked":"SKIP","floor":6.0},{"not_picked":["Footwork","Underhanded Strike"],"picked":"Venomology","floor":7.0},{"not_picked":["Poisoned Stab","Replay:Poison Smokescreen"],"picked":"Well Laid Plans","floor":8.0},{"not_picked":["Finisher","Flying Knee"],"picked":"Tactician","floor":11.0},{"not_picked":["Bane","Outmaneuver"],"picked":"Cloak And Dagger","floor":14.0},{"not_picked":["Venomology","Corpse Explosion"],"picked":"Envenom","floor":16.0},{"not_picked":["Deflect","Dodge and Roll","Hidden Blade"],"picked":"SKIP","floor":18.0},{"not_picked":["Hidden Blade","PiercingWail"],"picked":"Blade Dance","floor":21.0},{"not_picked":["Footwork+1","A Thousand Cuts","Dodge and Roll+1"],"picked":"SKIP","floor":27.0},{"not_picked":["Finisher","Dagger Spray","Blur"],"picked":"SKIP","floor":31.0},{"not_picked":["Unload","ReplayTheSpireMod:From All Sides"],"picked":"ReplayTheSpireMod:Necrosis","floor":33.0},{"not_picked":["Sucker Punch","All Out Attack+1","Dagger Throw+1"],"picked":"SKIP","floor":35.0},{"not_picked":["Underhanded Strike+1","Slice+1","Blur+1"],"picked":"SKIP","floor":38.0},{"not_picked":["Hidden Blade+1","Acrobatics"],"picked":"Catalyst+1","floor":40.0},{"not_picked":["Footwork+1","Endless Agony","Dagger Throw"],"picked":"SKIP","floor":41.0},{"not_picked":["Dagger Throw","Leg Sweep"],"picked":"Draining Mist","floor":42.0},{"not_picked":["Deadly Poison+1","PiercingWail","Backflip+1"],"picked":"SKIP","floor":45.0},{"not_picked":["Backflip+1","Dagger Spray"],"picked":"Calculated Gamble+1","floor":46.0},{"not_picked":["Setup","Riddle With Holes"],"picked":"Acrobatics+1","floor":48}],"player_experience":43495,"relics_obtained":[{"floor":4.0,"key":"Bottled Lightning"},{"floor":6.0,"key":"Anchor"},{"floor":8.0,"key":"Replay:Rubber Ducky"},{"floor":9.0,"key":"Boot"},{"floor":11.0,"key":"Odd Mushroom"},{"floor":26.0,"key":"Potion Belt"},{"floor":36.0,"key":"Ring of Hypnosis"},{"floor":36.0,"key":"ReplayTheSpireMod:Ring of Exchange"},{"floor":43.0,"key":"Replay:WaspNest"},{"floor":45.0,"key":"vexMod:InvisibilityCloak"},{"floor":46.0,"key":"Gambling Chip"}],"event_choices":[{"damage_healed":0.0,"max_hp_gain":0.0,"max_hp_loss":0.0,"gold_gain":0.0,"event_name":"Wheel of Change","player_choice":"Damaged","floor":2.0,"gold_loss":0.0,"damage_taken":7.0},{"damage_healed":0.0,"max_hp_gain":0.0,"max_hp_loss":0.0,"gold_gain":0.0,"event_name":"Mushrooms","player_choice":"Fought Mushrooms","floor":11.0,"gold_loss":0.0,"damage_taken":0.0},{"damage_healed":0.0,"max_hp_gain":0.0,"max_hp_loss":0.0,"gold_gain":0.0,"event_name":"Vampires","player_choice":"Ignored","floor":22.0,"gold_loss":0.0,"damage_taken":0.0},{"damage_healed":0.0,"max_hp_gain":0.0,"max_hp_loss":0.0,"gold_gain":0.0,"event_name":"Duplicator","player_choice":"Copied","floor":24.0,"gold_loss":0.0,"damage_taken":0.0,"cards_obtained":["Venomology"]},{"cards_removed":["Defend_G"],"damage_healed":0.0,"max_hp_gain":0.0,"max_hp_loss":0.0,"gold_gain":0.0,"event_name":"Back to Basics","player_choice":"Elegance","floor":28.0,"gold_loss":0.0,"damage_taken":0.0},{"damage_healed":0.0,"max_hp_gain":5.0,"max_hp_loss":0.0,"gold_gain":0.0,"event_name":"Forgotten Altar","player_choice":"Shed Blood","floor":30.0,"gold_loss":0.0,"damage_taken":19.0},{"damage_healed":0.0,"max_hp_gain":0.0,"max_hp_loss":0.0,"gold_gain":100.0,"event_name":"Golden Shrine","player_choice":"Pray","floor":37.0,"gold_loss":0.0,"damage_taken":0.0},{"damage_healed":0.0,"max_hp_gain":0.0,"max_hp_loss":0.0,"gold_gain":300.0,"event_name":"Wheel of Change","player_choice":"Gold","floor":39.0,"gold_loss":0.0,"damage_taken":0.0},{"damage_healed":0.0,"max_hp_gain":0.0,"max_hp_loss":0.0,"gold_gain":0.0,"event_name":"Mysterious Sphere","player_choice":"Fight","floor":46.0,"gold_loss":0.0,"damage_taken":0.0}],"is_beta":false,"boss_relics":[{"not_picked":["Honey Jar","Velvet Choker"],"picked":"Empty Cage"},{"not_picked":["Replay:Grab Bag","vexMod:ImprovementManual"],"picked":"Ring of the Serpent"}],"items_purged_floors":[],"is_endless":false,"potions_floor_spawned":[3,7,8,14,16,21,33,41,42,48],"killed_by":"Donu and Deca","ascension_level":0}}