{"host":"oy4pyvr762z5n0bb","time":1610177421,"event":{"mods":["AchievementEnabler","BaseMod","Colored Map","Colored Powertips","Googly Eyes","Key Reminder","Minty Spire (QoL Compilation)","Quick Restart","Relic Sorter","Slay the Relics Exporter","StSLib","SuperFastMode","Unceasing Turn Reminder","slay the spire mod where everything is the same but ironclad has a cowboy hat"],"gold_per_floor":[114,114,114,114,124,124,151,151,151,151,170,170,29,59,59,164,164,164,164,164,164,164,164,164,89,89,27,27,27,27,27,27,27,27,27,27,27,27,27,27,27,27,27,27,27,27,27,27,27,27],"floor_reached":51,"playtime":1081,"items_purged":[],"score":1207,"play_id":"f11176f7-7f95-4165-8815-90583b62ff02","local_time":"20210108233021","is_ascension_mode":true,"campfire_choices":[{"floor":6,"key":"REST"},{"floor":10,"key":"REST"},{"floor":12,"key":"REST"},{"floor":15,"key":"REST"},{"data":"Poisoned Stab","floor":23,"key":"SMITH"},{"data":"Footwork","floor":32,"key":"SMITH"},{"floor":41,"key":"REST"},{"data":"Die Die Die","floor":49,"key":"SMITH"}],"circlet_count":0,"master_deck":["Strike_G+1","Strike_G+1","Strike_G+1","Defend_G+1","Defend_G+1","Defend_G+1","Defend_G+1","Defend_G+1","Survivor+1","Neutralize+1","Bane","PiercingWail+1","Poisoned Stab+1","Flying Knee+1","Corpse Explosion+1","Dodge and Roll+1","Blade Dance+1","Die Die Die+1","Prepared+1","Slice+1","Catalyst+1","Die Die Die","Deadly Poison+1","Footwork+1","Adrenaline+1","Catalyst+1","Deflect+1","Adrenaline+1","Writhe","Panache+1"],"relics":["Ring of the Snake","Snake Skull","HornCleat","Toxic Egg 2","Pantograph","The Courier","PreservedInsect","Ectoplasm","Vajra","Pocketwatch","Question Card","Darkstone Periapt","Black Star","Ice Cream","Whetstone","FossilizedHelix","Centennial Puzzle","White Beast Statue","War Paint","Pen Nib","Bottled Lightning","Frozen Egg 2"],"acts_visited":["Exordium","TheCity","TheBeyond"],"potions_floor_usage":[29,33,44,44,50,50,50],"damage_taken":[{"damage":4,"enemies":"2 Louse","floor":1,"turns":3},{"damage":0,"enemies":"Small Slimes","floor":5,"turns":4},{"damage":22,"enemies":"3 Sentries","floor":7,"turns":11},{"damage":7,"enemies":"Jaw Worm","floor":11,"turns":4},{"damage":12,"enemies":"Gremlin Nob","floor":14,"turns":4},{"damage":60,"enemies":"Slime Boss","floor":16,"turns":15},{"damage":0,"enemies":"3 Byrds","floor":18,"turns":3},{"damage":0,"enemies":"Chosen","floor":19,"turns":4},{"damage":0,"enemies":"3 Cultists","floor":21,"turns":2},{"damage":7,"enemies":"Slavers","floor":24,"turns":2},{"damage":0,"enemies":"Gremlin Leader","floor":29,"turns":3},{"damage":2,"enemies":"Shelled Parasite and Fungi","floor":30,"turns":3},{"damage":6,"enemies":"Centurion and Healer","floor":31,"turns":2},{"damage":41,"enemies":"Collector","floor":33,"turns":6},{"damage":0,"enemies":"3 Shapes","floor":35,"turns":1},{"damage":0,"enemies":"Orb Walker","floor":36,"turns":3},{"damage":26,"enemies":"Reptomancer","floor":40,"turns":5},{"damage":11,"enemies":"Nemesis","floor":42,"turns":3},{"damage":0,"enemies":"Reptomancer","floor":44,"turns":3},{"damage":0,"enemies":"Transient","floor":45,"turns":5},{"damage":0,"enemies":"Giant Head","floor":47,"turns":4},{"damage":70,"enemies":"Awakened One","floor":50,"turns":13}],"seed_played":"308907952195045220","potions_obtained":[{"floor":14,"key":"EssenceOfSteel"},{"floor":16,"key":"LiquidBronze"},{"floor":18,"key":"LiquidMemories"},{"floor":29,"key":"Explosive Potion"},{"floor":33,"key":"Dexterity Potion"},{"floor":45,"key":"GhostInAJar"},{"floor":47,"key":"Swift Potion"}],"is_trial":false,"path_per_floor":["M","?","?","?","M","R","E","T","T","R","M","R","$","E","R","B",null,"M","M","?","M","?","R","E","?","T","$","?","E","M","M","R","B",null,"M","M","$","?","?","E","R","E","T","E","M","?","E","?","R","B",null],"character_chosen":"THE_SILENT","items_purchased":["Corpse Explosion+1","Dodge and Roll+1","Catalyst+1"],"campfire_rested":5,"item_purchase_floors":[13,13,27],"current_hp_per_floor":[59,45,3,3,3,24,2,2,2,23,16,37,37,25,46,10,55,55,55,55,55,55,55,48,48,48,48,48,48,46,40,40,24,59,59,59,59,59,59,33,54,43,43,43,43,67,67,67,67,6],"gold":27,"neow_bonus":"RANDOM_COMMON_RELIC","is_daily":false,"chose_seed":false,"campfire_upgraded":3,"win_rate":0.0,"timestamp":1610177421,"path_taken":["M","?","?","?","M","R","E","?","T","R","M","R","$","E","R","BOSS","M","M","?","M","?","R","E","?","T","$","?","E","M","M","R","BOSS","M","M","$","?","?","E","R","E","T","E","?","?","E","?","R","BOSS"],"items_purchased_type":["Card","Card","Card"],"build_version":"2020-12-22","purchased_purges":0,"victory":true,"max_hp_per_floor":[70,70,70,70,70,70,70,70,70,70,70,70,70,70,70,70,70,70,70,70,70,70,70,70,70,70,70,70,70,70,70,70,70,70,70,70,70,70,70,70,70,70,70,70,70,76,76,76,76,76],"card_choices":[{"not_picked":["PiercingWail","Flying Knee"],"picked":"Bane","floor":1},{"not_picked":["Underhanded Strike","Backflip"],"picked":"PiercingWail","floor":5},{"not_picked":["Accuracy","Catalyst+1"],"picked":"Poisoned Stab","floor":7},{"not_picked":["Heel Hook","Sucker Punch"],"picked":"Flying Knee","floor":11},{"not_picked":["Dash","Dagger Spray"],"picked":"Blade Dance+1","floor":14},{"not_picked":["Tools of the Trade","Bullet Time+1"],"picked":"Die Die Die","floor":16},{"not_picked":["Reflex+1","Predator"],"picked":"Prepared+1","floor":18},{"not_picked":["Predator+1","Quick Slash"],"picked":"Slice+1","floor":19},{"not_picked":["Blade Dance+1","Tactician+1","Slice+1"],"picked":"SKIP","floor":21},{"not_picked":["Backflip+1","Sucker Punch","Cloak And Dagger+1"],"picked":"SKIP","floor":24},{"not_picked":["Backflip+1","Bane","Flying Knee"],"picked":"Die Die Die","floor":29},{"not_picked":["Outmaneuver+1","Eviscerate+1","Skewer+1"],"picked":"Deadly Poison+1","floor":30},{"not_picked":["Bane","PiercingWail+1","Poisoned Stab"],"picked":"Footwork","floor":31},{"not_picked":["Wraith Form v2","Die Die Die","Glass Knife"],"picked":"Adrenaline+1","floor":33},{"not_picked":["Dagger Throw+1","Sucker Punch","Setup+1","Flying Knee+1"],"picked":"SKIP","floor":35},{"not_picked":["Dagger Throw","Infinite Blades","Acrobatics+1","Dagger Spray+1"],"picked":"SKIP","floor":36},{"not_picked":["Riddle With Holes","Slice+1","Glass Knife"],"picked":"Deflect+1","floor":40},{"not_picked":["Bane","Reflex+1","Expertise+1"],"picked":"Adrenaline+1","floor":42},{"not_picked":["PiercingWail+1","Infinite Blades+1","Reflex+1","Slice+1"],"picked":"SKIP","floor":44},{"not_picked":["Prepared+1","Quick Slash+1","Flechettes","Concentrate+1"],"picked":"SKIP","floor":45},{"not_picked":["Well Laid Plans+1","Infinite Blades+1","Underhanded Strike+1","Slice"],"picked":"SKIP","floor":47},{"not_picked":["Blind+1","Discovery+1","Deep Breath+1"],"picked":"Panache+1","floor":48}],"player_experience":726307,"relics_obtained":[{"floor":7,"key":"Toxic Egg 2"},{"floor":8,"key":"Pantograph"},{"floor":9,"key":"The Courier"},{"floor":14,"key":"PreservedInsect"},{"floor":24,"key":"Pocketwatch"},{"floor":26,"key":"Question Card"},{"floor":29,"key":"Darkstone Periapt"},{"floor":40,"key":"Ice Cream"},{"floor":40,"key":"Whetstone"},{"floor":42,"key":"FossilizedHelix"},{"floor":42,"key":"Centennial Puzzle"},{"floor":43,"key":"White Beast Statue"},{"floor":44,"key":"War Paint"},{"floor":44,"key":"Pen Nib"},{"floor":47,"key":"Bottled Lightning"},{"floor":47,"key":"Frozen Egg 2"}],"event_choices":[{"damage_healed":0,"gold_gain":0,"player_choice":"Entered Light","damage_taken":14,"max_hp_gain":0,"max_hp_loss":0,"event_name":"Shining Light","floor":2,"gold_loss":0,"cards_upgraded":["Strike_G","Defend_G"]},{"damage_healed":0,"gold_gain":0,"player_choice":"Success","damage_taken":42,"relics_obtained":["HornCleat"],"max_hp_gain":0,"max_hp_loss":0,"event_name":"Scrap Ooze","floor":3,"gold_loss":0},{"damage_healed":0,"gold_gain":0,"player_choice":"Grow","damage_taken":0,"max_hp_gain":0,"max_hp_loss":0,"event_name":"Living Wall","floor":4,"gold_loss":0,"cards_upgraded":["Strike_G"]},{"damage_healed":0,"gold_gain":0,"player_choice":"Simplicity","damage_taken":0,"max_hp_gain":0,"max_hp_loss":0,"event_name":"Back to Basics","floor":20,"gold_loss":0,"cards_upgraded":["Strike_G","Strike_G","Strike_G","Defend_G","Defend_G","Defend_G","Defend_G"]},{"damage_healed":0,"gold_gain":0,"player_choice":"Opened","damage_taken":0,"relics_obtained":["Vajra"],"max_hp_gain":0,"max_hp_loss":0,"event_name":"The Mausoleum","floor":22,"gold_loss":0},{"cards_removed":["Strike_G"],"damage_healed":0,"gold_gain":0,"player_choice":"Gave Gold","damage_taken":0,"max_hp_gain":0,"max_hp_loss":0,"event_name":"Beggar","floor":25,"gold_loss":75},{"damage_healed":0,"gold_gain":0,"cards_transformed":["Strike_G"],"player_choice":"Transformed","damage_taken":0,"max_hp_gain":0,"max_hp_loss":0,"event_name":"Transmorgrifier","floor":28,"gold_loss":0,"cards_obtained":["Expertise"]},{"cards_removed":["Expertise"],"damage_healed":0,"gold_gain":0,"player_choice":"Removed Skill","damage_taken":0,"max_hp_gain":0,"max_hp_loss":0,"event_name":"Falling","floor":38,"gold_loss":0},{"damage_healed":0,"gold_gain":0,"player_choice":"Copied","damage_taken":0,"max_hp_gain":0,"max_hp_loss":0,"event_name":"Duplicator","floor":39,"gold_loss":0,"cards_obtained":["Catalyst"]},{"damage_healed":18,"gold_gain":0,"player_choice":"Writhe","damage_taken":0,"max_hp_gain":0,"max_hp_loss":0,"event_name":"Winding Halls","floor":46,"gold_loss":0,"cards_obtained":["Writhe"]},{"damage_healed":0,"gold_gain":0,"player_choice":"Memory 1","damage_taken":0,"max_hp_gain":0,"max_hp_loss":0,"event_name":"SensoryStone","floor":48,"gold_loss":0}],"is_beta":false,"boss_relics":[{"not_picked":["Coffee Dripper","Empty Cage"],"picked":"Ectoplasm"},{"not_picked":["WristBlade","Snecko Eye"],"picked":"Black Star"}],"items_purged_floors":[],"is_endless":false,"potions_floor_spawned":[14,16,18,29,30,31,33,35,36,44,45,47],"ascension_level":7}}