{"host":"ij84le5dz5iaw1mq","time":1610181168,"event":{"mods":["AchievementEnabler","BaseMod","Better Altar","Better Match","Better Note","Better Sensory Stone","Better Skull","Better Third Choice","BetterRewards","Colored Map","Colored Powertips","DeckTracker","Downfall","Hermit","Hubris","Infinite Spire","Minty Spire (QoL Compilation)","Permanent Neow","Quick Restart","Rare Cards Sparkle","Replay The Spire","Shop Mod","StSLib","The Cursed","The Disciple","The Elementalist","The Runesmith","The Spell Scribe"],"gold_per_floor":[114,130,142,155,4,4,4,4,30,30,47,47,47,60,60,60,60],"floor_reached":16,"playtime":1384,"items_purged":["Runesmith:Strike_RS"],"score":92,"play_id":"b0c8c5d6-36da-4920-af8d-8006a6ad36a0","local_time":"20210109033248","is_ascension_mode":false,"campfire_choices":[{"data":"Runesmith:Permafrost","floor":6,"key":"SMITH"},{"data":"Runesmith:CraftFirestone","floor":8,"key":"SMITH"},{"data":"Runesmith:CraftMagma","floor":10,"key":"SMITH"},{"floor":12,"key":"REST"},{"data":"Runesmith:Fortify","floor":15,"key":"SMITH"}],"circlet_count":0,"master_deck":["Runesmith:Strike_RS","Runesmith:Strike_RS","Runesmith:Defend_RS","Runesmith:Defend_RS","Runesmith:Defend_RS","Runesmith:Defend_RS","Runesmith:CraftFirestone+1","Runesmith:Fortify+1","Runesmith:CraftMagma+1","Runesmith:ChaoticBlast","Runesmith:ChiselStab","Runesmith:Permafrost+1","Runesmith:EnergizedChisel"],"relics":["Runesmith:BrokenRuby","Omamori","hubris:PeanutButter"],"acts_visited":["Exordium"],"potions_floor_usage":[16,16],"damage_taken":[{"damage":7,"enemies":"2 Louse","floor":1,"turns":3},{"damage":1,"enemies":"Jaw Worm","floor":2,"turns":6},{"damage":0,"enemies":"Small Slimes","floor":3,"turns":3},{"damage":1,"enemies":"Red Slaver","floor":4,"turns":5},{"damage":0,"enemies":"Blue Slaver","floor":11,"turns":5},{"damage":0,"enemies":"Large Slime","floor":14,"turns":7},{"damage":70,"enemies":"Fading Forest","floor":16,"turns":9}],"seed_played":"5135462921693524239","potions_obtained":[{"floor":1,"key":"Swift Potion"},{"floor":3,"key":"Block Potion"},{"floor":14,"key":"PowerPotion"}],"is_trial":false,"path_per_floor":["M","M","M","M","$","R","?","R","T","R","M","R","?","M","R","B"],"character_chosen":"RUNESMITH_CLASS","items_purchased":["Runesmith:Permafrost"],"campfire_rested":1,"item_purchase_floors":[5],"current_hp_per_floor":[63,62,62,61,61,61,61,61,61,61,61,70,58,58,58,0,0],"gold":60,"neow_bonus":"REMOVE_CARD","is_daily":false,"chose_seed":false,"campfire_upgraded":4,"win_rate":0.0,"timestamp":1610181168,"path_taken":["M","M","M","M","$","R","?","R","T","R","M","R","?","M","R","BOSS"],"items_purchased_type":["Card"],"build_version":"2020-12-22","purchased_purges":1,"victory":false,"max_hp_per_floor":[70,70,70,70,70,70,70,70,70,70,70,70,70,70,70,70,70],"card_choices":[{"not_picked":["Runesmith:Grindstone","Runesmith:Repurpose"],"picked":"Runesmith:CraftMagma","floor":1},{"not_picked":["Runesmith:BackupBattery","Runesmith:ShiftingStrike","Runesmith:Repurpose"],"picked":"SKIP","floor":2},{"not_picked":["Runesmith:Overpower","Runesmith:DoubleUp"],"picked":"Runesmith:ChaoticBlast","floor":3},{"not_picked":["Runesmith:CraftMagma","Runesmith:CraftReservo"],"picked":"Runesmith:ChiselStab","floor":4},{"not_picked":["Runesmith:ChiselStab","Runesmith:BackupBattery"],"picked":"Runesmith:EnergizedChisel","floor":11},{"not_picked":["Runesmith:GrandSlam","Runesmith:Malloc","Runesmith:Repurpose"],"picked":"SKIP","floor":14}],"player_experience":136658,"relics_obtained":[{"floor":9,"key":"Omamori"}],"event_choices":[{"damage_healed":0,"gold_gain":0,"player_choice":"Ignored","damage_taken":0,"max_hp_gain":0,"max_hp_loss":0,"event_name":"Golden Idol","floor":7,"gold_loss":0},{"damage_healed":0,"gold_gain":0,"player_choice":"Relic ","damage_taken":12,"max_hp_gain":0,"max_hp_loss":0,"event_name":"betterThird:BetterScrap","floor":13,"gold_loss":0,"cards_obtained":["Tantrum"]}],"is_beta":false,"boss_relics":[],"items_purged_floors":[5],"is_endless":false,"potions_floor_spawned":[1,3,14],"killed_by":"Fading Forest","ascension_level":0}}