{"host":"uv231blk40vjdojr","time":1610223378,"event":{"mods":["AchievementEnabler","BaseMod","Bestiary","Minty Spire (QoL Compilation)","Relic Stats"],"gold_per_floor":[110,155,0,10,10,29,44,73,73,102,2,41,41,51,51,150,150,166,28,46,19,94,128,128,41,65,82,82,98,126,139,139,139,139],"floor_reached":33,"playtime":1437,"items_purged":["Clumsy"],"score":297,"play_id":"54f490d3-ee61-4013-bad8-ab691eeeb6a0","local_time":"20210109211618","is_ascension_mode":false,"campfire_choices":[{"floor":13,"key":"REST"},{"data":"Normality","floor":15,"key":"PURGE"},{"floor":24,"key":"REST"},{"data":"Strike_B","floor":28,"key":"PURGE"},{"floor":32,"key":"REST"}],"circlet_count":0,"master_deck":["Strike_B","Strike_B","Strike_B","Defend_B","Defend_B","Defend_B","Defend_B","Zap","Dualcast","Rip and Tear","Streamline","Cold Snap","Conserve Battery","Leap","Electrodynamics","Undo","Meteor Strike","Genetic Algorithm+1","Fission+1","Defragment","Glacier+1","Auto Shields+1"],"relics":["Cursed Key","Akabeko","Membership Card","The Courier","Peace Pipe","Blue Candle","Toolbox","Velvet Choker","Toxic Egg 2","InkBottle","Omamori","Art of War","Blood Vial"],"acts_visited":["Exordium","TheCity"],"potions_floor_usage":[8,11,33,33,33],"damage_taken":[{"damage":1,"enemies":"Cultist","floor":1,"turns":4},{"damage":6,"enemies":"Jaw Worm","floor":4,"turns":2},{"damage":0,"enemies":"2 Louse","floor":6,"turns":2},{"damage":17,"enemies":"Gremlin Gang","floor":7,"turns":4},{"damage":30,"enemies":"Gremlin Nob","floor":8,"turns":4},{"damage":16,"enemies":"3 Sentries","floor":10,"turns":9},{"damage":1,"enemies":"3 Louse","floor":12,"turns":3},{"damage":1,"enemies":"Exordium Wildlife","floor":14,"turns":2},{"damage":13,"enemies":"Hexaghost","floor":16,"turns":11},{"damage":0,"enemies":"Spheric Guardian","floor":18,"turns":3},{"damage":12,"enemies":"2 Thieves","floor":20,"turns":3},{"damage":12,"enemies":"Gremlin Leader","floor":23,"turns":6},{"damage":0,"enemies":"Snake Plant","floor":27,"turns":2},{"damage":5,"enemies":"Cultist and Chosen","floor":29,"turns":4},{"damage":24,"enemies":"Book of Stabbing","floor":30,"turns":8},{"damage":0,"enemies":"Centurion and Healer","floor":31,"turns":3},{"damage":86,"enemies":"Champ","floor":33,"turns":14}],"seed_played":"-6268471695460289006","potions_obtained":[{"floor":6,"key":"LiquidBronze"},{"floor":10,"key":"ColorlessPotion"},{"floor":16,"key":"LiquidBronze"},{"floor":20,"key":"EntropicBrew"}],"is_trial":false,"path_per_floor":["M","T","$","M","T","M","M","E","T","E","$","M","R","M","R","B",null,"M","$","M","$","?","E","R","$","T","M","R","M","E","M","R","B"],"character_chosen":"DEFECT","items_purchased":["Membership Card","Streamline","Toolbox","Fruit Juice","Toxic Egg 2","Genetic Algorithm+1","Omamori","Defragment"],"campfire_rested":3,"item_purchase_floors":[3,3,11,11,19,21,25,25],"current_hp_per_floor":[74,74,74,68,68,68,51,21,21,5,10,9,33,32,32,19,80,80,80,68,68,60,48,72,72,72,72,72,67,43,45,69,0,0],"gold":139,"neow_bonus":"BOSS_RELIC","is_daily":false,"chose_seed":false,"campfire_upgraded":0,"win_rate":0.0,"timestamp":1610223378,"path_taken":["M","?","$","M","?","M","M","E","T","E","$","M","R","M","R","BOSS","M","$","M","$","?","E","R","$","T","M","R","?","E","M","R","BOSS"],"items_purchased_type":["Relic","Card","Relic","Potion","Relic","Card","Relic","Card"],"build_version":"2020-12-22","purchased_purges":1,"victory":false,"max_hp_per_floor":[75,75,75,75,75,75,75,75,75,75,80,80,80,80,80,80,80,80,80,80,80,80,80,80,80,80,80,80,80,80,80,80,80,80],"relic_stats":{"Peace Pipe":3,"Blood Vial":4,"counters":[17,84],"Blue Candle":[2],"Art of War":[2],"Cursed Key":3,"obtain_stats":[{"Blue Candle":10,"Velvet Choker":17,"The Courier":5,"Omamori":25,"Cursed Key":0,"Akabeko":2,"Peace Pipe":8,"Blood Vial":30,"Toolbox":11,"Art of War":26,"Membership Card":3,"Toxic Egg 2":19,"Cracked Core":0,"InkBottle":23},{"Blue Candle":6,"Velvet Choker":9,"The Courier":2,"Omamori":12,"Cursed Key":0,"Akabeko":1,"Peace Pipe":5,"Blood Vial":15,"Toolbox":6,"Art of War":12,"Membership Card":1,"Toxic Egg 2":10,"Cracked Core":0,"InkBottle":12},{"Blue Candle":25,"Velvet Choker":41,"The Courier":6,"Omamori":53,"Cursed Key":0,"Akabeko":4,"Peace Pipe":16,"Blood Vial":67,"Toolbox":25,"Art of War":53,"Membership Card":4,"Toxic Egg 2":44,"Cracked Core":0,"InkBottle":53}],"InkBottle":[12]},"card_choices":[{"not_picked":["Steam","Redo"],"picked":"Rip and Tear","floor":1},{"not_picked":["Steam","Sweeping Beam"],"picked":"Cold Snap","floor":4},{"not_picked":["Double Energy","Gash","Hello World"],"picked":"SKIP","floor":6},{"not_picked":["Streamline","Compile Driver"],"picked":"Conserve Battery","floor":7},{"not_picked":["Rebound","Turbo"],"picked":"Leap","floor":8},{"not_picked":["Streamline","Chill"],"picked":"Electrodynamics","floor":10},{"not_picked":["Conserve Battery","Streamline"],"picked":"Undo","floor":12},{"not_picked":["Stack","Redo","Gash"],"picked":"SKIP","floor":14},{"not_picked":["Amplify","Machine Learning"],"picked":"Meteor Strike","floor":16},{"not_picked":["Go for the Eyes","Redo+1","Streamline"],"picked":"SKIP","floor":18},{"not_picked":["Go for the Eyes+1","Compile Driver","Beam Cell+1"],"picked":"SKIP","floor":20},{"not_picked":["Steam+1","Coolheaded+1"],"picked":"Fission+1","floor":23},{"not_picked":["Redo+1","Gash+1","Leap+1"],"picked":"SKIP","floor":27},{"not_picked":["Force Field+1","Redo+1","Ball Lightning"],"picked":"SKIP","floor":29},{"not_picked":["Steam+1","Coolheaded+1"],"picked":"Glacier+1","floor":30},{"not_picked":["Turbo+1","Biased Cognition"],"picked":"Auto Shields+1","floor":31}],"player_experience":637167,"relics_obtained":[{"floor":2,"key":"Akabeko"},{"floor":5,"key":"The Courier"},{"floor":8,"key":"Peace Pipe"},{"floor":10,"key":"Blue Candle"},{"floor":23,"key":"InkBottle"},{"floor":26,"key":"Art of War"},{"floor":30,"key":"Blood Vial"}],"event_choices":[{"damage_healed":0,"gold_gain":75,"player_choice":"Touch","damage_taken":8,"max_hp_gain":0,"max_hp_loss":0,"event_name":"FaceTrader","floor":22,"gold_loss":0}],"is_beta":false,"boss_relics":[{"not_picked":["Ectoplasm","SacredBark"],"picked":"Velvet Choker"}],"items_purged_floors":[19],"is_endless":false,"potions_floor_spawned":[6,10,16,20,29],"killed_by":"Champ","ascension_level":0}}