{"host":"3qkmyeoym75lj4wn","time":1610197883,"event":{"mods":["2.2 Compatiblity","BaseMod","Block Reminder","Colored Powertips","Highlight Path","Minty Spire (QoL Compilation)","Permanent Neow","Potion Indicator Mod","Rare Cards Sparkle","Relic Stats","StSLib","Unceasing Turn Reminder"],"gold_per_floor":[118,118,132,5,20,49,62,62,62,80,80,80,80,90,90,165,165,185,48,48,48,63,63,63,63],"floor_reached":24,"playtime":1186,"items_purged":["Strike_B"],"score":392,"play_id":"c19d0679-d7e2-4c1d-8052-31e130f2895c","local_time":"20210109131123","is_ascension_mode":true,"campfire_choices":[{"data":"Streamline","floor":8,"key":"SMITH"},{"floor":13,"key":"REST"},{"floor":15,"key":"REST"},{"floor":23,"key":"REST"}],"circlet_count":0,"master_deck":["AscendersBane","Strike_B","Defend_B","Defend_B","Defend_B","Defend_B","Zap+1","Dualcast","Glacier","Coolheaded","Sweeping Beam","Streamline+1","Capacitor","Coolheaded","Seek","Defragment","Go for the Eyes"],"relics":["Cracked Core","NlothsMask","Ancient Tea Set","Empty Cage"],"acts_visited":["Exordium","TheCity"],"potions_floor_usage":[5,7,16,16],"damage_taken":[{"damage":1,"enemies":"Cultist","floor":1,"turns":4},{"damage":0,"enemies":"Jaw Worm","floor":3,"turns":4},{"damage":0,"enemies":"Small Slimes","floor":5,"turns":2},{"damage":26,"enemies":"3 Sentries","floor":6,"turns":14},{"damage":14,"enemies":"Exordium Thugs","floor":7,"turns":5},{"damage":4,"enemies":"Looter","floor":10,"turns":4},{"damage":5,"enemies":"Red Slaver","floor":14,"turns":2},{"damage":29,"enemies":"Slime Boss","floor":16,"turns":11},{"damage":47,"enemies":"3 Byrds","floor":18,"turns":6},{"damage":7,"enemies":"Spheric Guardian","floor":22,"turns":6},{"damage":29,"enemies":"Book of Stabbing","floor":24,"turns":5}],"seed_played":"6487216287209228414","potions_obtained":[{"floor":1,"key":"Energy Potion"},{"floor":6,"key":"Block Potion"},{"floor":7,"key":"FearPotion"},{"floor":10,"key":"SneckoOil"},{"floor":12,"key":"DuplicationPotion"}],"is_trial":false,"path_per_floor":["M","?","M","$","M","E","M","R","T","M","?","?","R","M","R","B",null,"M","$","?","?","M","R","E"],"character_chosen":"DEFECT","items_purchased":["Sweeping Beam","Defragment","Go for the Eyes"],"campfire_rested":3,"item_purchase_floors":[4,19,19],"current_hp_per_floor":[63,63,63,63,63,37,23,23,23,19,14,14,35,30,51,22,59,12,12,12,12,5,26,0,0],"gold":63,"neow_bonus":"UPGRADE_CARD","is_daily":false,"chose_seed":false,"campfire_upgraded":1,"win_rate":0.0,"timestamp":1610197883,"path_taken":["M","?","M","?","M","E","?","R","T","?","?","?","R","M","R","BOSS","M","$","?","?","M","R","E"],"items_purchased_type":["Card","Card","Card"],"build_version":"2020-12-22","purchased_purges":1,"victory":false,"max_hp_per_floor":[71,71,71,71,71,71,71,71,71,71,71,71,71,71,71,71,71,71,71,71,71,71,71,71,71],"relic_stats":{"counters":[11,63],"obtain_stats":[{"Cracked Core":0,"Ancient Tea Set":6,"Empty Cage":17,"NlothsMask":2},{"Cracked Core":0,"Ancient Tea Set":4,"Empty Cage":8,"NlothsMask":1},{"Cracked Core":0,"Ancient Tea Set":24,"Empty Cage":46,"NlothsMask":4}]},"card_choices":[{"not_picked":["Gash","Loop"],"picked":"Glacier","floor":1},{"not_picked":["Turbo","Consume"],"picked":"Coolheaded","floor":3},{"not_picked":["Redo","Sweeping Beam"],"picked":"Streamline","floor":5},{"not_picked":["Beam Cell","Gash","Lockon"],"picked":"SKIP","floor":6},{"not_picked":["Loop","Streamline"],"picked":"Capacitor","floor":7},{"not_picked":["Conserve Battery","Redo"],"picked":"Coolheaded","floor":10},{"not_picked":["Rip and Tear","Streamline","Coolheaded"],"picked":"SKIP","floor":14},{"not_picked":["Amplify","All For One"],"picked":"Seek","floor":16},{"not_picked":["Rebound","Hologram","Steam"],"picked":"SKIP","floor":18},{"not_picked":["Leap","Melter+1","Conserve Battery"],"picked":"SKIP","floor":22}],"player_experience":1657156,"relics_obtained":[{"floor":6,"key":"Ancient Tea Set"}],"event_choices":[{"damage_healed":0,"gold_gain":0,"player_choice":"Trade","damage_taken":0,"relics_obtained":["NlothsMask"],"max_hp_gain":0,"max_hp_loss":0,"event_name":"FaceTrader","floor":2,"gold_loss":0},{"damage_healed":0,"gold_gain":0,"player_choice":"Fled","damage_taken":5,"max_hp_gain":0,"max_hp_loss":0,"event_name":"Scrap Ooze","floor":11,"gold_loss":0},{"damage_healed":0,"gold_gain":0,"player_choice":"Got Potions","damage_taken":0,"max_hp_gain":0,"max_hp_loss":0,"event_name":"Lab","floor":12,"gold_loss":0},{"damage_healed":0,"gold_gain":0,"player_choice":"Ignored","damage_taken":0,"max_hp_gain":0,"max_hp_loss":0,"event_name":"WeMeetAgain","floor":21,"gold_loss":0}],"is_beta":false,"boss_relics":[{"not_picked":["Runic Dome","SlaversCollar"],"picked":"Empty Cage"}],"items_purged_floors":[4],"is_endless":false,"potions_floor_spawned":[1,6,7,10],"killed_by":"Book of Stabbing","ascension_level":20}}