{"host":"1c52r9kaxdyo25eq","time":1610183415,"event":{"mods":["AchievementEnabler","BaseMod","Minty Spire (QoL Compilation)","Rare Cards Sparkle","SuperFastMode","everything is the same but u backflip on backflip"],"gold_per_floor":[215,215,315,331,58,93,109,109,109,130,143,143,163,189,189,265,265,284,284,284,184,194,194,194,76,76,91,54,54,70,70,70],"floor_reached":31,"playtime":948,"items_purged":["Strike_G","Strike_G"],"score":515,"play_id":"6a99b239-88a3-431b-a6b1-9700ad708d6b","local_time":"20210109181015","is_ascension_mode":true,"campfire_choices":[{"data":"Accuracy","floor":8.0,"key":"SMITH"},{"floor":12.0,"key":"REST"},{"data":"Blade Dance","floor":15.0,"key":"SMITH"},{"data":"Terror","floor":23,"key":"SMITH"}],"circlet_count":0,"master_deck":["AscendersBane","Strike_G","Strike_G","Strike_G","Defend_G","Defend_G","Defend_G","Defend_G","Defend_G","Survivor","Neutralize","Backflip","Quick Slash","Accuracy+1","Blade Dance+1","Terror+1","Blade Dance","After Image","Acrobatics","Accuracy","Reflex","Well Laid Plans","Accuracy","Accuracy+1"],"relics":["Ring of the Snake","StrikeDummy","Bag of Marbles","Letter Opener","Odd Mushroom","Oddly Smooth Stone","HoveringKite","Paper Crane"],"acts_visited":["Exordium","TheCity"],"potions_floor_usage":[30,30,31],"damage_taken":[{"damage":1.0,"enemies":"2 Louse","floor":1.0,"turns":3.0},{"damage":4.0,"enemies":"Jaw Worm","floor":4.0,"turns":4.0},{"damage":20.0,"enemies":"3 Sentries","floor":6.0,"turns":7.0},{"damage":0.0,"enemies":"Cultist","floor":7.0,"turns":2.0},{"damage":9.0,"enemies":"The Mushroom Lair","floor":10.0,"turns":4.0},{"damage":0.0,"enemies":"Looter","floor":11.0,"turns":2.0},{"damage":1.0,"enemies":"3 Louse","floor":13.0,"turns":4.0},{"damage":5.0,"enemies":"Lagavulin","floor":14.0,"turns":6.0},{"damage":15.0,"enemies":"The Guardian","floor":16.0,"turns":7.0},{"damage":6,"enemies":"3 Byrds","floor":18,"turns":5},{"damage":11,"enemies":"Chosen","floor":19,"turns":4},{"damage":2,"enemies":"Centurion and Healer","floor":22,"turns":6},{"damage":13,"enemies":"Cultist and Chosen","floor":27,"turns":6},{"damage":12,"enemies":"Snake Plant","floor":30,"turns":4},{"damage":12,"enemies":"Shelled Parasite and Fungi","floor":31,"turns":2}],"seed_played":"344812330920494333","potions_obtained":[{"floor":10.0,"key":"Block Potion"},{"floor":14.0,"key":"SteroidPotion"},{"floor":16.0,"key":"SkillPotion"},{"floor":22,"key":"Regen Potion"},{"floor":30,"key":"ColorlessPotion"}],"is_trial":false,"path_per_floor":["M","?","?","M","$","E","M","R","T","?","M","R","M","E","R","B",null,"M","M","?","$","M","R","?","$","T","M","$","?","M","M"],"character_chosen":"THE_SILENT","items_purchased":["Accuracy","Blade Dance","LiquidMemories","Reflex","Well Laid Plans","Accuracy"],"campfire_rested":1,"item_purchase_floors":[5,5,5,25,25,28],"current_hp_per_floor":[58,40,40,36,36,16,16,16,16,7,7,26,25,20,20,5,51,45,34,34,34,32,32,32,32,32,19,19,19,19,7,7],"gold":70,"neow_bonus":"HUNDRED_GOLD","is_daily":false,"chose_seed":false,"campfire_upgraded":3,"win_rate":0.0,"timestamp":1610183415,"path_taken":["M","?","?","?","$","E","M","R","T","?","M","R","M","E","R","BOSS","M","M","?","$","M","R","?","$","T","M","?","?","M","M"],"items_purchased_type":["Card","Card","Potion","Card","Card","Card"],"build_version":"2020-12-22","purchased_purges":2,"victory":false,"max_hp_per_floor":[66,66,66,66,66,66,66,66,66,66,66,66,66,66,66,66,66,66,66,66,66,66,66,66,66,66,66,66,66,66,66,66],"card_choices":[{"not_picked":["Underhanded Strike","Blade Dance"],"picked":"Backflip","floor":1.0},{"not_picked":["Acrobatics","Masterful Stab"],"picked":"Quick Slash","floor":4.0},{"not_picked":["Flying Knee","Bouncing Flask"],"picked":"Terror","floor":6.0},{"not_picked":["Backflip","Underhanded Strike","Dash"],"picked":"SKIP","floor":7.0},{"not_picked":["Infinite Blades","Predator","Bane"],"picked":"SKIP","floor":11.0},{"not_picked":["Slice","Deflect","Concentrate"],"picked":"SKIP","floor":13.0},{"not_picked":["Corpse Explosion","Concentrate"],"picked":"Blade Dance","floor":14.0},{"not_picked":["Grand Finale","Malaise"],"picked":"After Image","floor":16.0},{"not_picked":["Prepared","Poisoned Stab"],"picked":"Acrobatics","floor":18},{"not_picked":["Blade Dance+1","Backflip"],"picked":"Accuracy","floor":19},{"not_picked":["Caltrops","Predator","Backflip"],"picked":"SKIP","floor":22},{"not_picked":["Dagger Spray","Slice","Outmaneuver"],"picked":"SKIP","floor":27},{"not_picked":["Caltrops+1","Sucker Punch"],"picked":"Accuracy+1","floor":30}],"player_experience":568149,"relics_obtained":[{"floor":6.0,"key":"Bag of Marbles"},{"floor":9.0,"key":"Letter Opener"},{"floor":10.0,"key":"Odd Mushroom"},{"floor":14.0,"key":"Oddly Smooth Stone"},{"floor":26,"key":"Paper Crane"}],"event_choices":[{"damage_healed":0.0,"max_hp_gain":0.0,"max_hp_loss":0.0,"gold_gain":0.0,"event_name":"Scrap Ooze","player_choice":"Success","floor":2.0,"gold_loss":0.0,"damage_taken":18.0,"relics_obtained":["StrikeDummy"]},{"damage_healed":0.0,"max_hp_gain":0.0,"max_hp_loss":0.0,"gold_gain":100.0,"event_name":"Wheel of Change","player_choice":"Gold","floor":3.0,"gold_loss":0.0,"damage_taken":0.0},{"damage_healed":0.0,"max_hp_gain":0.0,"max_hp_loss":0.0,"gold_gain":0.0,"event_name":"Mushrooms","player_choice":"Fought Mushrooms","floor":10.0,"gold_loss":0.0,"damage_taken":0.0},{"damage_healed":0,"gold_gain":0,"player_choice":"Ignored","damage_taken":0,"max_hp_gain":0,"max_hp_loss":0,"event_name":"Vampires","floor":20,"gold_loss":0},{"damage_healed":0,"gold_gain":0,"player_choice":"Ignored","damage_taken":0,"max_hp_gain":0,"max_hp_loss":0,"event_name":"The Mausoleum","floor":24,"gold_loss":0}],"is_beta":false,"boss_relics":[{"not_picked":["Ectoplasm","Velvet Choker"],"picked":"HoveringKite"}],"items_purged_floors":[5,21],"is_endless":false,"potions_floor_spawned":[10,14,16,22,27,30],"killed_by":"Shelled Parasite and Fungi","ascension_level":20}}