{"host":"4coy96o7l3fioe37","time":1610195094,"event":{"mods":["AchievementEnabler","Act Like it!","AlwaysNeverKeys","BaseMod","Better Altar","Better Match","Better Note","Better Sensory Stone","Better Skull","Better Third Choice","Better Vampires","BetterRewards","ChefMod","Colored Map","Disable Question Mark Monsters","Downfall","Minty Spire (QoL Compilation)","Rare Cards Sparkle","StSLib","The Dragon Tamer","The Marked"],"gold_per_floor":[111,128,128,128,53,88,6,21,48,48,48,48,82,101,101,202,202,216,3,103,119,169,18,45,56,130,130,30,44,44,76,76,175,175,195,207,207,227,277,277,308,327,327,327,0,275,3,22,22,22,22],"floor_reached":50,"playtime":2628,"items_purged":["Regret","Guardian:Aged","hexamod:Haunted"],"score":616,"play_id":"d09d46cf-99ab-47b6-8593-02e094a0dd1e","local_time":"20210109122454","is_ascension_mode":false,"campfire_choices":[{"data":"Echo Form","floor":10.0,"key":"SMITH"},{"floor":12.0,"key":"REST"},{"data":"Static Discharge","floor":15.0,"key":"SMITH"},{"data":"Seek","floor":27.0,"key":"SMITH"},{"data":"Double Energy","floor":30.0,"key":"SMITH"},{"data":"Creative AI","floor":32.0,"key":"SMITH"},{"data":"Buffer","floor":40.0,"key":"SMITH"},{"floor":44.0,"key":"REST"},{"data":"Echo Form","floor":49,"key":"SMITH"}],"circlet_count":0,"master_deck":["Strike_B","Strike_B","Strike_B","Strike_B","Defend_B","Defend_B","Defend_B","Defend_B","Zap","Dualcast","Beam Cell","Apotheosis+1","Echo Form+1","Static Discharge+1","Ball Lightning","Creative AI+1","Echo Form+1","Double Energy+1","Conserve Battery","Seek+1","Auto Shields","Redo+1","Conserve Battery+1","Buffer+1","Stack+1","White Noise+1","Regret"],"relics":["Cracked Core","NeowsBlessing","PreservedInsect","Toy Ornithopter","White Beast Statue","Bag of Preparation","Cursed Key","CaptainsWheel","Eternal Feather","Calipers","Thread and Needle","Regal Pillow","Blue Candle","Red Mask","Lantern"],"acts_visited":["Exordium","TheCity","TheBeyond"],"potions_floor_usage":[50,50,50],"damage_taken":[{"damage":0.0,"enemies":"Cultist","floor":1.0,"turns":1.0},{"damage":0.0,"enemies":"2 Louse","floor":2.0,"turns":1.0},{"damage":0.0,"enemies":"Lagavulin","floor":6.0,"turns":1.0},{"damage":11.0,"enemies":"Jaw Worm","floor":8.0,"turns":4.0},{"damage":11.0,"enemies":"3 Sentries","floor":13.0,"turns":4.0},{"damage":3.0,"enemies":"Red Slaver","floor":14.0,"turns":3.0},{"damage":20.0,"enemies":"Slime Boss","floor":16.0,"turns":8.0},{"damage":14.0,"enemies":"Shell Parasite","floor":18.0,"turns":3.0},{"damage":18.0,"enemies":"Spheric Guardian","floor":21.0,"turns":3.0},{"damage":30.0,"enemies":"Slavers","floor":24.0,"turns":5.0},{"damage":0.0,"enemies":"Snecko","floor":25.0,"turns":4.0},{"damage":4.0,"enemies":"Shelled Parasite and Fungi","floor":29.0,"turns":5.0},{"damage":0.0,"enemies":"Gremlin Leader","floor":31.0,"turns":5.0},{"damage":4.0,"enemies":"Champ","floor":33.0,"turns":7.0},{"damage":0.0,"enemies":"3 Shapes","floor":35.0,"turns":4.0},{"damage":0.0,"enemies":"Orb Walker","floor":36.0,"turns":3.0},{"damage":30.0,"enemies":"Jaw Worm Horde","floor":38.0,"turns":6.0},{"damage":0.0,"enemies":"Mind Bloom Boss Battle","floor":39.0,"turns":5.0},{"damage":53.0,"enemies":"Reptomancer","floor":41.0,"turns":6.0},{"damage":0.0,"enemies":"Transient","floor":42.0,"turns":5.0},{"damage":0,"enemies":"Maw","floor":48,"turns":7},{"damage":99,"enemies":"Awakened One","floor":50,"turns":7}],"seed_played":"-4982121837765119822","potions_obtained":[{"floor":2.0,"key":"SmokeBomb"},{"floor":8.0,"key":"champ:CounterPotion"},{"floor":13.0,"key":"champ:CounterPotion"},{"floor":14.0,"key":"Regen Potion"},{"floor":18.0,"key":"Block Potion"},{"floor":24.0,"key":"Regen Potion"},{"floor":25.0,"key":"Weak Potion"},{"floor":29.0,"key":"EntropicBrew"},{"floor":31.0,"key":"Swift Potion"},{"floor":33.0,"key":"Dexterity Potion"},{"floor":35.0,"key":"FocusPotion"},{"floor":36.0,"key":"SkillPotion"},{"floor":38.0,"key":"PowerPotion"},{"floor":39.0,"key":"ColorlessPotion"},{"floor":41.0,"key":"LiquidMemories"},{"floor":42.0,"key":"FocusPotion"},{"floor":48,"key":"Energy Potion"}],"is_trial":false,"path_per_floor":["M","M","?","?","$","E","$","M","T","R","T","R","E","M","R","B",null,"M","$","?","M","?","$","E","M","T","R","$","M","R","E","R","B",null,"M","M","?","M","?","R","E","M","T","R","?","?","$","M","R","B"],"character_chosen":"DEFECT","items_purchased":["Static Discharge","Echo Form","Double Energy","Seek","Lantern"],"campfire_rested":2,"item_purchase_floors":[7,19,19,23,47],"current_hp_per_floor":[75,75,75,75,75,75,75,64,64,64,64,75,64,61,61,41,75,65,65,65,47,47,47,27,44,44,56,56,57,69,75,75,71,75,75,75,75,50,50,62,24,24,24,75,75,75,75,75,75,0,0],"gold":22,"neow_bonus":"THREE_ENEMY_KILL","is_daily":false,"chose_seed":false,"campfire_upgraded":7,"win_rate":0.0,"timestamp":1610195094,"path_taken":["M","M","?","?","$","E","?","?","T","R","?","R","E","?","R","BOSS","M","$","?","M","?","?","E","M","T","R","$","M","R","E","R","BOSS","M","M","?","?","?","R","E","M","T","R","?","?","$","?","R","BOSS"],"items_purchased_type":["Card","Card","Card","Card","Relic"],"build_version":"2020-12-22","purchased_purges":3,"victory":false,"max_hp_per_floor":[75,75,75,75,75,75,75,75,75,75,75,75,75,75,75,75,75,75,75,75,75,75,75,75,75,75,75,75,75,75,75,75,75,75,75,75,75,75,75,75,75,75,75,75,75,75,75,75,75,75,75],"card_choices":[{"not_picked":["Compile Driver","Stack","Aggregate"],"picked":"SKIP","floor":1.0},{"not_picked":["Hologram","Force Field"],"picked":"Beam Cell","floor":2.0},{"not_picked":["Steam Power","Undo"],"picked":"Echo Form","floor":6.0},{"not_picked":["Darkness","Hologram","Redo"],"picked":"SKIP","floor":8.0},{"not_picked":["Streamline","Cold Snap","Hologram"],"picked":"SKIP","floor":13.0},{"not_picked":["Redo","Go for the Eyes"],"picked":"Ball Lightning","floor":14.0},{"not_picked":["Seek","Thunder Strike"],"picked":"Creative AI","floor":16.0},{"not_picked":["FTL","Aggregate","Compile Driver"],"picked":"SKIP","floor":18.0},{"not_picked":["Redo","Streamline"],"picked":"Conserve Battery","floor":21.0},{"not_picked":["Beam Cell","Sweeping Beam"],"picked":"Auto Shields","floor":24.0},{"not_picked":["Hologram","Scrape"],"picked":"Redo+1","floor":25.0},{"not_picked":["Compile Driver","Ball Lightning","Hologram"],"picked":"SKIP","floor":29.0},{"not_picked":["Consume+1","Reprogram+1"],"picked":"Conserve Battery+1","floor":31.0},{"not_picked":["Meteor Strike","Multi-Cast"],"picked":"Buffer","floor":33.0},{"not_picked":["Rip and Tear","Beam Cell","Blizzard+1"],"picked":"SKIP","floor":35.0},{"not_picked":["Force Field","Rip and Tear","Fusion+1"],"picked":"SKIP","floor":36.0},{"not_picked":["Steam+1","Streamline+1","Cold Snap+1"],"picked":"SKIP","floor":38.0},{"not_picked":["Streamline","All For One"],"picked":"Stack+1","floor":41.0},{"not_picked":["Tempest","Defragment+1"],"picked":"White Noise+1","floor":42.0},{"not_picked":["Tempest","Sweeping Beam","Redo"],"picked":"SKIP","floor":48}],"player_experience":290627,"relics_obtained":[{"floor":6.0,"key":"PreservedInsect"},{"floor":9.0,"key":"Toy Ornithopter"},{"floor":11.0,"key":"White Beast Statue"},{"floor":13.0,"key":"Bag of Preparation"},{"floor":24.0,"key":"CaptainsWheel"},{"floor":26.0,"key":"Eternal Feather"},{"floor":31.0,"key":"Calipers"},{"floor":39.0,"key":"Thread and Needle"},{"floor":41.0,"key":"Regal Pillow"},{"floor":43.0,"key":"Blue Candle"}],"event_choices":[{"damage_healed":0.0,"max_hp_gain":0.0,"max_hp_loss":0.0,"gold_gain":0.0,"event_name":"Big Fish","player_choice":"Box","floor":3.0,"gold_loss":0.0,"damage_taken":0.0,"relics_obtained":["Dream Catcher"],"cards_obtained":["Regret"]},{"damage_healed":75.0,"max_hp_gain":0.0,"max_hp_loss":75.0,"gold_gain":0.0,"event_name":"betterThird:BetterShining","player_choice":"Protect","floor":4.0,"gold_loss":1.0,"damage_taken":0.0},{"damage_healed":0.0,"max_hp_gain":0.0,"max_hp_loss":0.0,"gold_gain":100.0,"event_name":"Golden Shrine","player_choice":"Pray","floor":20.0,"gold_loss":0.0,"damage_taken":0.0},{"damage_healed":0.0,"max_hp_gain":0.0,"max_hp_loss":0.0,"gold_gain":100.0,"event_name":"The Joust","player_choice":"Bet on Murderer","floor":22.0,"gold_loss":50.0,"damage_taken":0.0},{"damage_healed":0.0,"max_hp_gain":0.0,"max_hp_loss":0.0,"gold_gain":0.0,"event_name":"Transmorgrifier","player_choice":"Ignored","floor":37.0,"gold_loss":0.0,"damage_taken":0.0},{"damage_healed":0.0,"max_hp_gain":0.0,"max_hp_loss":0.0,"gold_gain":0.0,"event_name":"MindBloom","player_choice":"Fight","floor":39.0,"gold_loss":0.0,"damage_taken":0.0},{"damage_healed":0.0,"max_hp_gain":0.0,"max_hp_loss":0.0,"gold_gain":0.0,"event_name":"Tomb of Lord Red Mask","player_choice":"Paid","floor":45.0,"gold_loss":327.0,"damage_taken":0.0,"relics_obtained":["Red Mask"]},{"damage_healed":0.0,"max_hp_gain":0.0,"max_hp_loss":0.0,"gold_gain":275.0,"event_name":"Golden Shrine","player_choice":"Desecrate","floor":46.0,"gold_loss":0.0,"damage_taken":0.0,"cards_obtained":["Regret"]}],"is_beta":false,"boss_relics":[{"not_picked":["Inserter","expansioncontent:StudyCardRelic"],"picked":"Cursed Key"},{"not_picked":["Velvet Choker","Sozu","Fusion Hammer"]}],"items_purged_floors":[5,28,47],"is_endless":false,"potions_floor_spawned":[2,8,13,14,16,18,21,24,25,29,31,33,35,36,38,39,41,42,48],"killed_by":"Awakened One","ascension_level":0}}