{"host":"49c2zf0lajbcs427","time":1610184805,"event":{"mods":["AchievementEnabler","BaseMod","Colored Map","Colored Powertips","Highlight Path","Key Reminder","Minty Spire (QoL Compilation)","Relic Stats","StSLib"],"gold_per_floor":[110,65,65,80,80,80,92,92,147,0,34,52,87,99,99,204,204,223,138,138,29,3,3,16,36,61,89,102,129,143,243,243,341,341,357,357,357,357,147,147,147,147,172,10,41,41,61,61,61,61],"floor_reached":51,"playtime":3275,"items_purged":["Strike_G"],"score":1082,"play_id":"8b2cdeee-5b10-4659-8112-c22565d6d7dd","local_time":"20210109223325","is_ascension_mode":true,"campfire_choices":[{"data":"Finisher","floor":6,"key":"SMITH"},{"floor":8,"key":"REST"},{"floor":15,"key":"REST"},{"data":"Wraith Form v2","floor":23,"key":"SMITH"},{"floor":32,"key":"REST"},{"data":"Wraith Form v2","floor":40,"key":"SMITH"},{"data":"Well Laid Plans","floor":42,"key":"SMITH"},{"floor":46,"key":"REST"},{"floor":49,"key":"REST"}],"circlet_count":0,"master_deck":["Strike_G+1","Strike_G+1","Strike_G","Defend_G","Defend_G","Defend_G","Defend_G","Defend_G","Survivor","Neutralize+1","Finisher+1","Blade Dance","Crippling Poison","Crippling Poison","Blade Dance","Caltrops","Storm of Steel","Backflip","Wraith Form v2+1","Dagger Spray+1","Wraith Form v2+1","Footwork","Quick Slash+1","Bouncing Flask+1","Bane+1","Doppelganger","Outmaneuver+1","Madness","Madness","Backflip","Flash of Steel+1","Tactician","Well Laid Plans+1","Acrobatics","Footwork+1","Acrobatics","Blade Dance+1","Deflect+1","Heel Hook+1","Backflip","A Thousand Cuts","Acrobatics","PiercingWail+1","Blind","Trip","Finisher+1"],"relics":["SlaversCollar","Ancient Tea Set","Membership Card","Shuriken","Smiling Mask","Busted Crown","Molten Egg 2","DollysMirror","Juzu Bracelet","Whetstone","Strawberry","Mango","InkBottle","WristBlade","Orrery","Dream Catcher","Lantern","Ginger","keyreminder:keyreminder"],"acts_visited":["Exordium","TheCity","TheBeyond"],"potions_floor_usage":[11,11,13,29,30,31,33,33,50],"damage_taken":[{"damage":11,"enemies":"Cultist","floor":1,"turns":5},{"damage":7,"enemies":"Jaw Worm","floor":4,"turns":2},{"damage":6,"enemies":"Small Slimes","floor":7,"turns":4},{"damage":0,"enemies":"Lagavulin","floor":11,"turns":2},{"damage":6,"enemies":"Exordium Wildlife","floor":12,"turns":3},{"damage":7,"enemies":"3 Sentries","floor":13,"turns":5},{"damage":10,"enemies":"2 Fungi Beasts","floor":14,"turns":3},{"damage":21,"enemies":"The Guardian","floor":16,"turns":12},{"damage":0,"enemies":"Chosen","floor":18,"turns":3},{"damage":3,"enemies":"Spheric Guardian","floor":24,"turns":5},{"damage":3,"enemies":"3 Cultists","floor":25,"turns":5},{"damage":14,"enemies":"Gremlin Leader","floor":27,"turns":8},{"damage":3,"enemies":"Snake Plant","floor":28,"turns":4},{"damage":14,"enemies":"Book of Stabbing","floor":29,"turns":7},{"damage":6,"enemies":"Centurion and Healer","floor":30,"turns":5},{"damage":15,"enemies":"Colosseum Slavers","floor":31,"turns":5},{"damage":5,"enemies":"Colosseum Nobs","floor":31,"turns":3},{"damage":20,"enemies":"Champ","floor":33,"turns":7},{"damage":18,"enemies":"3 Darklings","floor":35,"turns":6},{"damage":0,"enemies":"Reptomancer","floor":45,"turns":5},{"damage":0,"enemies":"3 Shapes","floor":47,"turns":3},{"damage":17,"enemies":"Donu and Deca","floor":50,"turns":7}],"seed_played":"1989139231246412647","potions_obtained":[{"floor":1,"key":"DuplicationPotion"},{"floor":7,"key":"DistilledChaos"},{"floor":11,"key":"AttackPotion"},{"floor":16,"key":"SmokeBomb"},{"floor":24,"key":"SteroidPotion"},{"floor":28,"key":"BlessingOfTheForge"},{"floor":30,"key":"Strength Potion"},{"floor":31,"key":"PowerPotion"},{"floor":33,"key":"GhostInAJar"},{"floor":35,"key":"Block Potion"},{"floor":47,"key":"CunningPotion"}],"is_trial":false,"path_per_floor":["M","$","?","M","?","R","M","R","T","$","E","M","E","M","R","B",null,"M","?","?","$","$","R","M","M","T","E","M","E","M","?","R","B",null,"M","?","?","?","$","R","$","R","T","$","E","R","M","?","R","B",null],"character_chosen":"THE_SILENT","items_purchased":["Blade Dance","Membership Card","DollysMirror","Footwork","PowerPotion","Well Laid Plans","Acrobatics","Orrery","PowerPotion","Backflip","A Thousand Cuts","Lantern"],"campfire_rested":5,"item_purchase_floors":[2,10,21,21,22,39,39,39,39,44,44,44],"current_hp_per_floor":[52,52,52,45,38,38,32,53,53,53,53,47,40,30,51,30,60,60,60,60,60,60,60,57,54,54,40,37,30,24,18,45,25,75,57,46,46,46,46,46,46,46,46,46,46,73,73,63,90,73],"gold":61,"neow_bonus":"BOSS_RELIC","is_daily":false,"chose_seed":false,"campfire_upgraded":4,"win_rate":0.0,"timestamp":1610184805,"path_taken":["M","$","?","M","?","R","?","R","T","$","E","?","E","M","R","BOSS","M","?","?","?","$","R","M","M","T","E","M","E","M","?","R","BOSS","M","?","?","?","?","R","$","R","T","$","E","R","M","?","R","BOSS"],"items_purchased_type":["Card","Relic","Relic","Card","Potion","Card","Card","Relic","Potion","Card","Card","Relic"],"build_version":"2020-12-22","purchased_purges":1,"victory":true,"max_hp_per_floor":[70,70,70,70,70,70,70,70,70,70,70,70,70,70,70,70,70,70,70,70,70,70,70,70,70,70,70,70,77,77,91,91,91,91,91,91,91,91,91,91,91,91,91,91,91,91,91,91,91,91],"relic_stats":{"Dream Catcher":2,"Busted Crown":44,"counters":[22,109],"Shuriken":[76],"Juzu Bracelet":1,"Whetstone":["Strike_G","Strike_G"],"Ginger":[0],"Smiling Mask":-12,"obtain_stats":[{"Lantern":44,"Mango":31,"Juzu Bracelet":26,"Whetstone":27,"Ginger":45,"Ancient Tea Set":9,"Smiling Mask":13,"keyreminder:keyreminder":45,"SlaversCollar":0,"Dream Catcher":43,"Busted Crown":17,"WristBlade":34,"Shuriken":11,"DollysMirror":21,"Strawberry":29,"Orrery":39,"Molten Egg 2":19,"Membership Card":10,"InkBottle":31,"Ring of the Snake":0},{"Lantern":19,"Mango":17,"Juzu Bracelet":11,"Whetstone":12,"Ginger":20,"Ancient Tea Set":3,"Smiling Mask":6,"keyreminder:keyreminder":20,"SlaversCollar":0,"Dream Catcher":19,"Busted Crown":8,"WristBlade":18,"Shuriken":4,"DollysMirror":9,"Strawberry":14,"Orrery":19,"Molten Egg 2":9,"Membership Card":3,"InkBottle":17,"Ring of the Snake":0},{"Lantern":94,"Mango":81,"Juzu Bracelet":49,"Whetstone":57,"Ginger":99,"Ancient Tea Set":11,"Smiling Mask":21,"keyreminder:keyreminder":99,"SlaversCollar":0,"Dream Catcher":94,"Busted Crown":36,"WristBlade":88,"Shuriken":13,"DollysMirror":39,"Strawberry":68,"Orrery":94,"Molten Egg 2":39,"Membership Card":11,"InkBottle":81,"Ring of the Snake":0}],"InkBottle":[18]},"card_choices":[{"not_picked":["Choke","Dodge and Roll"],"picked":"Finisher","floor":1},{"not_picked":["Cloak And Dagger","Prepared"],"picked":"Crippling Poison","floor":4},{"not_picked":["Prepared","Backflip"],"picked":"Crippling Poison","floor":7},{"not_picked":["Noxious Fumes","Infinite Blades"],"picked":"Blade Dance","floor":11},{"not_picked":["Flechettes","Flying Knee"],"picked":"Caltrops","floor":12},{"not_picked":["Dodge and Roll","Masterful Stab"],"picked":"Storm of Steel","floor":13},{"not_picked":["Dodge and Roll","Acrobatics"],"picked":"Backflip","floor":14},{"not_picked":["Tools of the Trade","Grand Finale"],"picked":"Wraith Form v2","floor":16},{"not_picked":["Underhanded Strike"],"picked":"SKIP","floor":18},{"not_picked":["Deflect"],"picked":"SKIP","floor":24},{"not_picked":[],"picked":"Quick Slash+1","floor":25},{"not_picked":[],"picked":"Bouncing Flask+1","floor":27},{"not_picked":["Eviscerate+1"],"picked":"SKIP","floor":28},{"not_picked":["Heel Hook+1"],"picked":"SKIP","floor":29},{"not_picked":["Flying Knee+1"],"picked":"SKIP","floor":30},{"not_picked":[],"picked":"Bane+1","floor":31},{"not_picked":[],"picked":"Doppelganger","floor":33},{"not_picked":[],"picked":"Outmaneuver+1","floor":35},{"not_picked":[],"picked":"Footwork+1","floor":39},{"not_picked":[],"picked":"Acrobatics","floor":39},{"not_picked":[],"picked":"Blade Dance+1","floor":39},{"not_picked":[],"picked":"Deflect+1","floor":39},{"not_picked":[],"picked":"Heel Hook+1","floor":39},{"not_picked":["Heel Hook+1"],"picked":"SKIP","floor":45},{"not_picked":[],"picked":"Acrobatics","floor":46},{"not_picked":[],"picked":"PiercingWail+1","floor":47},{"not_picked":[],"picked":"Blind","floor":48},{"not_picked":[],"picked":"Trip","floor":48},{"not_picked":[],"picked":"Finisher+1","floor":49}],"player_experience":2270357,"relics_obtained":[{"floor":9,"key":"Ancient Tea Set"},{"floor":11,"key":"Shuriken"},{"floor":13,"key":"Smiling Mask"},{"floor":26,"key":"Juzu Bracelet"},{"floor":27,"key":"Whetstone"},{"floor":29,"key":"Strawberry"},{"floor":31,"key":"Mango"},{"floor":31,"key":"InkBottle"},{"floor":43,"key":"Dream Catcher"},{"floor":45,"key":"Ginger"}],"event_choices":[{"damage_healed":0,"gold_gain":0,"player_choice":"Grow","damage_taken":0,"max_hp_gain":0,"max_hp_loss":0,"event_name":"Living Wall","floor":3,"gold_loss":0,"cards_upgraded":["Neutralize"]},{"damage_healed":0,"gold_gain":0,"player_choice":"Damaged","damage_taken":7,"max_hp_gain":0,"max_hp_loss":0,"event_name":"Wheel of Change","floor":5,"gold_loss":0},{"damage_healed":0,"gold_gain":0,"player_choice":"Obtained Relic","damage_taken":0,"relics_obtained":["Molten Egg 2"],"max_hp_gain":0,"max_hp_loss":0,"event_name":"Addict","floor":19,"gold_loss":85},{"damage_healed":0,"gold_gain":0,"player_choice":"Read","damage_taken":0,"max_hp_gain":0,"max_hp_loss":0,"event_name":"The Library","floor":20,"gold_loss":0,"cards_obtained":["Dagger Spray"]},{"damage_healed":0,"gold_gain":0,"player_choice":"Fight","damage_taken":0,"max_hp_gain":0,"max_hp_loss":0,"event_name":"Colosseum","floor":31,"gold_loss":0},{"damage_healed":0,"gold_gain":0,"player_choice":"Fought Nobs","damage_taken":0,"max_hp_gain":0,"max_hp_loss":0,"event_name":"Colosseum","floor":31,"gold_loss":0},{"damage_healed":0,"gold_gain":0,"player_choice":"Embrace Madness","damage_taken":11,"max_hp_gain":0,"max_hp_loss":0,"event_name":"Winding Halls","floor":36,"gold_loss":0,"cards_obtained":["Madness","Madness"]},{"damage_healed":0,"gold_gain":0,"player_choice":"2 cards matched","damage_taken":0,"max_hp_gain":0,"max_hp_loss":0,"event_name":"Match and Keep!","floor":37,"gold_loss":0,"cards_obtained":["Backflip","Flash of Steel"]},{"damage_healed":0,"gold_gain":0,"player_choice":"2 cards matched","damage_taken":0,"max_hp_gain":0,"max_hp_loss":0,"event_name":"Match and Keep!","floor":37,"gold_loss":0,"cards_obtained":["Backflip","Flash of Steel"]},{"damage_healed":0,"gold_gain":0,"cards_transformed":["Strike_G"],"player_choice":"Transformed","damage_taken":0,"max_hp_gain":0,"max_hp_loss":0,"event_name":"Transmorgrifier","floor":38,"gold_loss":0,"cards_obtained":["Tactician"]},{"damage_healed":0,"gold_gain":0,"player_choice":"Memory 3","damage_taken":10,"max_hp_gain":0,"max_hp_loss":0,"event_name":"SensoryStone","floor":48,"gold_loss":0}],"is_beta":false,"boss_relics":[{"not_picked":["SacredBark","Astrolabe"],"picked":"Busted Crown"},{"not_picked":["Runic Dome","Black Star"],"picked":"WristBlade"}],"items_purged_floors":[39],"is_endless":false,"potions_floor_spawned":[1,7,11,16,24,28,30,31,31,33,35,47],"ascension_level":8}}