{"host":"v9ordiuf4xzdpttp","time":1610214419,"event":{"mods":["AchievementEnabler","Act Like it!","AlwaysNeverKeys","Aspiration","Bard","Bartender","BaseMod","Better Third Choice","Better Vampires","BetterRewards","Colored Map","Conspire","Dio Mod","Downfall","Energized Spire","Gold Saver","GungeonMod","Halation","Hubris","Infinite Spire","Ironclad Rager","Jedi Mod","Marked Mod","Melee Mod","Minty Spire (QoL Compilation)","Pale of the Ancients","Remove Card Discount Mod","Replay The Spire","Robot Space Explorer","SOS???????","Shop Mod","Small Relic Pack","Somnambulant","Spicy Shops","StSLib","The Bladedancer","The Bug Knight","The Construct","The Death Knight","The Exalted","The Hayseed","The Hierophant","The Jungle","The Mystic","The Runesmith","The Saiyan","The Senshi","The Servant 0.9.4","The Wild Card","TheBandit","vexMod","??????REMEMod"],"gold_per_floor":[513,703,803,815,830,830,857,857,857,857,873,873,889,48,48,145,145,165,183,201,211,226,226,226],"floor_reached":23,"playtime":1756,"items_purged":["Fight_Dirty"],"score":413,"play_id":"cb36bfbd-f4c9-440b-a0e9-34302408b816","local_time":"20210109124659","is_ascension_mode":true,"campfire_choices":[{"floor":6.0,"key":"REST"},{"floor":8.0,"key":"REST"},{"floor":12.0,"key":"REST"},{"floor":15,"key":"REST"}],"circlet_count":0,"master_deck":["Strike_R","Strike_R","Strike_R","Strike_R","Strike_R","Defend_R","Defend_R","Defend_R","Defend_R","Bash","jedi:MakeshiftSword","Pummel","Iron Wave","ReplayTheSpireMod:Splinters","Combust","Spot Weakness","jedi:fear","Heavy Blade","Headbutt","Fire Breathing","ReplayReversal","ReplayReversal","Spot Weakness","Berserk","Shrug It Off","jedi:fear","ReplayTheSpireMod:Muscle Training"],"relics":["Burning Blood","REME_ComplimentaryCards","infinitespire:Satchel","MerchantsRug","Singing Bowl","infinitespire:Beetle Shell","Bag of Preparation","jedi:heavyjacket","jedi:shrinkray","ClockworkSouvenir","Potion Belt","halation:PinkAlligatorPlush"],"acts_visited":["Exordium","TheCity"],"potions_floor_usage":[16,19,23],"damage_taken":[{"damage":21.0,"enemies":"conspire:RoseBush","floor":1.0,"turns":3.0},{"damage":6.0,"enemies":"Cultist","floor":4.0,"turns":3.0},{"damage":14.0,"enemies":"2 Louse","floor":5.0,"turns":3.0},{"damage":27.0,"enemies":"Lagavulin","floor":7.0,"turns":5.0},{"damage":12.0,"enemies":"Exordium Wildlife","floor":11.0,"turns":2.0},{"damage":33.0,"enemies":"conspire:2 RoseBushes","floor":13.0,"turns":4.0},{"damage":53,"enemies":"Hexaghost","floor":16,"turns":8},{"damage":51,"enemies":"Shell Parasite","floor":18,"turns":6},{"damage":28,"enemies":"Centurion and Healer","floor":19,"turns":5},{"damage":33,"enemies":"Shelled Parasite and Fungi","floor":20,"turns":5},{"damage":31,"enemies":"Sentry and Sphere","floor":21,"turns":5},{"damage":18,"enemies":"conspire:HollyBat","floor":22,"turns":8},{"damage":23,"enemies":"Nightmare","floor":23,"turns":3}],"seed_played":"3360478932073393090","potions_obtained":[{"floor":1.0,"key":"SkillPotion"},{"floor":5.0,"key":"SpeedPotion"},{"floor":11.0,"key":"EssenceOfSteel"},{"floor":18,"key":"Strength Potion"},{"floor":21,"key":"ColorlessPotion"}],"is_trial":false,"path_per_floor":["M","?","?","M","M","R","E","R","T","?","M","R","M","$","R","B",null,"M","M","M","M","M","NM"],"character_chosen":"IRONCLAD","items_purchased":["infinitespire:Satchel","jedi:MakeshiftSword","MerchantsRug","Pummel","jedi:heavyjacket","jedi:shrinkray","ClockworkSouvenir","Fire Breathing","Potion Belt","ReplayReversal"],"campfire_rested":4,"item_purchase_floors":[0,0,0,0,14,14,14,14,14,14],"current_hp_per_floor":[37,37,37,37,29,53,34,58,58,51,45,69,42,42,66,19,66,21,82,57,32,22,0,0],"gold":226,"neow_bonus":"","is_daily":false,"chose_seed":false,"campfire_upgraded":0,"win_rate":0.0,"timestamp":1610214419,"path_taken":["M","?","?","M","?","R","E","R","T","?","M","R","M","?","R","BOSS","M","?","M","M","M","NM"],"items_purchased_type":["Relic","Card","Relic","Card","Relic","Relic","Relic","Card","Relic","Card"],"build_version":"2020-12-22","purchased_purges":1,"victory":false,"max_hp_per_floor":[80,80,80,80,80,80,82,82,82,82,82,82,82,82,82,82,82,82,82,84,84,86,86,86],"card_choices":[{"not_picked":["Searing Blow","Hemokinesis"],"picked":"Iron Wave","floor":1.0},{"not_picked":["ReplayTheSpireMod:Strike From Hell","Body Slam"],"picked":"Combust","floor":2.0},{"not_picked":["Havoc","Twin Strike"],"picked":"Spot Weakness","floor":4.0},{"not_picked":["Heavy Blade","Armaments"],"picked":"jedi:fear","floor":5.0},{"not_picked":["Exhume","Run Through","ReplayTheSpireMod:Stacked"],"picked":"Singing Bowl","floor":7.0},{"not_picked":["Flex","Iron Wave"],"picked":"Heavy Blade","floor":11.0},{"not_picked":["Cleave","Body Slam"],"picked":"Headbutt","floor":13.0},{"not_picked":["Double Tap","REME_TheLastStrike"],"picked":"Berserk","floor":16},{"not_picked":["Fire Breathing+1","Havoc+1"],"picked":"Shrug It Off","floor":18},{"not_picked":["Entrench","Whirlwind"],"picked":"jedi:fear","floor":19},{"not_picked":["Pommel Strike","Shrug It Off","Havoc"],"picked":"Singing Bowl","floor":20},{"not_picked":["Seeing Red","Heavy Blade+1"],"picked":"ReplayTheSpireMod:Muscle Training","floor":21},{"not_picked":["Flex","True Grit","Replay:Undeath\u0027s Touch"],"picked":"Singing Bowl","floor":22}],"player_experience":254130,"relics_obtained":[{"floor":7.0,"key":"Singing Bowl"},{"floor":9.0,"key":"infinitespire:Beetle Shell"}],"event_choices":[{"damage_healed":0.0,"max_hp_gain":0.0,"max_hp_loss":0.0,"gold_gain":100.0,"event_name":"Golden Shrine","player_choice":"Pray","floor":3.0,"gold_loss":0.0,"damage_taken":0.0},{"damage_healed":0.0,"max_hp_gain":0.0,"max_hp_loss":0.0,"gold_gain":0.0,"event_name":"betterThird:BetterScrap","player_choice":"Relic ","floor":10.0,"gold_loss":0.0,"damage_taken":7.0,"cards_obtained":["Sanctity"]}],"is_beta":false,"boss_relics":[{"not_picked":["energizedSpire:NeverEndingSparkler","hubris:Stopwatch"],"picked":"halation:PinkAlligatorPlush"}],"items_purged_floors":[0],"is_endless":false,"potions_floor_spawned":[1,5,11,18,21],"killed_by":"Nightmare","ascension_level":8}}