{"host":"ig7tc0uedzltt2sr","time":1610234043,"event":{"mods":["BaseMod","Better Twitch Integration","Block Reminder","Colored Map","Colored Powertips","Communication Mod","Current Relic Mod","GifTheSpireLib","HexUI Lib","Minty Spire (QoL Compilation)","Quick Restart","Random Character Button","Rare Cards Sparkle","Relic Sorter","Relic Stats","Slay the Relics Exporter","StSLib","SuperFastMode","Synergy Search","Twitch Decklist","Twitch Utils","everything is the same but u backflip on backflip","slay the spire mod where everything is the same but ironclad has a cowboy hat"],"gold_per_floor":[109,59,74,22,122,122,138,138,138,149,164,116,116,143,143,143,143],"floor_reached":16,"playtime":120,"items_purged":[],"score":100,"play_id":"a915d342-1a37-44eb-ac35-68b1a1fdb00b","local_time":"20210109151403","is_ascension_mode":false,"campfire_choices":[{"data":"Defend_R","floor":6,"key":"SMITH"},{"data":"Defend_R","floor":8,"key":"SMITH"},{"data":"Heavy Blade","floor":15,"key":"SMITH"}],"circlet_count":0,"master_deck":["Strike_R","Strike_R","Strike_R","Strike_R","Strike_R","Defend_R+1","Defend_R+1","Defend_R","Bash","Armaments","Spot Weakness","Heavy Blade+1","Headbutt","Sword Boomerang+1","Iron Wave+1","Cleave+1"],"relics":["Burning Blood","Molten Egg 2","The Courier"],"acts_visited":["Exordium"],"potions_floor_usage":[],"damage_taken":[{"damage":7,"enemies":"2 Louse","floor":1,"turns":6},{"damage":23,"enemies":"Jaw Worm","floor":3,"turns":9},{"damage":0,"enemies":"Small Slimes","floor":7,"turns":3},{"damage":5,"enemies":"3 Louse","floor":10,"turns":6},{"damage":0,"enemies":"Blue Slaver","floor":11,"turns":5},{"damage":18,"enemies":"Gremlin Nob","floor":14,"turns":5},{"damage":71,"enemies":"Hexaghost","floor":16,"turns":11}],"seed_played":"-4464346823402795656","potions_obtained":[{"floor":3,"key":"Energy Potion"},{"floor":10,"key":"HeartOfIron"},{"floor":11,"key":"EssenceOfSteel"}],"is_trial":false,"path_per_floor":["M","?","M","$","?","R","M","R","T","M","M","$","$","E","R","B"],"character_chosen":"IRONCLAD","items_purchased":["Heavy Blade","Fire Potion"],"campfire_rested":0,"item_purchase_floors":[4,12],"current_hp_per_floor":[87,87,70,70,70,70,76,76,76,77,83,83,83,71,71,0,0],"gold":143,"neow_bonus":"TEN_PERCENT_HP_BONUS","is_daily":false,"chose_seed":false,"campfire_upgraded":3,"win_rate":0.0,"timestamp":1610234043,"path_taken":["M","?","M","?","?","R","M","R","T","M","?","?","$","E","R","BOSS"],"items_purchased_type":["Card","Potion"],"build_version":"2020-12-22","purchased_purges":0,"victory":false,"max_hp_per_floor":[88,88,88,88,88,88,88,88,88,88,88,88,88,88,88,88,88],"relic_stats":{"counters":[7,45],"obtain_stats":[{"Molten Egg 2":9,"The Courier":14,"Burning Blood":0},{"Molten Egg 2":3,"The Courier":6,"Burning Blood":0},{"Molten Egg 2":18,"The Courier":34,"Burning Blood":0}],"Burning Blood":36},"card_choices":[{"not_picked":["Warcry","Heavy Blade"],"picked":"Armaments","floor":1},{"not_picked":["True Grit","Cleave"],"picked":"Spot Weakness","floor":3},{"not_picked":["Heavy Blade","Sever Soul"],"picked":"Headbutt","floor":7},{"not_picked":["Shrug It Off","Fire Breathing"],"picked":"Sword Boomerang+1","floor":10},{"not_picked":["Evolve","Sword Boomerang+1"],"picked":"Iron Wave+1","floor":11},{"not_picked":["Flex","Carnage+1"],"picked":"Cleave+1","floor":14}],"player_experience":1473718,"relics_obtained":[{"floor":9,"key":"Molten Egg 2"},{"floor":14,"key":"The Courier"}],"event_choices":[{"cards_removed":["Defend_R"],"damage_healed":0,"gold_gain":0,"player_choice":"Card Removal","damage_taken":0,"max_hp_gain":0,"max_hp_loss":0,"event_name":"The Cleric","floor":2,"gold_loss":50},{"damage_healed":0,"gold_gain":100,"player_choice":"Pray","damage_taken":0,"max_hp_gain":0,"max_hp_loss":0,"event_name":"Golden Shrine","floor":5,"gold_loss":0}],"is_beta":false,"boss_relics":[],"items_purged_floors":[],"is_endless":false,"potions_floor_spawned":[3,10,11],"killed_by":"Hexaghost","ascension_level":0}}