{"host":"1a3cjta80tad0aqj","time":1610223448,"event":{"mods":["2.2 Compatiblity","AchievementEnabler","BaseMod","Colored Map","DeckTracker","KOR Keyword Fix","Keyboard Shortcuts","Minty Spire (QoL Compilation)","Permanent Neow","Quick Restart","Random Character Button","StSLib","SuperFastMode","everything is the same but u backflip on backflip"],"gold_per_floor":[119,132,148,73,83,83,83,83,83,83,83,101,111,125,125,226,226,246,246,246],"floor_reached":19,"playtime":571,"items_purged":["Bash"],"score":161,"play_id":"597e49ed-17e7-4650-a144-4e8b9cc20bc1","local_time":"20210110051728","is_ascension_mode":false,"campfire_choices":[{"data":"Twin Strike","floor":6,"key":"SMITH"},{"data":"Shrug It Off","floor":8,"key":"SMITH"},{"data":"Thunderclap","floor":11,"key":"SMITH"},{"data":"Sword Boomerang","floor":15,"key":"SMITH"}],"circlet_count":0,"master_deck":["Strike_R","Strike_R","Strike_R","Strike_R","Strike_R","Defend_R","Defend_R","Defend_R","Defend_R","Twin Strike+1","Thunderclap+1","Shrug It Off+1","Sword Boomerang+1","Rage","Shockwave","Fiend Fire","Perfected Strike"],"relics":["Burning Blood","NeowsBlessing"],"acts_visited":["Exordium","TheCity"],"potions_floor_usage":[16],"damage_taken":[{"damage":0,"enemies":"Small Slimes","floor":1,"turns":1},{"damage":0,"enemies":"2 Louse","floor":2,"turns":1},{"damage":0,"enemies":"Jaw Worm","floor":3,"turns":1},{"damage":9,"enemies":"3 Louse","floor":5,"turns":3},{"damage":0,"enemies":"2 Fungi Beasts","floor":12,"turns":2},{"damage":3,"enemies":"Blue Slaver","floor":13,"turns":4},{"damage":0,"enemies":"3 Louse","floor":14,"turns":2},{"damage":92,"enemies":"Hexaghost","floor":16,"turns":13},{"damage":12,"enemies":"3 Byrds","floor":18,"turns":6}],"seed_played":"2762745167350231348","potions_obtained":[{"floor":1,"key":"BloodPotion"},{"floor":12,"key":"BloodPotion"},{"floor":18,"key":"EssenceOfSteel"}],"is_trial":false,"path_per_floor":["M","M","M","$","M","R","?","R","T","?","R","M","M","M","R","B",null,"M","?"],"character_chosen":"IRONCLAD","items_purchased":[],"campfire_rested":0,"item_purchase_floors":[],"current_hp_per_floor":[80,80,80,80,77,77,77,77,77,82,82,85,85,85,85,16,85,79,79,79],"gold":246,"neow_bonus":"THREE_ENEMY_KILL","is_daily":false,"chose_seed":true,"campfire_upgraded":4,"win_rate":0.0,"timestamp":1610223448,"path_taken":["M","M","M","$","M","R","?","R","T","?","R","M","M","M","R","BOSS","M","?"],"items_purchased_type":[],"build_version":"2020-12-22","purchased_purges":1,"victory":false,"max_hp_per_floor":[80,80,80,80,80,80,80,80,80,85,85,85,85,85,85,85,85,85,85,85],"card_choices":[{"not_picked":["Dark Embrace","Sentinel"],"picked":"Twin Strike","floor":1},{"not_picked":["Body Slam","Twin Strike"],"picked":"Thunderclap","floor":2},{"not_picked":["Headbutt","Armaments","Warcry"],"picked":"SKIP","floor":3},{"not_picked":["Uppercut","Reckless Charge"],"picked":"Shrug It Off","floor":5},{"not_picked":["Anger","Headbutt"],"picked":"Sword Boomerang","floor":12},{"not_picked":["Second Wind","Blood for Blood"],"picked":"Rage","floor":13},{"not_picked":["Sword Boomerang","Flex"],"picked":"Shockwave","floor":14},{"not_picked":["Berserk","Impervious"],"picked":"Fiend Fire","floor":16},{"not_picked":["Wild Strike","Inflame"],"picked":"Perfected Strike","floor":18}],"player_experience":248495,"relics_obtained":[],"event_choices":[{"damage_healed":0,"gold_gain":0,"player_choice":"Ignored","damage_taken":0,"max_hp_gain":0,"max_hp_loss":0,"event_name":"Liars Game","floor":7,"gold_loss":0},{"damage_healed":0,"gold_gain":0,"player_choice":"Donut","damage_taken":0,"max_hp_gain":5,"max_hp_loss":0,"event_name":"Big Fish","floor":10,"gold_loss":0}],"is_beta":false,"boss_relics":[{"not_picked":[]}],"items_purged_floors":[4],"is_endless":false,"potions_floor_spawned":[1,12,18],"ascension_level":0}}