{"host":"sav7uxregyirlf69","time":1610200485,"event":{"mods":["AchievementEnabler","BaseMod","Colored Map","DeckTracker","Keyboard Shortcuts","Minty Spire (QoL Compilation)","READ ME - Guardian Mod","StSLib","SuperFastMode"],"gold_per_floor":[116,116,191,209,219,219,236,87,87,106,106,106,106,106],"floor_reached":13,"playtime":189,"items_purged":["Strike_R"],"score":150,"play_id":"8265cf07-64a9-4cfc-b072-fcf96ee8f6e3","local_time":"20210109225445","is_ascension_mode":true,"campfire_choices":[{"data":"Fire Breathing","floor":6,"key":"SMITH"},{"floor":12,"key":"REST"}],"circlet_count":0,"master_deck":["AscendersBane","Strike_R","Strike_R","Strike_R","Strike_R","Defend_R","Defend_R","Defend_R","Defend_R","Bash","Shrug It Off","Fire Breathing+1","Evolve"],"relics":["Burning Blood","Pen Nib","StrikeDummy","Oddly Smooth Stone"],"acts_visited":["Exordium"],"potions_floor_usage":[7],"damage_taken":[{"damage":1,"enemies":"2 Louse","floor":1,"turns":2},{"damage":1,"enemies":"Small Slimes","floor":4,"turns":4},{"damage":4,"enemies":"Jaw Worm","floor":5,"turns":6},{"damage":10,"enemies":"Gremlin Gang","floor":7,"turns":3},{"damage":40,"enemies":"Exordium Thugs","floor":10,"turns":5},{"damage":45,"enemies":"Lagavulin","floor":13,"turns":7}],"seed_played":"8367519140554282375","potions_obtained":[{"floor":4,"key":"ElixirPotion"},{"floor":5,"key":"Swift Potion"},{"floor":7,"key":"Ancient Potion"}],"is_trial":false,"path_per_floor":["M","?","?","M","M","R","M","$","T","M","?","R","E"],"character_chosen":"IRONCLAD","items_purchased":["Evolve"],"campfire_rested":1,"item_purchase_floors":[8],"current_hp_per_floor":[73,78,67,72,74,74,70,70,70,36,10,34,0,0],"gold":106,"neow_bonus":"RANDOM_COMMON_RELIC","is_daily":false,"chose_seed":false,"campfire_upgraded":1,"win_rate":0.0,"timestamp":1610200485,"path_taken":["M","?","?","M","M","R","M","$","T","M","?","R","E"],"items_purchased_type":["Card"],"build_version":"2020-12-22","purchased_purges":1,"victory":false,"max_hp_per_floor":[75,80,80,80,80,80,80,80,80,80,80,80,80,80],"card_choices":[{"not_picked":["Twin Strike","Iron Wave"],"picked":"Shrug It Off","floor":1},{"not_picked":["Cleave","Heavy Blade"],"picked":"Fire Breathing","floor":4},{"not_picked":["Sentinel","Disarm","Flex"],"picked":"SKIP","floor":5},{"not_picked":["Body Slam","Juggernaut","Metallicize"],"picked":"SKIP","floor":7},{"not_picked":["Sword Boomerang","Shrug It Off","Heavy Blade"],"picked":"SKIP","floor":10}],"player_experience":1214441,"relics_obtained":[{"floor":9,"key":"StrikeDummy"}],"event_choices":[{"damage_healed":0,"gold_gain":0,"player_choice":"Donut","damage_taken":0,"max_hp_gain":5,"max_hp_loss":0,"event_name":"Big Fish","floor":2,"gold_loss":0},{"damage_healed":0,"gold_gain":75,"player_choice":"Gather Gold","damage_taken":11,"max_hp_gain":0,"max_hp_loss":0,"event_name":"World of Goop","floor":3,"gold_loss":0},{"damage_healed":0,"gold_gain":0,"player_choice":"Success","damage_taken":26,"relics_obtained":["Oddly Smooth Stone"],"max_hp_gain":0,"max_hp_loss":0,"event_name":"Scrap Ooze","floor":11,"gold_loss":0}],"is_beta":false,"boss_relics":[],"items_purged_floors":[8],"is_endless":false,"potions_floor_spawned":[4,5,7],"killed_by":"Lagavulin","ascension_level":20}}