{"host":"i1ue3w889ogl1u8b","time":1610170562,"event":{"mods":["BaseMod","CapriCore","Downfall","Hermit","KinomotoSakuraMod(木之本樱)","Minty Spire (QoL Compilation)","Quick Restart","StSLib","The Construct","Yakumo Yukari mod","Yuyuko","【角色mod】十八桐人","篝火指南"],"gold_per_floor":[119,119,136,58,78,78,78,78,78,3,3,18,30,42,42,140,140,160,179,179,179,79,79,105,105,130,158,171,270,270,270],"floor_reached":30,"playtime":648,"items_purged":["Strike_B","Strike_B"],"score":284,"play_id":"0d03cb5c-d5b3-4b35-ba57-585ac0685596","local_time":"20210109133602","is_ascension_mode":true,"campfire_choices":[{"data":"Defragment","floor":6.0,"key":"SMITH"},{"data":"Dualcast","floor":8.0,"key":"SMITH"},{"data":"Hologram","floor":11.0,"key":"SMITH"},{"data":"Streamline","floor":15.0,"key":"SMITH"},{"data":"Electrodynamics","floor":23.0,"key":"SMITH"},{"floor":25.0,"key":"REST"}],"circlet_count":0,"master_deck":["Strike_B","Defend_B","Defend_B","Defend_B","Defend_B","Zap+1","Dualcast+1","Streamline+1","Hologram+1","Defragment+1","Cold Snap","Capacitor","Machine Learning","Ball Lightning","Electrodynamics+1","Consume","Turbo+1","Glacier"],"relics":["Cracked Core","Juzu Bracelet","Pantograph","construct:WeddingRing","Tiny Chest","Eternal Feather"],"acts_visited":["Exordium","TheCity"],"potions_floor_usage":[],"damage_taken":[{"damage":2.0,"enemies":"Jaw Worm","floor":1.0,"turns":3.0},{"damage":12.0,"enemies":"Small Slimes","floor":3.0,"turns":3.0},{"damage":2.0,"enemies":"2 Louse","floor":5.0,"turns":2.0},{"damage":8.0,"enemies":"Looter","floor":12.0,"turns":3.0},{"damage":9.0,"enemies":"Blue Slaver","floor":13.0,"turns":3.0},{"damage":18.0,"enemies":"Large Slime","floor":14.0,"turns":5.0},{"damage":22.0,"enemies":"Hexaghost","floor":16.0,"turns":8.0},{"damage":22.0,"enemies":"2 Thieves","floor":18.0,"turns":2.0},{"damage":14.0,"enemies":"Shell Parasite","floor":19.0,"turns":5.0},{"damage":26.0,"enemies":"Book of Stabbing","floor":24.0,"turns":5.0},{"damage":38.0,"enemies":"Slavers","floor":27.0,"turns":4.0},{"damage":2,"enemies":"Centurion and Healer","floor":28,"turns":3},{"damage":13,"enemies":"Gremlin Leader","floor":30,"turns":1}],"seed_played":"4084120142080524455","potions_obtained":[{"floor":3.0,"key":"Ancient Potion"},{"floor":13.0,"key":"SteroidPotion"},{"floor":14.0,"key":"Fire Potion"},{"floor":18.0,"key":"Fruit Juice"},{"floor":19.0,"key":"SneckoOil"}],"is_trial":false,"path_per_floor":["M","?","M","$","M","R","?","R","T","$","R","M","M","M","R","B",null,"M","M","?","?","$","R","E","R","T","E","M","?","E"],"character_chosen":"DEFECT","items_purchased":["Defragment"],"campfire_rested":1,"item_purchase_floors":[4],"current_hp_per_floor":[73,73,61,61,59,59,64,64,64,64,64,56,47,29,29,32,80,63,49,49,49,49,49,23,48,48,10,8,8,0,0],"gold":270,"neow_bonus":"RANDOM_COMMON_RELIC","is_daily":false,"chose_seed":false,"campfire_upgraded":5,"win_rate":0.0,"timestamp":1610170562,"path_taken":["M","?","M","$","M","R","?","R","T","$","R","M","M","M","R","BOSS","M","M","?","?","$","R","E","R","T","E","M","?","E"],"items_purchased_type":["Card"],"build_version":"2020-12-22","purchased_purges":2,"victory":false,"max_hp_per_floor":[75,75,75,75,75,75,80,80,80,80,80,80,80,80,80,80,80,85,85,85,85,85,85,85,85,85,85,85,85,85,85],"card_choices":[{"not_picked":["Beam Cell","Steam"],"picked":"Streamline","floor":1.0},{"not_picked":["Streamline","Compile Driver"],"picked":"Hologram","floor":3.0},{"not_picked":["Double Energy","Gash"],"picked":"Cold Snap","floor":5.0},{"not_picked":["Hologram","Gash"],"picked":"Capacitor","floor":12.0},{"not_picked":["Redo","Auto Shields"],"picked":"Machine Learning","floor":13.0},{"not_picked":["Beam Cell","Heatsinks"],"picked":"Ball Lightning","floor":14.0},{"not_picked":["Amplify","Hyperbeam"],"picked":"Electrodynamics","floor":16.0},{"not_picked":["Cold Snap","Gash","Sweeping Beam"],"picked":"SKIP","floor":18.0},{"not_picked":["Steam Power","Sweeping Beam"],"picked":"Consume","floor":19.0},{"not_picked":["Steam Power","Steam"],"picked":"Turbo+1","floor":24.0},{"not_picked":["Creative AI","Reinforced Body+1"],"picked":"Glacier","floor":27.0},{"not_picked":["Fusion","Gash","Chaos+1"],"picked":"SKIP","floor":28}],"player_experience":317919,"relics_obtained":[{"floor":9.0,"key":"Pantograph"},{"floor":24.0,"key":"Tiny Chest"},{"floor":27.0,"key":"Eternal Feather"}],"event_choices":[{"damage_healed":0.0,"max_hp_gain":0.0,"max_hp_loss":0.0,"gold_gain":0.0,"event_name":"Living Wall","player_choice":"Grow","floor":2.0,"gold_loss":0.0,"damage_taken":0.0,"cards_upgraded":["Zap"]},{"damage_healed":0.0,"max_hp_gain":5.0,"max_hp_loss":0.0,"gold_gain":0.0,"event_name":"Big Fish","player_choice":"Donut","floor":7.0,"gold_loss":0.0,"damage_taken":0.0},{"damage_healed":0.0,"max_hp_gain":0.0,"max_hp_loss":0.0,"gold_gain":0.0,"event_name":"Vampires","player_choice":"Ignored","floor":20.0,"gold_loss":0.0,"damage_taken":0.0},{"cards_removed":["Strike_B"],"damage_healed":0.0,"max_hp_gain":0.0,"max_hp_loss":0.0,"gold_gain":0.0,"event_name":"Back to Basics","player_choice":"Elegance","floor":21.0,"gold_loss":0.0,"damage_taken":0.0},{"damage_healed":0,"gold_gain":99,"player_choice":"Stole From Cult","damage_taken":0,"max_hp_gain":0,"max_hp_loss":0,"event_name":"Nest","floor":29,"gold_loss":0}],"is_beta":false,"boss_relics":[{"not_picked":["Inserter","Busted Crown"],"picked":"construct:WeddingRing"}],"items_purged_floors":[10,22],"is_endless":false,"potions_floor_spawned":[3,13,14,18,19],"killed_by":"Gremlin Leader","ascension_level":2}}