{"host":"¿à÷økuyou","time":1610176987,"event":{"mods":["ATMod(°¢èªMod)","Act Like it!","BaseMod","BetterRewards","Minty Spire (QoL Compilation)","Quick Restart","RyuuouÁúÍõ","StSLib"],"gold_per_floor":[114,114,129,129,304,342,342,386,436,474,518,518,518,631,631,781,781,825,919,988,988,1013,1068,1158,188,188,293,408,13,143,308,308,693,693,758,898,898,2938,3053,5258,5258,7413,7463,9668,9668,9668,11708,11708,11708,13958],"floor_reached":51,"playtime":1532,"items_purged":["AT_IrregularMenstruation","Grand Finale"],"score":1315,"play_id":"6d324151-ea27-4ab2-89e7-f7f888f573c4","local_time":"20210109152307","daily_mods":["Shiny","Green Cards","Terminal"],"is_ascension_mode":false,"campfire_choices":[{"data":"Ragnarok","floor":7.0,"key":"SMITH"},{"data":"After Image","floor":13.0,"key":"SMITH"},{"data":"AT_Desolate","floor":15.0,"key":"SMITH"},{"floor":32,"key":"DIG"},{"floor":41,"key":"DIG"},{"floor":45,"key":"DIG"},{"floor":49,"key":"DIG"}],"circlet_count":0,"master_deck":["AT_EssenceShift+1","Corpse Explosion+1","Die Die Die+1","Adrenaline+1","Envenom+1","Doppelganger+1","Burst+1","Wraith Form v2+1","Tools of the Trade+1","After Image+1","A Thousand Cuts+1","AT_KingSlayer+1","Venomology+1","Malaise+1","Phantasmal Killer+1","AT_MyraUnstableElement+1","Night Terror+1","Unload+1","Bullet Time+1","Storm of Steel+1","Glass Knife+1","Brilliance+1","Devotion+1","AT_MachinaRedman+1","LessonLearned+1","Vault+1","Alpha+1","Establishment+1","DeusExMachina+1","AT_RealColorLess+1","Judgement+1","ConjureBlade+1","MasterReality+1","Blasphemy+1","Ragnarok+1","Scrawl+1","AT_ChampionKick+1","Wish+1","Omniscience+1","SpiritShield+1","DevaForm+1","AT_FamilyPortrait+1","AT_TwilightShroud+1","Acrobatics+1","Doubt","Wallop+1","Brilliance+1","AT_Desolate+1","AT_ChampionStep+1","Wish+1","Noxious Fumes+1","Catalyst+1","AT_ArcaneSupremacy+1","AT_EmpoweredMortalDraw+1","DevaForm+1","DevaForm+1","Caltrops+1","LessonLearned+1","AT_ThistleTea+1","Ryuuou:NotRegret+1","AT_ChampionStep+1","Madness+1","Madness"],"relics":["PureWater","AT_ATBox","CaptainsWheel","Bloody Idol","Meat on the Bone","AT_BladeRuinedKing","AT_MibuBalloonWealth","AT_Manta","AT_TrinityForce","Omamori","AT_ImmortalShieldbow","AT_ForceNature","FossilizedHelix","AT_LudenTempest","Shovel","Ancient Tea Set","AT_TheCollector","Letter Opener","Calling Bell","Akabeko","Frozen Egg 2","Girya","Boot","Bottled Flame","Bag of Preparation","Damaru","Blood Vial","AT_GuinsooRageblade","HornCleat"],"acts_visited":["Exordium","TheCity","TheBeyond"],"potions_floor_usage":[30,30,30],"damage_taken":[{"damage":3.0,"enemies":"Small Slimes","floor":1.0,"turns":2.0},{"damage":0.0,"enemies":"2 Louse","floor":3.0,"turns":1.0},{"damage":7.0,"enemies":"3 Sentries","floor":6.0,"turns":5.0},{"damage":6.0,"enemies":"Jaw Worm","floor":8.0,"turns":4.0},{"damage":13.0,"enemies":"Gremlin Nob","floor":10.0,"turns":5.0},{"damage":0.0,"enemies":"Looter","floor":11.0,"turns":2.0},{"damage":0.0,"enemies":"3 Sentries","floor":14.0,"turns":7.0},{"damage":2.0,"enemies":"The Guardian","floor":16.0,"turns":7.0},{"damage":0.0,"enemies":"Spheric Guardian","floor":18.0,"turns":1.0},{"damage":0.0,"enemies":"Shell Parasite","floor":19.0,"turns":2.0},{"damage":0.0,"enemies":"Shelled Parasite and Fungi","floor":20.0,"turns":4.0},{"damage":0.0,"enemies":"Book of Stabbing","floor":23.0,"turns":2.0},{"damage":0.0,"enemies":"3 Cultists","floor":24.0,"turns":1.0},{"damage":0,"enemies":"Gremlin Leader","floor":27,"turns":1},{"damage":0,"enemies":"Centurion and Healer","floor":28,"turns":2},{"damage":0,"enemies":"Book of Stabbing","floor":30,"turns":2},{"damage":0,"enemies":"Sentry and Sphere","floor":31,"turns":1},{"damage":0,"enemies":"Automaton","floor":33,"turns":8},{"damage":0,"enemies":"Orb Walker","floor":35,"turns":1},{"damage":0,"enemies":"3 Darklings","floor":36,"turns":2},{"damage":7,"enemies":"Writhing Mass","floor":38,"turns":2},{"damage":0,"enemies":"4 Shapes","floor":39,"turns":2},{"damage":0,"enemies":"Reptomancer","floor":40,"turns":2},{"damage":0,"enemies":"Nemesis","floor":42,"turns":1},{"damage":0,"enemies":"Reptomancer","floor":44,"turns":1},{"damage":0,"enemies":"Transient","floor":47,"turns":1},{"damage":0,"enemies":"Donu and Deca","floor":50,"turns":1}],"seed_played":"579003938715623652","potions_obtained":[{"floor":3.0,"key":"ColorlessPotion"},{"floor":10.0,"key":"DuplicationPotion"},{"floor":11.0,"key":"DuplicationPotion"},{"floor":20.0,"key":"Weak Potion"},{"floor":31,"key":"Strength Potion"}],"is_trial":false,"path_per_floor":["M","?","M","?","?","E","R","M","T","E","M","?","R","E","R","B",null,"M","M","M","?","T","E","M","$","T","E","M","$","E","M","R","B",null,"M","M","?","M","M","E","R","E","T","E","R","?","M","?","R","B",null],"character_chosen":"WATCHER","items_purchased":["AT_ForceNature","FossilizedHelix","AT_EmpoweredMortalDraw","DevaForm","DevaForm","Ancient Tea Set"],"campfire_rested":0,"item_purchase_floors":[25,25,25,25,29,29],"current_hp_per_floor":[68,43,43,26,26,19,19,25,25,24,36,36,36,36,36,34,54,53,52,51,50,49,48,47,46,45,44,43,42,41,40,39,38,37,36,35,34,33,32,31,30,29,28,27,26,23,24,23,22,21],"gold":13958,"neow_bonus":"","is_daily":true,"chose_seed":false,"campfire_upgraded":3,"win_rate":0.0,"timestamp":1610176987,"path_taken":["M","?","M","?","?","E","R","M","T","E","?","?","R","E","R","BOSS","M","?","M","?","?","E","M","$","T","E","M","$","E","M","R","BOSS","M","M","?","M","M","E","R","E","T","E","R","?","M","?","R","BOSS"],"items_purchased_type":["Relic","Relic","Card","Card","Card","Relic"],"build_version":"2020-12-18","purchased_purges":2,"victory":true,"max_hp_per_floor":[70,69,68,67,66,65,64,63,62,61,60,59,58,57,56,55,54,53,52,51,50,49,48,47,46,45,44,43,42,41,40,39,38,37,36,35,34,33,32,31,30,29,28,27,26,25,24,23,22,21],"card_choices":[{"not_picked":["Flying Knee","Blade Dance"],"picked":"AT_TwilightShroud","floor":1.0},{"not_picked":["Cloak And Dagger","Wireheading"],"picked":"Acrobatics","floor":3.0},{"not_picked":["Predator","Vengeance","Underhanded Strike"],"picked":"SKIP","floor":6.0},{"not_picked":["Dagger Spray","FlurryOfBlows"],"picked":"Wallop","floor":8.0},{"not_picked":["All Out Attack","Predator"],"picked":"Brilliance","floor":10.0},{"not_picked":["Cloak And Dagger","FollowUp"],"picked":"AT_Desolate","floor":11.0},{"not_picked":["Slice","Prostrate"],"picked":"AT_ChampionStep","floor":14.0},{"not_picked":["Wraith Form v2","Devotion"],"picked":"Wish","floor":16.0},{"not_picked":["Dodge and Roll","SashWhip"],"picked":"Noxious Fumes","floor":18.0},{"not_picked":["AT_WomanClash","Poisoned Stab+1","Outmaneuver"],"picked":"SKIP","floor":19.0},{"not_picked":["Evaluate","EmptyMind+1"],"picked":"Catalyst","floor":20.0},{"not_picked":["Endless Agony+1","Indignation+1"],"picked":"AT_ArcaneSupremacy+1","floor":23.0},{"not_picked":["Reflex","CrushJoints","AT_WomanClash"],"picked":"SKIP","floor":24.0},{"not_picked":["SashWhip","EmptyFist","Quick Slash"],"picked":"SKIP","floor":27},{"not_picked":["Slice","Masterful Stab","CutThroughFate+1"],"picked":"SKIP","floor":28},{"not_picked":["AT_ThistleTea","Protect+1"],"picked":"Caltrops+1","floor":30},{"not_picked":["Devotion","Underhanded Strike+1","Evaluate"],"picked":"SKIP","floor":31},{"not_picked":["Corpse Explosion","Devotion"],"picked":"LessonLearned","floor":33},{"not_picked":["InnerPeace","Nirvana+1","Backflip"],"picked":"SKIP","floor":35},{"not_picked":["Doppelganger","Deflect+1"],"picked":"AT_ThistleTea","floor":36},{"not_picked":["Poisoned Stab","Well Laid Plans+1","Blade Dance+1"],"picked":"SKIP","floor":38},{"not_picked":["Prostrate","Deadly Poison+1","ClearTheMind"],"picked":"SKIP","floor":39},{"not_picked":["Slice","Cloak And Dagger"],"picked":"AT_ChampionStep+1","floor":40},{"not_picked":["WheelKick","Doppelganger","FollowUp"],"picked":"SKIP","floor":42},{"not_picked":["Tantrum","TalkToTheHand+1","Outmaneuver"],"picked":"SKIP","floor":44},{"not_picked":["Terror","Evaluate+1","FlyingSleeves"],"picked":"SKIP","floor":47}],"player_experience":169788,"relics_obtained":[{"floor":6.0,"key":"Meat on the Bone"},{"floor":9.0,"key":"AT_BladeRuinedKing"},{"floor":10.0,"key":"AT_MibuBalloonWealth"},{"floor":14.0,"key":"AT_Manta"},{"floor":22.0,"key":"Omamori"},{"floor":23.0,"key":"AT_ImmortalShieldbow"},{"floor":26,"key":"AT_LudenTempest"},{"floor":27,"key":"Shovel"},{"floor":30,"key":"AT_TheCollector"},{"floor":32,"key":"Letter Opener"},{"floor":34,"key":"Akabeko"},{"floor":34,"key":"Frozen Egg 2"},{"floor":34,"key":"Girya"},{"floor":40,"key":"Boot"},{"floor":41,"key":"Bottled Flame"},{"floor":42,"key":"Bag of Preparation"},{"floor":43,"key":"Damaru"},{"floor":44,"key":"Blood Vial"},{"floor":45,"key":"AT_GuinsooRageblade"},{"floor":49,"key":"HornCleat"}],"event_choices":[{"damage_healed":0.0,"max_hp_gain":0.0,"max_hp_loss":0.0,"gold_gain":0.0,"event_name":"Scrap Ooze","player_choice":"Success","floor":2.0,"gold_loss":0.0,"damage_taken":25.0,"relics_obtained":["CaptainsWheel"]},{"damage_healed":0.0,"max_hp_gain":0.0,"max_hp_loss":0.0,"gold_gain":0.0,"event_name":"Golden Idol","player_choice":"Take Damage","floor":4.0,"gold_loss":0.0,"damage_taken":17.0,"relics_obtained":["Golden Idol"]},{"damage_healed":0.0,"max_hp_gain":0.0,"max_hp_loss":0.0,"gold_gain":175.0,"event_name":"Liars Game","player_choice":"AGREE","floor":5.0,"gold_loss":0.0,"damage_taken":0.0,"cards_obtained":["Doubt"]},{"damage_healed":0.0,"max_hp_gain":0.0,"max_hp_loss":0.0,"gold_gain":0.0,"event_name":"Lab","player_choice":"Got Potions","floor":12.0,"gold_loss":0.0,"damage_taken":0.0},{"damage_healed":0.0,"max_hp_gain":0.0,"max_hp_loss":0.0,"gold_gain":0.0,"event_name":"Forgotten Altar","player_choice":"Gave Idol","floor":21.0,"relics_lost":["Golden Idol"],"gold_loss":0.0,"damage_taken":0.0,"relics_obtained":["Bloody Idol"]},{"damage_healed":0,"gold_gain":0,"player_choice":"Embrace Madness","damage_taken":3,"max_hp_gain":0,"max_hp_loss":0,"event_name":"Winding Halls","floor":46,"gold_loss":0,"cards_obtained":["Madness","Madness"]},{"damage_healed":0,"gold_gain":0,"player_choice":"Forge","damage_taken":0,"max_hp_gain":0,"max_hp_loss":0,"event_name":"Accursed Blacksmith","floor":48,"gold_loss":0,"cards_upgraded":["Madness"]}],"is_beta":true,"boss_relics":[{"not_picked":["VioletLotus","Fusion Hammer"],"picked":"AT_TrinityForce"},{"not_picked":["Velvet Choker","Coffee Dripper"],"picked":"Calling Bell"}],"items_purged_floors":[25,29],"is_endless":false,"potions_floor_spawned":[3,10,11,18,19,20,31,35,39,40,44],"ascension_level":0}}