{"host":"ekyl8r8j8fco3zlk","time":1610170032,"event":{"mods":["ATMod(∞¢Ë™Mod)","Act Like it!","Arknights The Spire","BaseMod","CapriCore","Decade(Õı–°√˜)","Friendly Minions","Gensokyo","Hallownest","Lobotomy","LobotomyExtend","Marisa£®ÏF”Í°°ƒß¿Ì…≥£©","Minty Spire (QoL Compilation)","READ ME - Guardian Mod","Rare Cards Sparkle","Reimu£®≤©¿ˆ¡È√Œ£©","StSLib","The Alterego","The Animator","The Bug Knight","The Immortal","The Jungle","Waifu the Spire","WarShipGirlsR/’ΩΩ¢…Ÿ≈ÆR mod","°æ“≈ŒÔø®≈∆°øREMEMod"],"gold_per_floor":[113,131,151,163,163,163,173,200,200,219,250,250,263,276,276,381,381,396,409,426,426,12,12,12,31,31,31,31,55,68,78,78,183,183,201,214,214,267,267,267,302,302,302,0,0,0,0],"floor_reached":46,"playtime":1652,"items_purged":["ats:Defend"],"score":512,"play_id":"d0bf044e-0e79-4208-b4bd-293968d71cb3","local_time":"20210109132712","is_ascension_mode":false,"campfire_choices":[{"data":"REME_HeartOfCthun","floor":6,"key":"SMITH"},{"data":"AT_TearsDenial","floor":12,"key":"SMITH"},{"data":"ats:Neurotoxin","floor":15,"key":"SMITH"},{"data":"ats:Ambush","floor":24,"key":"SMITH"},{"data":"AT_EmpoweredMortalDraw","floor":27,"key":"SMITH"},{"data":"ats:Overload","floor":32,"key":"SMITH"},{"floor":40,"key":"REST"},{"data":"ats:Support Order","floor":42,"key":"SMITH"}],"circlet_count":0,"master_deck":["ats:Strike C","ats:Strike S","ats:Strike V","ats:Armor Crushing Shot","ats:Defend","ats:Defend","ats:Defend","ats:Emotion Absorption","AT_TearsDenial+1","REME_HeartOfCthun+1","ats:Powerful Strike","ats:Poison Spread","ats:Flexible Camouflage","ats:Consecutive Shot Auto","ats:Support Order+1","ats:Childhood Dance","ats:Curse Doll","ats:Hook Shot","ats:Cat Scratch","ats:Neurotoxin+1","ats:Ambush+1","ats:Shell Defense","ats:Song Of Battle+1","ats:Overload+1","AT_EmpoweredMortalDraw+1","ats:Sword Rain","ats:Automatic Cover","ats:Blood Oath+1","ats:Shadow Raid","ats:Dogmatic Field","ats:Demon Strength+1","Madness","Madness","ats:Explosion Area Strengthen+1","ats:Calcification"],"relics":["ats:Sanity","AT_ATBox","REME_ComplimentaryCards","PreservedInsect","LetterFromLob","ats:Originium","ats:Ability Aura","ats:Rhine Circuitry","AT_RedTearstoneRing","ats:Tactical Delivery","Letter Opener","AT_SpeedBoots","Black Star","Girya","Happy Flower","Bottled Lightning","ats:Berate","Red Mask"],"acts_visited":["Exordium","TheCity","TheBeyond"],"potions_floor_usage":[8,11,33,33,33,41],"damage_taken":[{"damage":10,"enemies":"Cultist","floor":1,"turns":5},{"damage":0,"enemies":"Small Slimes","floor":2,"turns":2},{"damage":0,"enemies":"Jaw Worm","floor":3,"turns":3},{"damage":0,"enemies":"3 Louse","floor":4,"turns":1},{"damage":11,"enemies":"Exordium Wildlife","floor":7,"turns":2},{"damage":4,"enemies":"3 Sentries","floor":8,"turns":3},{"damage":8,"enemies":"2 Fungi Beasts","floor":10,"turns":3},{"damage":0,"enemies":"Gremlin Nob","floor":11,"turns":2},{"damage":0,"enemies":"Blue Slaver","floor":13,"turns":1},{"damage":0,"enemies":"3 Louse","floor":14,"turns":1},{"damage":21,"enemies":"Slime Boss","floor":16,"turns":4},{"damage":22,"enemies":"2 Thieves","floor":18,"turns":3},{"damage":0,"enemies":"Chosen","floor":19,"turns":3},{"damage":17,"enemies":"Snake Plant","floor":20,"turns":5},{"damage":5,"enemies":"Centurion and Healer","floor":25,"turns":3},{"damage":3,"enemies":"Cultist and Chosen","floor":30,"turns":3},{"damage":0,"enemies":"Sentry and Sphere","floor":31,"turns":3},{"damage":20,"enemies":"Automaton","floor":33,"turns":7},{"damage":18,"enemies":"3 Darklings","floor":35,"turns":5},{"damage":14,"enemies":"3 Shapes","floor":36,"turns":4},{"damage":43,"enemies":"2 Orb Walkers","floor":38,"turns":4},{"damage":61,"enemies":"Giant Head","floor":41,"turns":7},{"damage":37,"enemies":"Reptomancer","floor":46,"turns":2}],"seed_played":"4127384447953400591","potions_obtained":[{"floor":2,"key":"Block Potion"},{"floor":4,"key":"Ancient Potion"},{"floor":5,"key":"DistilledChaos"},{"floor":8,"key":"Strength Potion"},{"floor":11,"key":"PowerPotion"},{"floor":13,"key":"Dexterity Potion"},{"floor":35,"key":"LiquidMemories"}],"is_trial":false,"path_per_floor":["M","M","M","M","?","R","M","E","T","M","E","R","M","M","R","B",null,"M","M","M","?","$","E","R","M","T","R","?","T","M","M","R","B",null,"M","M","?","?","?","R","E","R","T","?","$","E"],"character_chosen":"DOCTOR_CLASS","items_purchased":["ats:Overload","AT_EmpoweredMortalDraw","ats:Sword Rain"],"campfire_rested":1,"item_purchase_floors":[22,22,22],"current_hp_per_floor":[62,62,62,62,62,62,51,47,47,39,39,39,39,39,39,18,72,50,50,36,23,23,23,23,18,18,18,18,18,15,22,22,10,77,65,51,41,3,3,26,19,19,19,19,19,0,0],"gold":0,"neow_bonus":"RANDOM_COMMON_RELIC","is_daily":false,"chose_seed":false,"campfire_upgraded":7,"win_rate":0.0,"timestamp":1610170032,"path_taken":["M","M","?","M","?","R","M","E","T","M","E","R","M","M","R","BOSS","M","M","?","?","?","E","R","?","T","R","?","?","M","M","R","BOSS","M","M","?","?","?","R","E","R","T","?","$","E"],"items_purchased_type":["Card","Card","Card"],"build_version":"2020-12-22","purchased_purges":1,"victory":false,"max_hp_per_floor":[72,72,72,72,72,72,72,72,72,72,72,72,72,72,72,72,72,72,72,72,77,77,77,77,77,77,77,77,77,77,77,77,77,77,77,77,77,77,77,77,77,77,77,77,77,77,77],"card_choices":[{"not_picked":["ats:Cat Scratch","ats:Song Of Battle"],"picked":"ats:Powerful Strike","floor":1},{"not_picked":["ats:Revitalization","ats:Cat Scratch"],"picked":"ats:Poison Spread","floor":2},{"not_picked":["ats:Automatic Cover","ats:Burning Ground"],"picked":"ats:Flexible Camouflage","floor":3},{"not_picked":["ats:Spore Proliferation","ats:Cat Scratch"],"picked":"ats:Consecutive Shot Auto","floor":4},{"not_picked":["ats:Collapsing Strike","ats:Sword Rain"],"picked":"ats:Support Order","floor":7},{"not_picked":["ats:Chain Hook","ats:Sword Rain"],"picked":"ats:Childhood Dance","floor":8},{"not_picked":["ats:Steam Pump","ats:Leaping Hammer"],"picked":"ats:Curse Doll","floor":10},{"not_picked":["ats:Consecutive Shot Auto","ats:Steam Pump"],"picked":"ats:Hook Shot","floor":11},{"not_picked":["ats:Childhood Dance","ats:Red Shift"],"picked":"ats:Cat Scratch","floor":13},{"not_picked":["ats:Consecutive Shot Auto","ats:Charging Defense"],"picked":"ats:Neurotoxin","floor":14},{"not_picked":["ats:Roar Of Ursus","ats:Durian"],"picked":"ats:Ambush","floor":16},{"not_picked":["ats:Ignite","ats:Cat Scratch+1","ats:Composite Medical Shells"],"picked":"SKIP","floor":18},{"not_picked":["ats:Curse Doll+1","ats:Neurotoxin"],"picked":"ats:Shell Defense","floor":19},{"not_picked":["ats:Directed Diagnosis","ats:Consecutive Shot Auto"],"picked":"ats:Song Of Battle+1","floor":20},{"not_picked":["ats:Cat Scratch","ats:Echo Reverb"],"picked":"ats:Automatic Cover","floor":25},{"not_picked":["ats:Composite Medical Shells+1","ats:Powerful Strike"],"picked":"ats:Blood Oath+1","floor":30},{"not_picked":["ats:Leaping Hammer","ats:Closed Bolt Burst Fire"],"picked":"ats:Shadow Raid","floor":31},{"not_picked":["ats:Echo Reverb","ats:Rat Pack"],"picked":"ats:Dogmatic Field","floor":33},{"not_picked":["ats:Curse Doll","ats:Red Shift","ats:Overload+1"],"picked":"SKIP","floor":35},{"not_picked":["ats:Cat Scratch+1","ats:Shell Defense"],"picked":"ats:Demon Strength+1","floor":36},{"not_picked":["ats:Curse Doll","ats:Apocalypse"],"picked":"ats:Explosion Area Strengthen+1","floor":38},{"not_picked":["ats:Sunburst","ats:Flexible Camouflage+1"],"picked":"ats:Calcification","floor":41}],"player_experience":837596,"relics_obtained":[{"floor":1,"key":"LetterFromLob"},{"floor":8,"key":"ats:Originium"},{"floor":8,"key":"ats:Ability Aura"},{"floor":9,"key":"ats:Rhine Circuitry"},{"floor":11,"key":"ats:Originium"},{"floor":11,"key":"AT_RedTearstoneRing"},{"floor":26,"key":"Letter Opener"},{"floor":29,"key":"AT_SpeedBoots"},{"floor":38,"key":"Girya"},{"floor":41,"key":"Happy Flower"},{"floor":41,"key":"Bottled Lightning"},{"floor":43,"key":"ats:Berate"}],"event_choices":[{"damage_healed":0,"gold_gain":0,"player_choice":"Got Potions","damage_taken":0,"max_hp_gain":0,"max_hp_loss":0,"event_name":"Lab","floor":5,"gold_loss":0},{"damage_healed":0,"gold_gain":0,"player_choice":"Shed Blood","damage_taken":18,"max_hp_gain":5,"max_hp_loss":0,"event_name":"Forgotten Altar","floor":21,"gold_loss":0},{"damage_healed":0,"gold_gain":0,"player_choice":"Embrace Madness","damage_taken":10,"max_hp_gain":0,"max_hp_loss":0,"event_name":"Winding Halls","floor":37,"gold_loss":0,"cards_obtained":["Madness","Madness"]},{"damage_healed":0,"gold_gain":0,"player_choice":"Fight","damage_taken":0,"max_hp_gain":0,"max_hp_loss":0,"event_name":"Mysterious Sphere","floor":38,"gold_loss":0},{"cards_removed":["ats:Strike G"],"damage_healed":0,"gold_gain":0,"player_choice":"Removed Attack","damage_taken":0,"max_hp_gain":0,"max_hp_loss":0,"event_name":"Falling","floor":39,"gold_loss":0},{"damage_healed":0,"gold_gain":0,"player_choice":"Paid","damage_taken":0,"relics_obtained":["Red Mask"],"max_hp_gain":0,"max_hp_loss":0,"event_name":"Tomb of Lord Red Mask","floor":44,"gold_loss":302}],"is_beta":false,"boss_relics":[{"not_picked":["ats:Sanity Plus","Sozu"],"picked":"ats:Tactical Delivery"},{"not_picked":["Philosopher\u0027s Stone","Snecko Eye"],"picked":"Black Star"}],"items_purged_floors":[22],"is_endless":false,"potions_floor_spawned":[2,4,8,11,13,18,25,35],"killed_by":"Reptomancer","ascension_level":0}}