{"host":"yecadp3kwkksam5a","time":1610188383,"event":{"mods":["BaseMod","Minty Spire (QoL Compilation)","StSLib"],"gold_per_floor":[115,115,40,57,57,90,90,122,145,162,197,111,111,129,129,202,202,202],"floor_reached":17,"playtime":744,"items_purged":[],"score":421,"play_id":"ab269e36-12c6-43bb-8412-e8ec9c3a4673","local_time":"20210109193303","daily_mods":["Draft"],"is_ascension_mode":true,"campfire_choices":[{"data":"Recycle","floor":7,"key":"SMITH"},{"data":"Creative AI","floor":15,"key":"SMITH"}],"circlet_count":0,"master_deck":["AscendersBane","Genetic Algorithm","Fusion","Streamline","Hologram","Storm","Turbo","Storm","Recycle+1","Coolheaded","Steam","Streamline","Loop","Compile Driver","BootSequence","Static Discharge","Storm","Compile Driver","Creative AI+1","Storm","Defragment","Echo Form"],"relics":["Cracked Core","Dream Catcher","Incense Burner","Ginger","Toxic Egg 2","Black Star"],"acts_visited":["Exordium","TheCity"],"potions_floor_usage":[8],"damage_taken":[{"damage":1.0,"enemies":"Small Slimes","floor":1.0,"turns":4.0},{"damage":0,"enemies":"Cultist","floor":4,"turns":3},{"damage":10,"enemies":"Lagavulin","floor":6,"turns":4},{"damage":15,"enemies":"3 Sentries","floor":8,"turns":5},{"damage":2,"enemies":"2 Louse","floor":10,"turns":3},{"damage":0,"enemies":"Lagavulin","floor":11,"turns":5},{"damage":20,"enemies":"Lots of Slimes","floor":14,"turns":4},{"damage":49,"enemies":"The Guardian","floor":16,"turns":6}],"seed_played":"-4446400931731203290","potions_obtained":[{"floor":4,"key":"EntropicBrew"},{"floor":6,"key":"AttackPotion"},{"floor":8,"key":"FairyPotion"},{"floor":13,"key":"FairyPotion"}],"is_trial":true,"path_per_floor":["M","?","$","M","?","E","R","E","T","M","E","$","?","M","R","B",null],"character_chosen":"DEFECT","items_purchased":["Storm","Defragment"],"campfire_rested":0,"item_purchase_floors":[3,12],"current_hp_per_floor":[63,63,63,63,63,53,53,38,38,36,36,36,36,16,16,6,55,55],"gold":202,"neow_bonus":"","is_daily":false,"chose_seed":false,"campfire_upgraded":2,"win_rate":0.0,"timestamp":1610188383,"path_taken":["M","?","?","M","?","E","R","E","T","M","E","$","?","?","R","BOSS"],"items_purchased_type":["Card","Card"],"build_version":"2020-12-22","purchased_purges":0,"victory":false,"max_hp_per_floor":[71,71,71,71,71,71,71,71,71,71,71,71,71,71,71,71,71,71],"card_choices":[{"not_picked":["Compile Driver","Sweeping Beam"],"picked":"Genetic Algorithm","floor":0.0},{"not_picked":["Hello World","Skim"],"picked":"Fusion","floor":0.0},{"not_picked":["Stack","Sweeping Beam"],"picked":"Streamline","floor":0.0},{"not_picked":["Reinforced Body","Beam Cell"],"picked":"Hologram","floor":0.0},{"not_picked":["Hologram","Compile Driver"],"picked":"Storm","floor":0.0},{"not_picked":["Redo","Barrage"],"picked":"Turbo","floor":0.0},{"not_picked":["Sweeping Beam","Conserve Battery"],"picked":"Storm","floor":0.0},{"not_picked":["Turbo","Lockon"],"picked":"Recycle","floor":0.0},{"not_picked":["Go for the Eyes","Sweeping Beam"],"picked":"Coolheaded","floor":0.0},{"not_picked":["Force Field","Beam Cell"],"picked":"Steam","floor":0.0},{"not_picked":["Barrage","Steam Power"],"picked":"Streamline","floor":0.0},{"not_picked":["Leap","Turbo"],"picked":"Loop","floor":0.0},{"not_picked":["Rebound","Cold Snap"],"picked":"Compile Driver","floor":0.0},{"not_picked":["Steam","Go for the Eyes"],"picked":"BootSequence","floor":0.0},{"not_picked":["Rebound","Steam"],"picked":"Compile Driver","floor":0.0},{"not_picked":["Rebound","Turbo"],"picked":"Static Discharge","floor":1.0},{"not_picked":["Skim","Sweeping Beam"],"picked":"Compile Driver","floor":4},{"not_picked":["Turbo","Ball Lightning","Sweeping Beam"],"picked":"SKIP","floor":6},{"not_picked":["Turbo","Go for the Eyes"],"picked":"Creative AI","floor":8},{"not_picked":["Gash","Ball Lightning","Reprogram"],"picked":"SKIP","floor":10},{"not_picked":["Amplify+1","Stack+1"],"picked":"Storm","floor":11},{"not_picked":["Sweeping Beam","Blizzard","Steam+1"],"picked":"SKIP","floor":14},{"not_picked":["Hyperbeam","Reboot+1"],"picked":"Echo Form","floor":16}],"player_experience":455717,"relics_obtained":[{"floor":6,"key":"Incense Burner"},{"floor":8,"key":"Ginger"},{"floor":11,"key":"Toxic Egg 2"}],"event_choices":[{"cards_removed":["Compile Driver"],"damage_healed":0.0,"max_hp_gain":0.0,"max_hp_loss":0.0,"gold_gain":0.0,"event_name":"WeMeetAgain","player_choice":"Gave Card","floor":2.0,"gold_loss":0.0,"damage_taken":0.0,"relics_obtained":["Dream Catcher"]},{"damage_healed":0,"gold_gain":0,"player_choice":"Leave","damage_taken":0,"max_hp_gain":0,"max_hp_loss":0,"event_name":"The Cleric","floor":5,"gold_loss":0},{"damage_healed":0,"gold_gain":0,"player_choice":"Got Potions","damage_taken":0,"max_hp_gain":0,"max_hp_loss":0,"event_name":"Lab","floor":13,"gold_loss":0}],"is_beta":false,"boss_relics":[{"not_picked":["Sozu","Velvet Choker"],"picked":"Black Star"}],"items_purged_floors":[],"is_endless":false,"potions_floor_spawned":[4,6,8],"ascension_level":20}}