{"host":"1p0ug38l8q9et435","time":1610221760,"event":{"mods":["AchievementEnabler","BaseMod","Colored Powertips","Downfall","Minty Spire (QoL Compilation)","StSLib","UnlockEverythingMod"],"gold_per_floor":[112,287,237,237,254,280,0,16,39,39,70,70,87,103,103,208,208,225,245,109,109,109],"floor_reached":21,"playtime":1461,"items_purged":[],"score":214,"play_id":"31f8ce27-ad30-420d-9d57-970796c41521","local_time":"20210109114920","is_ascension_mode":false,"campfire_choices":[{"data":"Eruption","floor":10,"key":"SMITH"},{"floor":12,"key":"REST"},{"floor":15,"key":"REST"}],"circlet_count":0,"master_deck":["Strike_P","Strike_P","Strike_P","Strike_P","Defend_P+1","Defend_P","Defend_P","Defend_P","Eruption+1","Vigilance","Adaptation","Nirvana","EmptyBody+1","Tantrum","EmptyFist","EmptyMind","WreathOfFlame","FlurryOfBlows","Wireheading","Establishment","CurseOfTheBell","Evaluate+1","ThirdEye","Dramatic Entrance"],"relics":["PureWater","NeowsBlessing","Blood Vial","TheAbacus","Orichalcum","War Paint","Calling Bell","CloakClasp","HornCleat","Ancient Tea Set"],"acts_visited":["Exordium","TheCity"],"potions_floor_usage":[11,14,21,21],"damage_taken":[{"damage":0,"enemies":"Jaw Worm","floor":1,"turns":1},{"damage":0,"enemies":"Small Slimes","floor":5,"turns":1},{"damage":0,"enemies":"3 Sentries","floor":6,"turns":1},{"damage":0,"enemies":"Cultist","floor":8,"turns":2},{"damage":27,"enemies":"Gremlin Nob","floor":11,"turns":4},{"damage":9,"enemies":"Exordium Wildlife","floor":13,"turns":4},{"damage":13,"enemies":"Gremlin Gang","floor":14,"turns":4},{"damage":19,"enemies":"Slime Boss","floor":16,"turns":12},{"damage":10,"enemies":"Chosen","floor":18,"turns":4},{"damage":24,"enemies":"3 Byrds","floor":19,"turns":7},{"damage":76,"enemies":"Cultist and Chosen","floor":21,"turns":8}],"seed_played":"-1667367774444257872","potions_obtained":[{"floor":1,"key":"AttackPotion"},{"floor":4,"key":"FairyPotion"},{"floor":4,"key":"Regen Potion"},{"floor":14,"key":"SteroidPotion"},{"floor":19,"key":"SteroidPotion"}],"is_trial":false,"path_per_floor":["M","?","?","?","M","E","$","M","T","R","E","R","M","M","R","B",null,"M","M","$","M"],"character_chosen":"WATCHER","items_purchased":["TheAbacus","Tantrum","EmptyFist","ThirdEye","Dramatic Entrance"],"campfire_rested":2,"item_purchase_floors":[7,7,7,20,20],"current_hp_per_floor":[72,72,72,72,72,72,72,72,72,72,45,66,59,57,72,53,72,62,40,40,0,0],"gold":109,"neow_bonus":"THREE_ENEMY_KILL","is_daily":false,"chose_seed":false,"campfire_upgraded":1,"win_rate":0.0,"timestamp":1610221760,"path_taken":["M","?","?","?","?","E","$","M","T","R","E","R","M","M","R","BOSS","M","M","$","M"],"items_purchased_type":["Relic","Card","Card","Card","Card"],"build_version":"2020-12-22","purchased_purges":0,"victory":false,"max_hp_per_floor":[72,72,72,72,72,72,72,72,72,72,72,72,72,72,72,72,72,72,72,72,72,72],"card_choices":[{"not_picked":["SignatureMove","PathToVictory"],"picked":"Adaptation","floor":1},{"not_picked":["ClearTheMind","Indignation"],"picked":"Nirvana","floor":5},{"not_picked":["BowlingBash","Crescendo"],"picked":"EmptyBody","floor":6},{"not_picked":["CrushJoints","Brilliance"],"picked":"EmptyMind","floor":8},{"not_picked":["BowlingBash","ClearTheMind"],"picked":"WreathOfFlame","floor":11},{"not_picked":["Collect","Evaluate"],"picked":"FlurryOfBlows","floor":13},{"not_picked":["EmptyBody","Prostrate"],"picked":"Wireheading","floor":14},{"not_picked":["ConjureBlade","Brilliance"],"picked":"Establishment","floor":16},{"not_picked":["TalkToTheHand+1","CrushJoints"],"picked":"Evaluate+1","floor":18},{"not_picked":["BowlingBash","InnerPeace","SashWhip"],"picked":"SKIP","floor":19}],"player_experience":8351,"relics_obtained":[{"floor":6,"key":"Blood Vial"},{"floor":9,"key":"Orichalcum"},{"floor":11,"key":"War Paint"},{"floor":17,"key":"CloakClasp"},{"floor":17,"key":"HornCleat"},{"floor":17,"key":"Ancient Tea Set"}],"event_choices":[{"damage_healed":0,"gold_gain":175,"player_choice":"AGREE","damage_taken":0,"max_hp_gain":0,"max_hp_loss":0,"event_name":"Liars Game","floor":2,"gold_loss":0,"cards_obtained":["Doubt"]},{"cards_removed":["Doubt"],"damage_healed":0,"gold_gain":0,"player_choice":"Card Removal","damage_taken":0,"max_hp_gain":0,"max_hp_loss":0,"event_name":"The Cleric","floor":3,"gold_loss":50},{"damage_healed":0,"gold_gain":0,"player_choice":"Got Potions","damage_taken":0,"max_hp_gain":0,"max_hp_loss":0,"event_name":"Lab","floor":4,"gold_loss":0}],"is_beta":false,"boss_relics":[{"not_picked":["Coffee Dripper","Empty Cage"],"picked":"Calling Bell"}],"items_purged_floors":[],"is_endless":false,"potions_floor_spawned":[1,5,14,19],"killed_by":"Cultist and Chosen","ascension_level":0}}