{"host":"9v3x998ddbx8o276","time":1610150763,"event":{"mods":["AchievementEnabler","BaseMod","Colored Map","Colored Powertips","Highlight Path","Minty Spire (QoL Compilation)","Quick Restart","Rare Cards Sparkle"],"gold_per_floor":[111,125,52,52,70,70,70,97,97,125,125,165,116,116,116,236,236,260,260,36,51,63,97,22,22,22,52,64,64,99,116,116,116,116],"floor_reached":33,"playtime":1041,"items_purged":["Strike_R"],"score":337,"play_id":"f2595a81-8d04-40c4-8152-7917d6bc6e61","local_time":"20210109103603","is_ascension_mode":true,"campfire_choices":[{"data":"Uppercut","floor":6.0,"key":"SMITH"},{"floor":15.0,"key":"REST"},{"data":"Spot Weakness","floor":25.0,"key":"SMITH"},{"floor":29.0,"key":"REST"},{"data":"Immolate","floor":32,"key":"SMITH"}],"circlet_count":0,"master_deck":["Strike_R","Strike_R","Strike_R","Strike_R","Defend_R","Defend_R","Defend_R","Defend_R","Bash","Uppercut+1","Wild Strike","Decay","Heavy Blade","Perfected Strike","Body Slam","Immolate+1","Battle Trance","Twin Strike","Spot Weakness+1","Fire Breathing","Infernal Blade+1","Sword Boomerang","Dual Wield","Impervious","Reckless Charge+1","Headbutt+1","Burning Pact","Twin Strike+1"],"relics":["Black Blood","NeowsBlessing","Prayer Wheel","Kunai","Sundial","Bloody Idol","Red Skull","Lantern","Ancient Tea Set","Turnip","Self Forming Clay","MealTicket"],"acts_visited":["Exordium","TheCity"],"potions_floor_usage":[30,30,33],"damage_taken":[{"damage":0.0,"enemies":"Cultist","floor":1.0,"turns":1.0},{"damage":0.0,"enemies":"2 Louse","floor":2.0,"turns":1.0},{"damage":0.0,"enemies":"Jaw Worm","floor":5.0,"turns":1.0},{"damage":54.0,"enemies":"3 Sentries","floor":8.0,"turns":9.0},{"damage":26.0,"enemies":"Gremlin Nob","floor":10.0,"turns":4.0},{"damage":26.0,"enemies":"3 Sentries","floor":12.0,"turns":8.0},{"damage":29.0,"enemies":"Slime Boss","floor":16.0,"turns":10.0},{"damage":38.0,"enemies":"2 Thieves","floor":18.0,"turns":4.0},{"damage":15.0,"enemies":"3 Byrds","floor":21.0,"turns":4.0},{"damage":16.0,"enemies":"Snecko","floor":22.0,"turns":4.0},{"damage":38.0,"enemies":"Slavers","floor":23.0,"turns":3.0},{"damage":22.0,"enemies":"Book of Stabbing","floor":27.0,"turns":3.0},{"damage":20.0,"enemies":"Centurion and Healer","floor":28.0,"turns":6.0},{"damage":31,"enemies":"Gremlin Leader","floor":30,"turns":8},{"damage":10,"enemies":"Sentry and Sphere","floor":31,"turns":3},{"damage":44,"enemies":"Automaton","floor":33,"turns":6}],"seed_played":"-3961937215422872441","potions_obtained":[{"floor":1.0,"key":"Swift Potion"},{"floor":8.0,"key":"DuplicationPotion"},{"floor":10.0,"key":"BloodPotion"},{"floor":16.0,"key":"Dexterity Potion"},{"floor":18.0,"key":"DistilledChaos"},{"floor":23.0,"key":"Strength Potion"},{"floor":28.0,"key":"BloodPotion"},{"floor":31,"key":"Energy Potion"}],"is_trial":false,"path_per_floor":["M","M","$","?","M","R","?","E","T","E","?","E","?","T","R","B",null,"M","?","$","M","M","E","$","R","T","E","M","R","E","M","R","B"],"character_chosen":"IRONCLAD","items_purchased":["LiquidMemories","Spot Weakness","Fire Breathing","BloodPotion","Fire Potion"],"campfire_rested":2,"item_purchase_floors":[3,20,20,20,20],"current_hp_per_floor":[80,80,80,80,80,80,85,37,37,17,17,12,12,12,35,12,79,53,53,68,70,71,50,50,50,50,45,42,65,65,72,72,28,28],"gold":116,"neow_bonus":"THREE_ENEMY_KILL","is_daily":false,"chose_seed":false,"campfire_upgraded":3,"win_rate":0.0,"timestamp":1610150763,"path_taken":["M","?","$","?","?","R","?","E","T","E","?","E","?","?","R","BOSS","M","?","$","M","M","E","$","R","T","E","M","R","E","M","R","BOSS"],"items_purchased_type":["Potion","Card","Card","Potion","Potion"],"build_version":"2020-12-22","purchased_purges":1,"victory":false,"max_hp_per_floor":[80,80,80,80,80,80,85,85,85,85,79,79,79,79,79,79,79,79,79,79,79,79,79,79,79,79,79,79,79,79,79,79,79,79],"card_choices":[{"not_picked":["Combust","Intimidate"],"picked":"Uppercut","floor":1.0},{"not_picked":["Body Slam","Entrench"],"picked":"Wild Strike","floor":2.0},{"not_picked":["Second Wind","Warcry"],"picked":"Heavy Blade","floor":5.0},{"not_picked":["Uppercut","Searing Blow","Heavy Blade"],"picked":"SKIP","floor":8.0},{"not_picked":["Warcry","Headbutt"],"picked":"Perfected Strike","floor":10.0},{"not_picked":["Warcry","Uppercut"],"picked":"Body Slam","floor":12.0},{"not_picked":["Impervious","Brutality"],"picked":"Immolate","floor":16.0},{"not_picked":["Pommel Strike","Body Slam"],"picked":"Battle Trance","floor":18.0},{"not_picked":["Perfected Strike","True Grit"],"picked":"Twin Strike","floor":18.0},{"not_picked":["Havoc","Rupture"],"picked":"Infernal Blade+1","floor":21.0},{"not_picked":["Sentinel","Cleave+1"],"picked":"Sword Boomerang","floor":21.0},{"not_picked":["Perfected Strike+1","Pommel Strike"],"picked":"Dual Wield","floor":22.0},{"not_picked":["Clothesline","Cleave","Perfected Strike"],"picked":"SKIP","floor":22.0},{"not_picked":["Infernal Blade","Searing Blow","Perfected Strike"],"picked":"SKIP","floor":23.0},{"not_picked":["Cleave","True Grit+1"],"picked":"Impervious","floor":27.0},{"not_picked":["Thunderclap","Heavy Blade"],"picked":"Reckless Charge+1","floor":28.0},{"not_picked":["Shockwave","Anger","Heavy Blade"],"picked":"SKIP","floor":28.0},{"not_picked":["Sever Soul+1","Perfected Strike"],"picked":"Headbutt+1","floor":30},{"not_picked":["Pommel Strike+1","Perfected Strike"],"picked":"Burning Pact","floor":31},{"not_picked":["Flex","Clash"],"picked":"Twin Strike+1","floor":31}],"player_experience":1634677,"relics_obtained":[{"floor":8.0,"key":"Prayer Wheel"},{"floor":9.0,"key":"Kunai"},{"floor":10.0,"key":"Sundial"},{"floor":12.0,"key":"Red Skull"},{"floor":14.0,"key":"Lantern"},{"floor":23.0,"key":"Ancient Tea Set"},{"floor":26.0,"key":"Turnip"},{"floor":27.0,"key":"Self Forming Clay"},{"floor":30,"key":"MealTicket"}],"event_choices":[{"damage_healed":0.0,"max_hp_gain":0.0,"max_hp_loss":0.0,"gold_gain":0.0,"event_name":"Wheel of Change","player_choice":"Cursed","floor":4.0,"gold_loss":0.0,"damage_taken":0.0,"cards_obtained":["Decay"]},{"damage_healed":0.0,"max_hp_gain":5.0,"max_hp_loss":0.0,"gold_gain":0.0,"event_name":"Big Fish","player_choice":"Donut","floor":7.0,"gold_loss":0.0,"damage_taken":0.0},{"damage_healed":0.0,"max_hp_gain":0.0,"max_hp_loss":6.0,"gold_gain":0.0,"event_name":"Golden Idol","player_choice":"Lose Max HP","floor":11.0,"gold_loss":0.0,"damage_taken":0.0,"relics_obtained":["Golden Idol"]},{"damage_healed":0.0,"max_hp_gain":0.0,"max_hp_loss":0.0,"gold_gain":0.0,"event_name":"World of Goop","player_choice":"Left Gold","floor":13.0,"gold_loss":49.0,"damage_taken":0.0},{"damage_healed":0.0,"max_hp_gain":0.0,"max_hp_loss":0.0,"gold_gain":0.0,"event_name":"Forgotten Altar","player_choice":"Gave Idol","floor":19.0,"relics_lost":["Golden Idol"],"gold_loss":0.0,"damage_taken":0.0,"relics_obtained":["Bloody Idol"]}],"is_beta":false,"boss_relics":[{"not_picked":["Busted Crown","Coffee Dripper"],"picked":"Black Blood"}],"items_purged_floors":[24],"is_endless":false,"potions_floor_spawned":[1,8,10,16,18,23,28,31],"killed_by":"Automaton","ascension_level":1}}