{"host":"3y33rrrkia6pkpow","time":1610154746,"event":{"mods":["2.2 Compatiblity","AchievementEnabler","Act Like it!","BaseMod","BetterRewards","Colored Map","Gensokyo","Minty Spire (QoL Compilation)","Quick Restart","Replay The Spire","Shop Mod","Spicy Shops","StSLib","Synergy Search","The Animator"],"gold_per_floor":[112,112,112,139,151,151,189,206,206,156,156,138,138,173,173,270,270,207,238,250,290,320,332,344,81,81,116,116,116,116,129,129,225,225,257,257,270,0,20,20,30,59,59,34,45,45,45],"floor_reached":46,"playtime":6418,"items_purged":["Replay:Hysterical Blindness","Decay"],"score":1249,"play_id":"56f15c88-e94b-443a-ae62-b13afc0c64a8","local_time":"20210108191226","is_ascension_mode":true,"campfire_choices":[{"floor":6.0,"key":"REST"},{"data":"animator:YachiyoNanami","floor":11.0,"key":"SMITH"},{"data":"animator:Sloth","floor":13.0,"key":"SMITH"},{"data":"animator:Defend","floor":15.0,"key":"PURGE"},{"floor":23.0,"key":"REST"},{"floor":28.0,"key":"REST"},{"data":"animator:Hans","floor":30.0,"key":"SMITH"},{"floor":32.0,"key":"REST"},{"floor":40.0,"key":"REST"}],"circlet_count":0,"master_deck":["AscendersBane","animator:Strike_NoGameNoLife","animator:Defend_NoGameNoLife","animator:Defend+1","animator:DolaSchwi","animator:DolaCouronne","animator:Sloth+1","animator:YachiyoNanami+1","animator:SayakaMiki","animator:Chung","animator:OrikoMikuni","animator:Shinoa","animator:WinryRockbell","animator:Hans+1","CurseOfTheBell","animator:HiiragiShinya+1","animator:Truth","Wound","animator:Jibril","animator:Benimaru","animator:Rimuru","animator:HououinKyouma","animator:ElricEdward+1","animator:NagisaMomoe","animator:Eve","animator:KrulTepes+1","Wound","animator:DolaSchwi+1","animator:Vesta","Wound","animator:Envy","Wound","animator:WinryRockbell","animator:MamiTomoe+1","Languid","animator:MaesHughes+1","animator:Megumin+1"],"relics":["animator:LivingPicture","animator:TheMissingPiece","animator:PurgingStone","NeowsBlessing","Paper Crane","CaptainsWheel","Chameleon Ring","Gremlin Horn","Replay:Rubber Ducky","Replay:Grab Bag","Cursed Key","Mark of Pain","Calling Bell","MawBank","Replay:Bottled Snecko","Durian","animator:CursedGlyph","ReplayTheSpireMod:CursedCoin","Blue Doll","Nloth\u0027s Gift","Replay:Ancient Bell","animator:WornHelmet","Molten Egg 2","Ice Cream","Lee\u0027s Waffle","Question Card","Snack Pack"],"acts_visited":["Exordium","TheCity","TheBeyond"],"potions_floor_usage":[46],"damage_taken":[{"damage":0.0,"enemies":"2 Louse","floor":1.0,"turns":2.0},{"damage":0.0,"enemies":"Jaw Worm","floor":5.0,"turns":1.0},{"damage":0.0,"enemies":"3 Sentries","floor":7.0,"turns":2.0},{"damage":0.0,"enemies":"Cultist","floor":8.0,"turns":4.0},{"damage":2.0,"enemies":"Looter","floor":12.0,"turns":4.0},{"damage":13.0,"enemies":"Replay:BlueRogue","floor":14.0,"turns":7.0},{"damage":8.0,"enemies":"Fading Forest","floor":16.0,"turns":11.0},{"damage":12.0,"enemies":"2 Thieves","floor":18.0,"turns":5.0},{"damage":0.0,"enemies":"3 Byrds","floor":19.0,"turns":7.0},{"damage":15.0,"enemies":"3 Cultists","floor":21.0,"turns":6.0},{"damage":0.0,"enemies":"Snecko","floor":22.0,"turns":5.0},{"damage":12.0,"enemies":"Replay:Snechameleon","floor":27.0,"turns":8.0},{"damage":8.0,"enemies":"Cultist and Chosen","floor":31.0,"turns":7.0},{"damage":17.0,"enemies":"Pondfish","floor":33.0,"turns":9.0},{"damage":4.0,"enemies":"Orb Walker","floor":35.0,"turns":6.0},{"damage":18.0,"enemies":"3 Darklings","floor":37.0,"turns":7.0},{"damage":33.0,"enemies":"Transient","floor":39.0,"turns":5.0},{"damage":24.0,"enemies":"Jaw Worm Horde","floor":41.0,"turns":4.0},{"damage":0.0,"enemies":"R_Hoarder","floor":42.0,"turns":12.0},{"damage":0.0,"enemies":"Maw","floor":45.0,"turns":9.0},{"damage":65,"enemies":"Reptomancer","floor":46,"turns":2}],"seed_played":"4736873837816568736","potions_obtained":[{"floor":5.0,"key":"Toxic Potion"},{"floor":14.0,"key":"FearPotion"},{"floor":16.0,"key":"Death Potion"},{"floor":21.0,"key":"DuplicationPotion"},{"floor":31.0,"key":"Doom Potion"},{"floor":35.0,"key":"BlessingOfTheForge"}],"is_trial":false,"path_per_floor":["M","?","?","?","M","R","E","M","T","?","R","M","R","E","R_BF","B",null,"M","M","?","M","M","R","?","$","T","E","R","?","R","M","R","B",null,"M","?","M","$","M","R","M","E","T","$","M","E"],"character_chosen":"THE_ANIMATOR","items_purchased":["animator:Rimuru","ReplayTheSpireMod:CursedCoin","animator:HououinKyouma","Lee\u0027s Waffle","animator:Vesta","animator:MaesHughes+1"],"campfire_rested":5,"item_purchase_floors":[25,25,25,38,38,44],"current_hp_per_floor":[59,47,47,47,47,66,66,66,66,66,66,64,64,51,51,65,71,60,60,48,33,33,54,54,54,54,42,63,63,63,55,73,57,70,66,66,48,81,48,72,48,48,48,48,50,0,0],"gold":45,"neow_bonus":"THREE_ENEMY_KILL","is_daily":false,"chose_seed":false,"campfire_upgraded":3,"win_rate":0.0,"timestamp":1610154746,"path_taken":["M","?","?","?","?","R","E","M","T","?","R","M","R","E","R_BF","BOSS","M","M","?","M","M","R","?","?","T","E","R","?","R","?","R","BOSS","M","?","M","$","M","R","M","E","T","?","M","E"],"items_purchased_type":["Card","Relic","Card","Relic","Card","Card"],"build_version":"2020-12-22","purchased_purges":2,"victory":false,"max_hp_per_floor":[66,66,66,66,66,66,66,66,66,66,66,66,66,66,66,66,71,72,68,73,73,73,73,73,73,73,73,73,73,73,73,73,74,74,74,74,74,81,81,81,81,81,81,81,81,81,81],"card_choices":[{"not_picked":["animator:UneriGinkaku","animator:OrikoMikuni"],"picked":"animator:Sloth","floor":1.0},{"not_picked":["animator:MamiTomoe","animator:Ara"],"picked":"animator:YachiyoNanami","floor":4.0},{"not_picked":["animator:MamiTomoe","animator:Aqua"],"picked":"animator:SayakaMiki","floor":5.0},{"not_picked":["animator:Aqua","animator:Nanami"],"picked":"animator:Chung","floor":7.0},{"not_picked":["animator:SayakaMiki","animator:SuzuneAmano"],"picked":"animator:OrikoMikuni","floor":8.0},{"not_picked":["animator:Layla","animator:ElricAlphonse"],"picked":"animator:Shinoa","floor":12.0},{"not_picked":["animator:DolaRiku","animator:TsurugaMeisai"],"picked":"animator:WinryRockbell","floor":14.0},{"not_picked":["animator:Biyorigo","animator:Guren"],"picked":"animator:Hans","floor":16.0},{"not_picked":["animator:Yuuichirou","animator:KrulTepes"],"picked":"animator:HiiragiShinya+1","floor":18.0},{"not_picked":["animator:MaesHughes","animator:ElricEdward"],"picked":"animator:Truth","floor":19.0},{"not_picked":["animator:Mitsuba+1","animator:Shichika+1"],"picked":"animator:Jibril","floor":21.0},{"not_picked":["animator:Aqua+1","animator:SayakaMiki"],"picked":"animator:Benimaru","floor":22.0},{"not_picked":["animator:Biyorigo","animator:Chris"],"picked":"animator:ElricEdward+1","floor":27.0},{"not_picked":["animator:KyokoSakura","animator:HomuraAkemi"],"picked":"animator:NagisaMomoe","floor":31.0},{"not_picked":["animator:HigakiRinne","animator:Elesis"],"picked":"animator:Eve","floor":33.0},{"not_picked":["Doubt","Languid"],"picked":"Decay","floor":34.0},{"not_picked":["Amnesia","Shame"],"picked":"Languid","floor":34.0},{"not_picked":["Voices","Injury"],"picked":"Clumsy","floor":34.0},{"not_picked":["animator:NagisaMomoe","animator:SuzuneAmano+1"],"picked":"animator:KrulTepes+1","floor":35.0},{"not_picked":["animator:DolaCouronne","animator:Shichika+1"],"picked":"animator:DolaSchwi+1","floor":37.0},{"not_picked":["animator:HomuraAkemi","animator:Emonzaemon+1"],"picked":"animator:Envy","floor":39.0},{"not_picked":["animator:Sloth+1","animator:Scar+1"],"picked":"animator:WinryRockbell","floor":41.0},{"not_picked":["animator:Shichika","animator:HigakiRinne"],"picked":"animator:MamiTomoe+1","floor":42.0},{"not_picked":["animator:Ara+1","animator:Konayuki","animator:Guy"],"picked":"animator:Megumin+1","floor":45.0}],"player_experience":847006,"relics_obtained":[{"floor":4.0,"key":"CaptainsWheel"},{"floor":7.0,"key":"Chameleon Ring"},{"floor":9.0,"key":"Gremlin Horn"},{"floor":14.0,"key":"Replay:Rubber Ducky"},{"floor":17.0,"key":"MawBank"},{"floor":17.0,"key":"Replay:Bottled Snecko"},{"floor":17.0,"key":"Durian"},{"floor":19.0,"key":"animator:CursedGlyph"},{"floor":26.0,"key":"Onion Ring"},{"floor":27.0,"key":"Blue Doll"},{"floor":42.0,"key":"Question Card"},{"floor":43.0,"key":"Snack Pack"}],"event_choices":[{"damage_healed":0.0,"max_hp_gain":0.0,"max_hp_loss":0.0,"gold_gain":0.0,"event_name":"Scrap Ooze","player_choice":"Success","floor":2.0,"gold_loss":0.0,"damage_taken":12.0,"relics_obtained":["Paper Crane"]},{"cards_removed":["animator:Defend"],"damage_healed":0.0,"max_hp_gain":0.0,"max_hp_loss":0.0,"gold_gain":0.0,"event_name":"The Cleric","player_choice":"Card Removal","floor":10.0,"gold_loss":50.0,"damage_taken":0.0},{"damage_healed":0.0,"max_hp_gain":5.0,"max_hp_loss":0.0,"gold_gain":0.0,"event_name":"Forgotten Altar","player_choice":"Shed Blood","floor":20.0,"gold_loss":0.0,"damage_taken":17.0},{"cards_removed":["Wound"],"damage_healed":0.0,"max_hp_gain":0.0,"max_hp_loss":0.0,"gold_gain":0.0,"event_name":"Back to Basics","player_choice":"Elegance","floor":24.0,"gold_loss":0.0,"damage_taken":0.0},{"damage_healed":0.0,"max_hp_gain":0.0,"max_hp_loss":0.0,"gold_gain":0.0,"event_name":"N\u0027loth","player_choice":"Traded Relic","floor":29.0,"relics_lost":["Onion Ring"],"gold_loss":0.0,"damage_taken":0.0,"relics_obtained":["Nloth\u0027s Gift"]},{"cards_removed":["Looming Evil"],"damage_healed":0.0,"max_hp_gain":0.0,"max_hp_loss":0.0,"gold_gain":0.0,"event_name":"Purifier","player_choice":"Purged","floor":36.0,"gold_loss":0.0,"damage_taken":0.0}],"is_beta":false,"boss_relics":[{"not_picked":["Velvet Choker","Fusion Hammer"],"picked":"Replay:Grab Bag"},{"not_picked":["Sozu","Coffee Dripper"],"picked":"Cursed Key"},{"not_picked":["Abe\u0027s Treasure","ReplayTheSpireMod:DimensionalGlitch"],"picked":"Mark of Pain"},{"not_picked":["animator:VividPicture","animator:RacePiece"],"picked":"Calling Bell"},{"not_picked":["Replay:Bronze Core","ChewingGum"],"picked":"Replay:Ancient Bell"},{"not_picked":["War Paint","Red Skull"],"picked":"animator:WornHelmet"},{"not_picked":["Replay:WaspNest","Pantograph"],"picked":"Molten Egg 2"},{"not_picked":["Pocketwatch","animator:WizardHat"],"picked":"Ice Cream"}],"items_purged_floors":[25,38],"is_endless":false,"potions_floor_spawned":[5,14,16,21,31,35,37,39,42],"killed_by":"Reptomancer","ascension_level":10}}