{"host":"fnk117zi8wf5078t","time":1610203318,"event":{"mods":["AchievementEnabler","BaseMod","Colored Map","Minty Spire (QoL Compilation)","Rare Cards Sparkle","SuperFastMode","everything is the same but u backflip on backflip"],"gold_per_floor":[115,115,40,57,72,83,83,116,139,152,51,51,68,78,78,155,155,166,81,81,6,6,17,32,32,32,32,61,61,72,88,88,160,160,179,89,14,32,45,45,59,69,69,69,19,36,70,20,20,20],"floor_reached":51,"playtime":1522,"items_purged":["Pain","Strike_R","Normality","Strike_R","Cleave"],"score":1429,"play_id":"7927297b-7674-4e1f-b225-d84b3a98b02f","local_time":"20210109234158","is_ascension_mode":true,"campfire_choices":[{"data":"Body Slam","floor":7,"key":"SMITH"},{"data":"Body Slam","floor":12,"key":"SMITH"},{"data":"Dual Wield","floor":15,"key":"SMITH"},{"data":"Barricade","floor":25,"key":"SMITH"},{"data":"Armaments","floor":32,"key":"SMITH"},{"data":"Impervious","floor":40,"key":"SMITH"},{"data":"Entrench","floor":49,"key":"SMITH"}],"circlet_count":0,"master_deck":["AscendersBane","Defend_R+1","Defend_R","Defend_R","Defend_R","Bash","Body Slam+1","Dual Wield+1","Combust","Infernal Blade","Body Slam+1","Impervious","Barricade+1","Ghostly Armor+1","Impervious+1","Uppercut","Immolate","Body Slam","Armaments+1","Reaper","Armaments+1","Power Through","Ghostly Armor+1","Entrench+1"],"relics":["Burning Blood","Bag of Marbles","WarpedTongs","Smiling Mask","Centennial Puzzle","Cursed Key","Orichalcum","War Paint","Mercury Hourglass","WingedGreaves","Bag of Preparation","Runic Cube","Juzu Bracelet","Molten Egg 2"],"acts_visited":["Exordium","TheCity","TheBeyond"],"potions_floor_usage":[8,16,18,28,33,33],"damage_taken":[{"damage":12,"enemies":"Jaw Worm","floor":1,"turns":2},{"damage":6,"enemies":"Cultist","floor":4,"turns":3},{"damage":2,"enemies":"2 Louse","floor":5,"turns":3},{"damage":13,"enemies":"Exordium Wildlife","floor":6,"turns":3},{"damage":21,"enemies":"Lagavulin","floor":8,"turns":6},{"damage":0,"enemies":"2 Fungi Beasts","floor":10,"turns":2},{"damage":8,"enemies":"3 Louse","floor":13,"turns":3},{"damage":2,"enemies":"Lots of Slimes","floor":14,"turns":3},{"damage":27,"enemies":"The Guardian","floor":16,"turns":7},{"damage":8,"enemies":"Chosen","floor":18,"turns":3},{"damage":27,"enemies":"3 Byrds","floor":23,"turns":5},{"damage":3,"enemies":"3 Cultists","floor":24,"turns":5},{"damage":0,"enemies":"Slavers","floor":28,"turns":2},{"damage":0,"enemies":"Snecko","floor":30,"turns":2},{"damage":3,"enemies":"Centurion and Healer","floor":31,"turns":4},{"damage":55,"enemies":"Collector","floor":33,"turns":9},{"damage":3,"enemies":"3 Darklings","floor":35,"turns":3},{"damage":0,"enemies":"Orb Walker","floor":38,"turns":1},{"damage":2,"enemies":"Writhing Mass","floor":39,"turns":3},{"damage":27,"enemies":"Spire Growth","floor":41,"turns":4},{"damage":0,"enemies":"Sphere and 2 Shapes","floor":42,"turns":4},{"damage":11,"enemies":"3 Darklings","floor":46,"turns":2},{"damage":0,"enemies":"Giant Head","floor":47,"turns":4},{"damage":33,"enemies":"Awakened One","floor":50,"turns":9}],"seed_played":"-2842541745069665851","potions_obtained":[{"floor":6,"key":"SneckoOil"},{"floor":10,"key":"Dexterity Potion"},{"floor":14,"key":"GamblersBrew"},{"floor":16,"key":"Fire Potion"},{"floor":23,"key":"Dexterity Potion"},{"floor":24,"key":"Block Potion"},{"floor":28,"key":"GamblersBrew"},{"floor":31,"key":"Block Potion"},{"floor":35,"key":"EntropicBrew"},{"floor":46,"key":"SpeedPotion"}],"is_trial":false,"path_per_floor":["M","?","$","M","M","M","R","E","T","M","$","R","M","M","R","B",null,"M","?","?","?","?","M","M","R","T","?","E","?","M","M","R","B",null,"M","$","?","M","M","R","M","M","T","?","$","M","E","$","R","B",null],"character_chosen":"IRONCLAD","items_purchased":["Body Slam","Power Through"],"campfire_rested":0,"item_purchase_floors":[11,36],"current_hp_per_floor":[62,62,62,62,66,59,59,44,44,50,50,50,48,52,52,31,64,62,62,62,62,62,41,44,44,44,44,50,50,56,59,59,10,59,62,62,62,68,72,72,51,69,69,69,69,64,70,70,70,48],"gold":20,"neow_bonus":"RANDOM_COMMON_RELIC","is_daily":false,"chose_seed":false,"campfire_upgraded":7,"win_rate":0.0,"timestamp":1610203318,"path_taken":["M","?","$","M","?","M","R","E","T","M","$","R","M","?","R","BOSS","M","?","?","?","?","M","?","R","T","?","E","?","?","M","R","BOSS","M","$","?","M","M","R","M","M","T","?","?","M","E","$","R","BOSS"],"items_purchased_type":["Card","Card"],"build_version":"2020-12-22","purchased_purges":5,"victory":true,"max_hp_per_floor":[75,75,75,75,75,75,75,75,75,75,75,75,75,75,75,75,75,75,75,75,75,75,75,75,75,75,75,75,75,75,75,75,75,75,75,75,75,75,75,75,75,75,75,75,75,75,75,75,75,75],"card_choices":[{"not_picked":["Cleave","Sentinel"],"picked":"Body Slam","floor":1},{"not_picked":["Sever Soul","Wild Strike"],"picked":"Cleave","floor":4},{"not_picked":["Anger","Perfected Strike"],"picked":"Dual Wield","floor":5},{"not_picked":["Spot Weakness","Twin Strike"],"picked":"Combust","floor":6},{"not_picked":["Combust","Dropkick"],"picked":"Infernal Blade","floor":8},{"not_picked":["Burning Pact","Searing Blow","Iron Wave"],"picked":"SKIP","floor":10},{"not_picked":["Warcry","Burning Pact"],"picked":"Impervious","floor":13},{"not_picked":["Hemokinesis","Anger","Spot Weakness"],"picked":"SKIP","floor":14},{"not_picked":["Juggernaut","Fiend Fire"],"picked":"Barricade","floor":16},{"not_picked":["Infernal Blade","Second Wind"],"picked":"Ghostly Armor","floor":18},{"not_picked":["Flex","Perfected Strike","Second Wind"],"picked":"SKIP","floor":23},{"not_picked":["Searing Blow","Disarm","True Grit"],"picked":"SKIP","floor":24},{"not_picked":["Demon Form","Sentinel"],"picked":"Body Slam","floor":28},{"not_picked":["Disarm","Warcry","Sword Boomerang"],"picked":"SKIP","floor":30},{"not_picked":["Havoc","Fire Breathing"],"picked":"Armaments","floor":31},{"not_picked":["Berserk","Corruption"],"picked":"Reaper","floor":33},{"not_picked":["Anger","Havoc"],"picked":"Armaments+1","floor":35},{"not_picked":["Anger+1","Flex"],"picked":"Ghostly Armor+1","floor":38},{"not_picked":["Disarm","True Grit","Clothesline"],"picked":"SKIP","floor":39},{"not_picked":["Pommel Strike","Warcry","Wild Strike"],"picked":"SKIP","floor":41},{"not_picked":["Dual Wield","True Grit"],"picked":"Entrench","floor":42},{"not_picked":["Clothesline+1","Havoc+1","Bludgeon"],"picked":"SKIP","floor":46},{"not_picked":["Second Wind","Pummel+1","Armaments"],"picked":"SKIP","floor":47}],"player_experience":363966,"relics_obtained":[{"floor":8,"key":"Smiling Mask"},{"floor":9,"key":"Centennial Puzzle"},{"floor":26,"key":"Mercury Hourglass"},{"floor":28,"key":"WingedGreaves"},{"floor":29,"key":"Bag of Preparation"},{"floor":43,"key":"Juzu Bracelet"},{"floor":47,"key":"Molten Egg 2"}],"event_choices":[{"damage_healed":0,"gold_gain":0,"player_choice":"Rummage","damage_taken":0,"relics_obtained":["WarpedTongs"],"max_hp_gain":0,"max_hp_loss":0,"event_name":"Accursed Blacksmith","floor":2,"gold_loss":0,"cards_obtained":["Pain"]},{"damage_healed":0,"gold_gain":0,"player_choice":"Obtained Relic","damage_taken":0,"relics_obtained":["Orichalcum"],"max_hp_gain":0,"max_hp_loss":0,"event_name":"Addict","floor":19,"gold_loss":85},{"damage_healed":0,"gold_gain":0,"player_choice":"Opened","damage_taken":0,"relics_obtained":["War Paint"],"max_hp_gain":0,"max_hp_loss":0,"event_name":"The Mausoleum","floor":20,"gold_loss":0,"cards_obtained":["Writhe"]},{"cards_removed":["Writhe"],"damage_healed":0,"gold_gain":0,"player_choice":"Gave Gold","damage_taken":0,"max_hp_gain":0,"max_hp_loss":0,"event_name":"Beggar","floor":21,"gold_loss":75},{"damage_healed":0,"gold_gain":0,"player_choice":"Copied","damage_taken":0,"max_hp_gain":0,"max_hp_loss":0,"event_name":"Duplicator","floor":22,"gold_loss":0,"cards_obtained":["Impervious"]},{"damage_healed":0,"gold_gain":0,"cards_transformed":["Strike_R","Strike_R"],"player_choice":"Became Test Subject","damage_taken":0,"max_hp_gain":0,"max_hp_loss":0,"event_name":"Drug Dealer","floor":27,"gold_loss":0,"cards_obtained":["Uppercut","Immolate"]},{"damage_healed":0,"gold_gain":0,"player_choice":"Relic","damage_taken":0,"max_hp_gain":0,"max_hp_loss":0,"event_name":"Wheel of Change","floor":29,"gold_loss":0},{"cards_removed":["Strike_R"],"damage_healed":0,"gold_gain":0,"player_choice":"Single Remove","damage_taken":0,"max_hp_gain":0,"max_hp_loss":0,"event_name":"Designer","floor":37,"gold_loss":75},{"cards_removed":["Regret"],"damage_healed":0,"gold_gain":0,"player_choice":"Removed Curses","damage_taken":0,"max_hp_gain":0,"max_hp_loss":0,"event_name":"Fountain of Cleansing","floor":44,"gold_loss":0}],"is_beta":false,"boss_relics":[{"not_picked":["Tiny House","Mark of Pain"],"picked":"Cursed Key"},{"not_picked":["Busted Crown","Fusion Hammer"],"picked":"Runic Cube"}],"items_purged_floors":[3,11,36,45,48],"is_endless":false,"potions_floor_spawned":[6,10,14,16,23,24,28,31,35,46,47],"ascension_level":18}}