{"host":"vlqejv0notyktumz","time":1610225626,"event":{"mods":["AchievementEnabler","BaseMod","Googly Eyes","Minty Spire (QoL Compilation)"],"gold_per_floor":[115,132,145,145,163,163,197,17,41,41,41,41,57,73,73,171,221,210,210,64,77,176,176,189,207,233,233,266,266,285,302,302,401,401,413,428,11,61,61,61,92,106,106,124,138,138,138],"floor_reached":46,"playtime":1819,"items_purged":["Strike_P","Strike_P"],"score":545,"play_id":"e146dab3-2951-4e8c-a652-1f13c33dc0fa","local_time":"20210109145346","is_ascension_mode":true,"campfire_choices":[{"data":"TalkToTheHand","floor":6,"key":"SMITH"},{"floor":11,"key":"REST"},{"floor":15,"key":"REST"},{"data":"Protect","floor":23,"key":"SMITH"},{"data":"Crescendo","floor":27,"key":"SMITH"},{"floor":32,"key":"REST"},{"data":"Nirvana","floor":40,"key":"SMITH"}],"circlet_count":0,"master_deck":["Strike_P","Defend_P+1","Defend_P","Defend_P","Defend_P","Eruption+1","Vigilance","DevaForm+1","TalkToTheHand+1","EmptyFist+1","ClearTheMind","Tantrum","CutThroughFate+1","Crescendo+1","Protect+1","FlyingSleeves","MentalFortress","Indignation+1","Protect+1","FearNoEvil","ForeignInfluence+1","FlurryOfBlows","Consecrate+1","Establishment","CurseOfTheBell","FlurryOfBlows","Nirvana+1","ThirdEye+1","The Bomb+1","Protect+1","Fasting2","Parasite"],"relics":["PureWater","Toy Ornithopter","Pen Nib","Tiny House","Lantern","Vajra","War Paint","Pantograph","Calling Bell","Oddly Smooth Stone","Toxic Egg 2","Calipers","Bottled Lightning","CaptainsWheel","Meat on the Bone","Regal Pillow"],"acts_visited":["Exordium","TheCity","TheBeyond"],"potions_floor_usage":[7,7,16,24,28,28,30,30,38,42,42,46],"damage_taken":[{"damage":1,"enemies":"Small Slimes","floor":1,"turns":4},{"damage":1,"enemies":"2 Louse","floor":2,"turns":4},{"damage":4,"enemies":"Jaw Worm","floor":3,"turns":5},{"damage":10,"enemies":"Exordium Wildlife","floor":5,"turns":5},{"damage":14,"enemies":"Lagavulin","floor":7,"turns":8},{"damage":3,"enemies":"Looter","floor":13,"turns":2},{"damage":13,"enemies":"Blue Slaver","floor":14,"turns":4},{"damage":13,"enemies":"Hexaghost","floor":16,"turns":9},{"damage":21,"enemies":"2 Thieves","floor":18,"turns":4},{"damage":0,"enemies":"Spheric Guardian","floor":21,"turns":3},{"damage":18,"enemies":"Shelled Parasite and Fungi","floor":24,"turns":4},{"damage":3,"enemies":"Cultist and Chosen","floor":25,"turns":5},{"damage":11,"enemies":"Slavers","floor":28,"turns":3},{"damage":12,"enemies":"Chosen and Byrds","floor":30,"turns":5},{"damage":18,"enemies":"Snake Plant","floor":31,"turns":4},{"damage":25,"enemies":"Collector","floor":33,"turns":9},{"damage":13,"enemies":"3 Darklings","floor":35,"turns":8},{"damage":27,"enemies":"3 Shapes","floor":36,"turns":5},{"damage":0,"enemies":"Mind Bloom Boss Battle","floor":38,"turns":8},{"damage":31,"enemies":"Giant Head","floor":41,"turns":8},{"damage":18,"enemies":"3 Darklings","floor":42,"turns":4},{"damage":43,"enemies":"Writhing Mass","floor":44,"turns":8},{"damage":10,"enemies":"4 Shapes","floor":45,"turns":8},{"damage":27,"enemies":"Reptomancer","floor":46,"turns":4}],"seed_played":"-3413053870953639501","potions_obtained":[{"floor":3,"key":"Swift Potion"},{"floor":5,"key":"SpeedPotion"},{"floor":7,"key":"BlessingOfTheForge"},{"floor":13,"key":"Fire Potion"},{"floor":14,"key":"Ancient Potion"},{"floor":17,"key":"BottledMiracle"},{"floor":25,"key":"BottledMiracle"},{"floor":28,"key":"Regen Potion"},{"floor":30,"key":"FearPotion"},{"floor":36,"key":"Energy Potion"},{"floor":41,"key":"LiquidBronze"},{"floor":44,"key":"EssenceOfSteel"}],"is_trial":false,"path_per_floor":["M","M","M","?","M","R","E","$","T","?","R","?","M","M","R","B",null,"M","?","$","M","?","R","M","M","T","R","E","?","M","M","R","B",null,"M","M","$","?","?","R","E","M","T","M","M","E"],"character_chosen":"WATCHER","items_purchased":["CutThroughFate","Crescendo","Vajra","Bottled Lightning","Nirvana"],"campfire_rested":3,"item_purchase_floors":[8,8,20,37,37],"current_hp_per_floor":[71,70,66,59,49,49,35,35,35,21,42,42,39,26,47,39,77,56,56,56,56,56,56,43,40,40,40,39,25,37,19,43,43,82,69,42,42,72,72,72,41,45,45,14,16,0,0],"gold":138,"neow_bonus":"ONE_RANDOM_RARE_CARD","is_daily":false,"chose_seed":false,"campfire_upgraded":4,"win_rate":0.0,"timestamp":1610225626,"path_taken":["M","M","M","?","M","R","E","$","T","?","R","?","?","M","R","BOSS","M","?","$","M","?","R","M","M","T","R","E","?","?","M","R","BOSS","M","M","$","?","?","R","E","M","T","M","?","E"],"items_purchased_type":["Card","Card","Relic","Relic","Card"],"build_version":"2020-12-22","purchased_purges":2,"victory":false,"max_hp_per_floor":[72,72,72,72,72,72,72,72,72,72,72,72,72,72,72,72,77,77,77,77,77,77,77,77,77,77,77,77,82,82,82,82,82,82,82,82,82,82,82,82,82,82,82,82,82,82,82],"card_choices":[{"not_picked":["SashWhip","Consecrate"],"picked":"TalkToTheHand","floor":1},{"not_picked":["Protect","ThirdEye"],"picked":"EmptyFist","floor":2},{"not_picked":["EmptyFist","ForeignInfluence"],"picked":"ClearTheMind","floor":3},{"not_picked":["BowlingBash","PathToVictory"],"picked":"Tantrum","floor":5},{"not_picked":["Sanctity","MasterReality","PathToVictory"],"picked":"SKIP","floor":7},{"not_picked":["Vengeance","Pray"],"picked":"Protect","floor":13},{"not_picked":["ThirdEye","Consecrate"],"picked":"FlyingSleeves","floor":14},{"not_picked":["SashWhip","Protect"],"picked":"MentalFortress","floor":17},{"not_picked":["PathToVictory","CutThroughFate"],"picked":"Indignation+1","floor":18},{"not_picked":["ThirdEye","ForeignInfluence"],"picked":"Protect","floor":21},{"not_picked":["Worship","LessonLearned"],"picked":"FearNoEvil","floor":24},{"not_picked":["InnerPeace","Conclude"],"picked":"ForeignInfluence+1","floor":25},{"not_picked":["Prostrate+1","Conclude"],"picked":"FlurryOfBlows","floor":28},{"not_picked":["Halt","Protect"],"picked":"Consecrate+1","floor":30},{"not_picked":["ClearTheMind","EmptyFist","BowlingBash"],"picked":"SKIP","floor":31},{"not_picked":["Vault","Brilliance"],"picked":"Establishment","floor":33},{"not_picked":["PathToVictory+1","ClearTheMind+1"],"picked":"FlurryOfBlows","floor":35},{"not_picked":["Prostrate+1","SashWhip+1","PathToVictory+1"],"picked":"SKIP","floor":36},{"not_picked":["EmptyFist+1","Devotion"],"picked":"ThirdEye+1","floor":38},{"not_picked":["PanicButton+1","Finesse+1"],"picked":"The Bomb+1","floor":39},{"not_picked":["EmptyBody+1","MentalFortress+1"],"picked":"Protect+1","floor":41},{"not_picked":["Collect+1","Halt+1"],"picked":"Fasting2","floor":42},{"not_picked":["FlyingSleeves","EmptyMind+1","TalkToTheHand"],"picked":"SKIP","floor":44},{"not_picked":["Vengeance+1","EmptyMind+1","Indignation+1"],"picked":"SKIP","floor":45}],"player_experience":314397,"relics_obtained":[{"floor":7,"key":"Toy Ornithopter"},{"floor":9,"key":"Pen Nib"},{"floor":26,"key":"War Paint"},{"floor":28,"key":"Pantograph"},{"floor":34,"key":"Oddly Smooth Stone"},{"floor":34,"key":"Toxic Egg 2"},{"floor":34,"key":"Calipers"},{"floor":38,"key":"CaptainsWheel"},{"floor":41,"key":"Meat on the Bone"},{"floor":43,"key":"Regal Pillow"}],"event_choices":[{"cards_removed":["Strike_P"],"damage_healed":0,"gold_gain":0,"player_choice":"Card Removal","damage_taken":7,"max_hp_gain":0,"max_hp_loss":0,"event_name":"Golden Wing","floor":4,"gold_loss":0},{"damage_healed":0,"gold_gain":0,"player_choice":"Entered Light","damage_taken":14,"max_hp_gain":0,"max_hp_loss":0,"event_name":"Shining Light","floor":10,"gold_loss":0,"cards_upgraded":["CutThroughFate","DevaForm"]},{"damage_healed":0,"gold_gain":0,"player_choice":"Grow","damage_taken":0,"max_hp_gain":0,"max_hp_loss":0,"event_name":"Living Wall","floor":12,"gold_loss":0,"cards_upgraded":["Eruption"]},{"damage_healed":0,"gold_gain":0,"player_choice":"Opened","damage_taken":0,"relics_obtained":["Lantern"],"max_hp_gain":0,"max_hp_loss":0,"event_name":"The Mausoleum","floor":19,"gold_loss":0},{"damage_healed":0,"gold_gain":99,"player_choice":"Stole From Cult","damage_taken":0,"max_hp_gain":0,"max_hp_loss":0,"event_name":"Nest","floor":22,"gold_loss":0},{"damage_healed":0,"gold_gain":0,"player_choice":"Shed Blood","damage_taken":19,"max_hp_gain":5,"max_hp_loss":0,"event_name":"Forgotten Altar","floor":29,"gold_loss":0},{"damage_healed":0,"gold_gain":0,"player_choice":"Fight","damage_taken":0,"max_hp_gain":0,"max_hp_loss":0,"event_name":"MindBloom","floor":38,"gold_loss":0},{"damage_healed":0,"gold_gain":0,"player_choice":"Memory 1","damage_taken":0,"max_hp_gain":0,"max_hp_loss":0,"event_name":"SensoryStone","floor":39,"gold_loss":0}],"is_beta":false,"boss_relics":[{"not_picked":["Coffee Dripper","Snecko Eye"],"picked":"Tiny House"},{"not_picked":["Pandora\u0027s Box","Black Star"],"picked":"Calling Bell"}],"items_purged_floors":[8,37],"is_endless":false,"potions_floor_spawned":[3,5,7,13,14,18,25,28,30,36,41,44],"killed_by":"Reptomancer","ascension_level":3}}