{"host":"5m2js577gj4e7pak","time":1610215944,"event":{"mods":["AchievementEnabler","BaseMod","Better Match","BetterRewards","Colored Map","Colored Powertips","Googly Eyes","Highlight Path","Lobotomy","LobotomyExtend","Minty Spire (QoL Compilation)","Quick Restart","Relic Filter","StSLib"],"gold_per_floor":[112,112,185,199,211,211,245,256,306,335,335,6,6,21,21,120,120,140,140,68,88,88,115,115,144,144,179,193,207,220,220,220,316,316,329,329,342,322,335,370,370,387,467,467,494,506,537,547,547,592],"floor_reached":51,"playtime":2223,"items_purged":["NakedNest"],"score":1054,"play_id":"be0df473-9423-4057-adb5-4b58424e470f","local_time":"20210109191224","is_ascension_mode":true,"campfire_choices":[],"circlet_count":0,"master_deck":["SpecialBullet","SpecialBullet","SpecialBullet","SpecialBullet","SpecialBullet","SpecialBullet","SpecialBullet","SpecialBullet","InformationCode","SecurityCode","ExtractionCode","GreenStem","Horn","WristCuter","OSAHOGD","FourthMatchFlame","FrostShard","Heaven","Hypocrisy","Penitence","RedEyes","SwordSharpenedByTears","Twilight","Pinks","ShyLook","CENSORED_ego","RitualDagger","Hypocrisy","FrostShard+1","Mercenary","Ecstasy","TrainingCode","Logging","Horn+1","WristCuter+1","WristCuter+1","CENSORED_ego","DisciplinaryCode","BlueStar","Horn+1","Ecstasy","SomewhereSpear+1","TheSmile","BigBird","RecordCode","Penitence+1","Beak+1","Heaven+1"],"relics":["CogitoBucket","LetterFromLob","InkBottle","Bronze Scales","PreservedInsect","Lantern","WarpedTongs","Matryoshka","White Beast Statue","Sundial","AspirationHeart","SacredBark","Pantograph","Ancient Tea Set","MealTicket","Molten Egg 2","Red Mask","SkinProphecy","Calling Bell","Toy Ornithopter","Pear","Calipers","HellTrain","AtMidnight","Juzu Bracelet","Mercury Hourglass","CaptainsWheel","Pocketwatch"],"acts_visited":["Exordium","TheCity","TheBeyond"],"potions_floor_usage":[7,10,10,16,21,25,27,28,30,33,33,37,37,40,42,45,48,50,50],"damage_taken":[{"damage":18,"enemies":"Jaw Worm","floor":1,"turns":3},{"damage":6,"enemies":"Cultist","floor":4,"turns":3},{"damage":0,"enemies":"Small Slimes","floor":5,"turns":2},{"damage":20,"enemies":"Gremlin Nob","floor":7,"turns":4},{"damage":16,"enemies":"Exordium Wildlife","floor":8,"turns":2},{"damage":20,"enemies":"Lagavulin","floor":10,"turns":5},{"damage":21,"enemies":"Large Slime","floor":14,"turns":4},{"damage":55,"enemies":"The Guardian","floor":16,"turns":9},{"damage":39,"enemies":"2 Thieves","floor":18,"turns":4},{"damage":0,"enemies":"Chosen","floor":21,"turns":2},{"damage":58,"enemies":"Slavers","floor":23,"turns":5},{"damage":0,"enemies":"Gremlin Leader","floor":25,"turns":5},{"damage":18,"enemies":"Masked Bandits","floor":27,"turns":4},{"damage":31,"enemies":"Sentry and Sphere","floor":28,"turns":6},{"damage":9,"enemies":"Snake Plant","floor":29,"turns":3},{"damage":40,"enemies":"Shelled Parasite and Fungi","floor":30,"turns":6},{"damage":68,"enemies":"Automaton","floor":33,"turns":9},{"damage":15,"enemies":"Orb Walker","floor":35,"turns":3},{"damage":17,"enemies":"3 Darklings","floor":37,"turns":12},{"damage":34,"enemies":"Sphere and 2 Shapes","floor":39,"turns":5},{"damage":40,"enemies":"Nemesis","floor":40,"turns":3},{"damage":21,"enemies":"Jaw Worm Horde","floor":42,"turns":4},{"damage":2,"enemies":"Reptomancer","floor":45,"turns":2},{"damage":16,"enemies":"4 Shapes","floor":46,"turns":3},{"damage":6,"enemies":"Nemesis","floor":47,"turns":4},{"damage":0,"enemies":"3 Darklings","floor":48,"turns":1},{"damage":119,"enemies":"Awakened One","floor":50,"turns":7},{"damage":45,"enemies":"Malkuth","floor":51,"turns":5},{"damage":119,"enemies":"Yesod","floor":51,"turns":8},{"damage":260,"enemies":"Chesed","floor":51,"turns":8}],"seed_played":"3047375434174378396","potions_obtained":[{"floor":1,"key":"Regen Potion"},{"floor":5,"key":"EntropicBrew"},{"floor":8,"key":"SteroidPotion"},{"floor":14,"key":"FairyPotion"},{"floor":16,"key":"Weak Potion"},{"floor":18,"key":"Energy Potion"},{"floor":21,"key":"BlessingOfTheForge"},{"floor":25,"key":"SmokeBomb"},{"floor":27,"key":"PowerPotion"},{"floor":28,"key":"SneckoOil"},{"floor":29,"key":"AttackPotion"},{"floor":30,"key":"BlessingOfTheForge"},{"floor":33,"key":"AttackPotion"},{"floor":35,"key":"Block Potion"},{"floor":37,"key":"PowerPotion"},{"floor":38,"key":"BlessingOfTheForge"},{"floor":39,"key":"AttackPotion"},{"floor":40,"key":"Fire Potion"},{"floor":42,"key":"Ancient Potion"},{"floor":45,"key":"DistilledChaos"},{"floor":46,"key":"Explosive Potion"},{"floor":47,"key":"ColorlessPotion"},{"floor":48,"key":"FairyPotion"}],"is_trial":false,"path_per_floor":["M","?","T","M","M","R","E","M","T","E","?","$","T","M","R","B",null,"M","?","$","M","?","E","R","E","T","?","M","M","M","?","R","B",null,"M","?","M","?","M","E","R","M","T","R","E","M","E","M","R","B",null],"character_chosen":"Angela","items_purchased":["Matryoshka","Hypocrisy"],"campfire_rested":0,"item_purchase_floors":[12,20],"current_hp_per_floor":[67,67,67,69,77,77,76,74,74,68,68,68,68,71,71,49,87,66,60,60,78,61,39,39,75,75,87,69,83,80,80,80,73,108,110,110,114,114,104,94,94,112,112,112,122,124,126,128,128,47],"gold":592,"neow_bonus":"TEN_PERCENT_HP_BONUS","is_daily":false,"chose_seed":false,"campfire_upgraded":0,"win_rate":0.0,"timestamp":1610215944,"path_taken":["M","?","?","?","M","R","E","M","T","E","?","$","?","?","R","BOSS","M","?","$","M","?","E","R","E","T","?","M","M","?","?","R","BOSS","M","?","M","?","M","E","R","M","T","R","E","M","E","M","R","BOSS"],"items_purchased_type":["Relic","Card"],"build_version":"2020-12-22","purchased_purges":1,"victory":true,"max_hp_per_floor":[77,77,77,77,77,77,77,77,77,77,77,77,77,87,87,87,87,87,87,87,87,92,92,92,92,92,92,92,94,96,96,96,98,108,110,110,114,114,116,118,118,120,120,120,122,124,126,128,128,130],"card_choices":[{"not_picked":["Tough"],"picked":"GreenStem","floor":1},{"not_picked":["FourthMatchFlame"],"picked":"Horn","floor":1},{"not_picked":["CUTE"],"picked":"WristCuter","floor":4},{"not_picked":["Scarecrow","QueenOfHatred"],"picked":"OSAHOGD","floor":4},{"not_picked":["CUTE"],"picked":"FourthMatchFlame","floor":4},{"not_picked":["CUTE"],"picked":"FrostShard","floor":5},{"not_picked":["Horn"],"picked":"Heaven","floor":7},{"not_picked":["Penitence"],"picked":"Hypocrisy","floor":8},{"not_picked":["Laetitia","Rudolta"],"picked":"NakedNest","floor":8},{"not_picked":["Pleasure"],"picked":"Penitence","floor":10},{"not_picked":["InTheNameOfLoveAndHate"],"picked":"RedEyes","floor":10},{"not_picked":["Loneliness"],"picked":"SwordSharpenedByTears","floor":14},{"not_picked":["Loneliness","Laetitia_ego"],"picked":"SKIP","floor":14},{"not_picked":["TheSmile"],"picked":"Twilight","floor":16},{"not_picked":["Mimicry"],"picked":"Pinks","floor":16},{"not_picked":["BigBadWolf","BeautyBeast"],"picked":"ShyLook","floor":18},{"not_picked":["BearPaw"],"picked":"CENSORED_ego","floor":18},{"not_picked":["TodaysExpression"],"picked":"FrostShard+1","floor":21},{"not_picked":["Yin","Funeral"],"picked":"Mercenary","floor":23},{"not_picked":["BlackSwan_ego+1"],"picked":"Ecstasy","floor":23},{"not_picked":["Tough+1"],"picked":"Logging","floor":25},{"not_picked":["Tough+1"],"picked":"Horn+1","floor":27},{"not_picked":["GreenStem"],"picked":"WristCuter+1","floor":28},{"not_picked":["BeautyBeast","Scarecrow"],"picked":"BodiesMountain","floor":29},{"not_picked":["Laetitia_ego","CherryBlossom+1"],"picked":"SKIP","floor":29},{"not_picked":["GrinderMk4+1"],"picked":"WristCuter+1","floor":30},{"not_picked":["Twilight+1"],"picked":"CENSORED_ego","floor":33},{"not_picked":["Murderer","PlagueDoctor"],"picked":"BlueStar","floor":35},{"not_picked":["Spore+1"],"picked":"Horn+1","floor":35},{"not_picked":["Beak+1"],"picked":"SomewhereSpear+1","floor":37},{"not_picked":["CrimsonScar+1"],"picked":"TheSmile","floor":39},{"not_picked":["Woodsman","NothingThere"],"picked":"BigBird","floor":40},{"not_picked":["BlackSwan_ego+1","CUTE"],"picked":"SKIP","floor":40},{"not_picked":["Soda"],"picked":"Penitence+1","floor":42},{"not_picked":["WristCuter+1"],"picked":"Beak+1","floor":45},{"not_picked":["RapturousDream+1"],"picked":"Heaven+1","floor":46},{"not_picked":["CUTE","Regret_ego"],"picked":"SKIP","floor":47},{"not_picked":["BlueScar","CrimsonScar+1"],"picked":"SKIP","floor":48}],"player_experience":39600,"relics_obtained":[{"floor":1,"key":"LetterFromLob"},{"floor":3,"key":"InkBottle"},{"floor":7,"key":"Bronze Scales"},{"floor":9,"key":"PreservedInsect"},{"floor":10,"key":"Lantern"},{"floor":13,"key":"White Beast Statue"},{"floor":13,"key":"Sundial"},{"floor":23,"key":"Pantograph"},{"floor":25,"key":"Ancient Tea Set"},{"floor":26,"key":"MealTicket"},{"floor":26,"key":"Molten Egg 2"},{"floor":27,"key":"Red Mask"},{"floor":34,"key":"Toy Ornithopter"},{"floor":34,"key":"Pear"},{"floor":34,"key":"Calipers"},{"floor":37,"key":"AtMidnight"},{"floor":40,"key":"Juzu Bracelet"},{"floor":43,"key":"Mercury Hourglass"},{"floor":45,"key":"CaptainsWheel"},{"floor":47,"key":"Pocketwatch"}],"event_choices":[{"damage_healed":0,"gold_gain":0,"player_choice":"Ignored","damage_taken":0,"max_hp_gain":0,"max_hp_loss":0,"event_name":"Golden Wing","floor":2,"gold_loss":0},{"damage_healed":0,"gold_gain":0,"player_choice":"Rummage","damage_taken":0,"relics_obtained":["WarpedTongs"],"max_hp_gain":0,"max_hp_loss":0,"event_name":"Accursed Blacksmith","floor":11,"gold_loss":0,"cards_obtained":["Pain"]},{"damage_healed":0,"gold_gain":0,"player_choice":"Joined the Cult","damage_taken":6,"max_hp_gain":0,"max_hp_loss":0,"event_name":"Nest","floor":19,"gold_loss":0,"cards_obtained":["RitualDagger"]},{"damage_healed":0,"gold_gain":0,"player_choice":"Shed Blood","damage_taken":22,"max_hp_gain":5,"max_hp_loss":0,"event_name":"Forgotten Altar","floor":22,"gold_loss":0},{"damage_healed":0,"gold_gain":0,"player_choice":"Fought Bandits","damage_taken":0,"max_hp_gain":0,"max_hp_loss":0,"event_name":"Masked Bandits","floor":27,"gold_loss":0},{"damage_healed":0,"gold_gain":0,"player_choice":"Ignored","damage_taken":0,"max_hp_gain":0,"max_hp_loss":0,"event_name":"Ghosts","floor":31,"gold_loss":0},{"damage_healed":0,"gold_gain":0,"cards_transformed":["BodiesMountain"],"player_choice":"Transformed","damage_taken":0,"max_hp_gain":0,"max_hp_loss":0,"event_name":"Transmorgrifier","floor":36,"gold_loss":0,"cards_obtained":["Ecstasy"]},{"damage_healed":0,"gold_gain":0,"player_choice":"Bought 1 Potion","damage_taken":0,"max_hp_gain":0,"max_hp_loss":0,"event_name":"The Woman in Blue","floor":38,"gold_loss":0}],"is_beta":false,"boss_relics":[{"not_picked":["Ectoplasm","Runic Pyramid"],"picked":"SacredBark"},{"not_picked":["Tiny House","Runic Dome"],"picked":"Calling Bell"}],"items_purged_floors":[12],"is_endless":false,"potions_floor_spawned":[1,5,8,14,16,18,21,23,25,27,28,29,30,33,35,37,39,40,42,45,46,47,48,51,51,51],"ascension_level":1}}