{"host":"nomlpa5ttaaqphus","time":1610172856,"event":{"mods":["100% Spire Juice","BaseMod","Colored Powertips","Minty Spire (QoL Compilation)","StSLib"],"gold_per_floor":[119,130,22,40,53,53,53,53],"floor_reached":7,"playtime":513,"items_purged":[],"score":70,"play_id":"ed4e0785-cdff-451c-9c75-9e92f3a2f220","local_time":"20210109021416","is_ascension_mode":false,"campfire_choices":[{"data":"Moonworks:MixPhenomenon","floor":6.0,"key":"SMITH"}],"circlet_count":0,"master_deck":["Moonworks:MiracleRedBeanIceCream","Moonworks:MiracleRedBeanIceCream","Moonworks:Accelerator","Moonworks:CloudOfSeagulls","Moonworks:CloudOfSeagulls","Moonworks:CloudOfSeagulls","Moonworks:CloudOfSeagulls","Moonworks:MixPhenomenon+1","Moonworks:ShieldCounter","Moonworks:SakisCookie","Moonworks:JonathanRush","Moonworks:LulusLuckyEgg"],"relics":["Moonworks:BrokenBomb","Moonworks:Homemark"],"acts_visited":["Exordium"],"potions_floor_usage":[],"damage_taken":[{"damage":31.0,"enemies":"Cultist","floor":1.0,"turns":4.0},{"damage":33.0,"enemies":"Small Slimes","floor":2.0,"turns":4.0},{"damage":17.0,"enemies":"2 Louse","floor":3.0,"turns":3.0},{"damage":20.0,"enemies":"2 Fungi Beasts","floor":4.0,"turns":4.0},{"damage":14.0,"enemies":"Looter","floor":5.0,"turns":3.0},{"damage":0,"enemies":"Gremlin Nob","floor":7,"turns":1}],"seed_played":"1703826276670499453","potions_obtained":[{"floor":1.0,"key":"Block Potion"},{"floor":5.0,"key":"SpeedPotion"}],"is_trial":false,"path_per_floor":["M","M","M","M","M","R","E"],"character_chosen":"THE_STARBREAKER","items_purchased":[],"campfire_rested":0,"item_purchase_floors":[],"current_hp_per_floor":[35,4,55,37,25,25,25,25],"gold":53,"neow_bonus":"TEN_PERCENT_HP_BONUS","is_daily":false,"chose_seed":false,"campfire_upgraded":1,"win_rate":0.0,"timestamp":1610172856,"path_taken":["M","M","M","M","?","R","E"],"items_purchased_type":[],"build_version":"2020-12-22","purchased_purges":0,"victory":false,"max_hp_per_floor":[66,66,66,66,66,66,66,66],"card_choices":[{"not_picked":["Moonworks:ImmovableObject","Moonworks:JonathanRush"],"picked":"Moonworks:SakisCookie","floor":1.0},{"not_picked":["Moonworks:ImOnFire","Moonworks:Assault"],"picked":"Moonworks:JonathanRush","floor":2.0},{"not_picked":["Moonworks:BigBangBell","Moonworks:TacticalRetreat","Moonworks:DeployBits"],"picked":"SKIP","floor":3.0},{"not_picked":["Moonworks:Gamble","Moonworks:DeployBits","Moonworks:ImOnFire"],"picked":"SKIP","floor":4.0},{"not_picked":["Moonworks:Assault","Moonworks:ReflectiveShell"],"picked":"Moonworks:LulusLuckyEgg","floor":5.0}],"player_experience":65360,"relics_obtained":[],"event_choices":[],"is_beta":false,"boss_relics":[],"items_purged_floors":[],"is_endless":false,"potions_floor_spawned":[1,5],"killed_by":"Gremlin Nob","ascension_level":0}}