{"host":"ha6p5pdchuduffeg","time":1610161618,"event":{"mods":["Act Like it!","BaseMod","Gensokyo","KinomotoSakuraMod(ƒæ÷Æ±æ”£)","Koishi","Marisa£®ÏF”Í°°ƒß¿Ì…≥£©","Minty Spire (QoL Compilation)","Reimu£®≤©¿ˆ¡È√Œ£©","Remilia£®¿Ÿ√◊¿Ú—«£©","Replay The Spire","StSLib","The Servant 0.9.4","Youmu£®ªÍ∆«—˝√Œ£©"],"gold_per_floor":[109,109,62,62,62,62,26,26,106,134,152,152,171,234,234,343,343,373,142,171,202,102,131,145,145],"floor_reached":24,"playtime":1222,"items_purged":["Writhe","CommonCold"],"score":186,"play_id":"608c3030-3cc5-4ee4-bc0a-49a8cd2e8719","local_time":"20210109110658","is_ascension_mode":false,"campfire_choices":[{"floor":6.0,"key":"REST"},{"data":"Neutralize","floor":8.0,"key":"SMITH"},{"data":"Stagnation:ReiMu","floor":12.0,"key":"SMITH"},{"floor":15.0,"key":"DIG"}],"circlet_count":0,"master_deck":["Strike_MRS","Strike_MRS","Strike_MRS","Strike_MRS","Defend_MRS","Defend_MRS","Defend_MRS","Defend_MRS","MasterSpark","UpSweep+1","Stagnation:ReiMu+1","Neutralize+1","SuperPerseids","GrandCross","Robbery","DoubleSpark","PowerUp","CurseOfTheBell","StarBarrage+1","DeepEcoloBomb+1"],"relics":["MiniHakkero","Unceasing Top","CultistMask","ScarletDevilRocket","Ornamental Fan","Golden Egg","Replay:Ancient Bell","Dream Catcher","Replay:Bottled Flurry","Replay:Multitool","Strawberry"],"acts_visited":["Exordium","TheCity"],"potions_floor_usage":[24],"damage_taken":[{"damage":5.0,"enemies":"Small Slimes","floor":1.0,"turns":3.0},{"damage":0.0,"enemies":"Cultist","floor":10.0,"turns":2.0},{"damage":0.0,"enemies":"Jaw Worm","floor":11.0,"turns":2.0},{"damage":10.0,"enemies":"Exordium Wildlife","floor":13.0,"turns":5.0},{"damage":34.0,"enemies":"Hexaghost","floor":16.0,"turns":11.0},{"damage":11.0,"enemies":"Shell Parasite","floor":18.0,"turns":6.0},{"damage":5.0,"enemies":"Chosen","floor":20.0,"turns":4.0},{"damage":7.0,"enemies":"Snecko","floor":21.0,"turns":5.0},{"damage":47.0,"enemies":"Sentry and Sphere","floor":23.0,"turns":7.0},{"damage":35,"enemies":"3 Cultists","floor":24,"turns":6}],"seed_played":"4158013872860187424","potions_obtained":[{"floor":1.0,"key":"SmokeBomb"},{"floor":11.0,"key":"EssenceOfSteel"},{"floor":13.0,"key":"SkillPotion"},{"floor":18.0,"key":"FairyPotion"},{"floor":21.0,"key":"GamblersBrew"}],"is_trial":false,"path_per_floor":["M","?","$","?","?","R","$","R","T","M","M","R","M","?","R","B",null,"M","$","M","M","$","M","M"],"character_chosen":"MARISA","items_purchased":["GrandCross","Robbery","Strawberry"],"campfire_rested":1,"item_purchase_floors":[3,7,19],"current_hp_per_floor":[70,70,70,70,37,59,59,59,59,59,59,59,49,49,49,15,75,64,71,66,59,59,12,3,3],"gold":145,"neow_bonus":"ONE_RARE_RELIC","is_daily":false,"chose_seed":false,"campfire_upgraded":2,"win_rate":0.0,"timestamp":1610161618,"path_taken":["M","?","?","?","?","R","$","R","T","M","M","R","?","?","R","BOSS","M","$","M","M","$","M","M"],"items_purchased_type":["Card","Card","Relic"],"build_version":"2020-12-22","purchased_purges":2,"victory":false,"max_hp_per_floor":[75,75,75,75,75,75,75,75,75,75,75,75,75,75,75,75,75,75,82,82,82,82,82,82,82],"card_choices":[{"not_picked":["OpenUniverse","OortCloud"],"picked":"SuperPerseids","floor":1.0},{"not_picked":["NonDirectionalLaser","WitchOfGreed","MagicAbsorber"],"picked":"SKIP","floor":10.0},{"not_picked":["StarBarrage","EventHorizon"],"picked":"DoubleSpark","floor":11.0},{"not_picked":["IllusionStar","FairyDestructionRay"],"picked":"PowerUp","floor":13.0},{"not_picked":["Greed_TH","Sickly"],"picked":"CommonCold","floor":17.0},{"not_picked":["Voices","ReplayTheSpireMod:Faulty Equipment"],"picked":"Writhe","floor":17.0},{"not_picked":["Shame","Sloth_TH"],"picked":"CurseOfTheBell","floor":17.0},{"not_picked":["PowerUp","Occultation"],"picked":"StarBarrage+1","floor":18.0},{"not_picked":["DoubleSpark","UnstableBomb+1"],"picked":"DeepEcoloBomb+1","floor":20.0},{"not_picked":["AlicesGift","GrandCross","DarkMatter"],"picked":"SKIP","floor":21.0},{"not_picked":["ShootingEcho+1","ManaRampage","UnstableBomb"],"picked":"SKIP","floor":23.0}],"player_experience":18939,"relics_obtained":[{"floor":9.0,"key":"Ornamental Fan"},{"floor":15.0,"key":"Golden Egg"}],"event_choices":[{"damage_healed":0.0,"max_hp_gain":0.0,"max_hp_loss":0.0,"gold_gain":0.0,"event_name":"FaceTrader","player_choice":"Trade","floor":2.0,"gold_loss":0.0,"damage_taken":0.0,"relics_obtained":["CultistMask"]},{"damage_healed":0.0,"max_hp_gain":0.0,"max_hp_loss":0.0,"gold_gain":0.0,"event_name":"Living Wall","player_choice":"Grow","floor":4.0,"gold_loss":0.0,"damage_taken":0.0,"cards_upgraded":["UpSweep"]},{"damage_healed":0.0,"max_hp_gain":0.0,"max_hp_loss":0.0,"gold_gain":0.0,"event_name":"Scrap Ooze","player_choice":"Success","floor":5.0,"gold_loss":0.0,"damage_taken":33.0,"relics_obtained":["ScarletDevilRocket"]},{"damage_healed":0.0,"max_hp_gain":0.0,"max_hp_loss":0.0,"gold_gain":63.0,"event_name":"Golden Wing","player_choice":"Gained Gold","floor":14.0,"gold_loss":0.0,"damage_taken":0.0}],"is_beta":false,"boss_relics":[{"not_picked":["Kintsugi","Black Star"],"picked":"Replay:Ancient Bell"},{"not_picked":["ReplayFunnel","Bag of Preparation"],"picked":"Dream Catcher"},{"not_picked":["AmplifyWand","Kunai"],"picked":"Replay:Bottled Flurry"},{"not_picked":["Replay:PocketPolymizer","Calipers"],"picked":"Replay:Multitool"}],"items_purged_floors":[19,22],"is_endless":false,"potions_floor_spawned":[1,11,13,18,21],"killed_by":"3 Cultists","ascension_level":0}}