{"host":"s794kqxf2n1qz2yr","time":1610171276,"event":{"mods":["100% Spire Juice","2.2 Compatiblity","AchievementEnabler","Aspiration","BaseMod","ChefMod","Downfall","Friendly Minions","Hermit","HololiveMod","Melee Mod","Minty Spire (QoL Compilation)","Permanent Neow","StSLib","The Alterego","The Animator","The Disciple","The Marked"],"gold_per_floor":[114,114,132,132,67,100,115,135,135,135,135,151,151,165,165,284,284,307,307,307,321,335,375,375,399,399,97,97,111,154,174,174,303,303,327,144,144,216,272,306,306,341,415,439,439,457,495,508,508,508],"floor_reached":51,"playtime":3894,"items_purged":[],"score":952,"play_id":"71b500d0-1e10-48d6-9577-615ac53f699e","local_time":"20210109054756","daily_mods":["SealedDeck","Diverse"],"is_ascension_mode":false,"campfire_choices":[{"data":"champ:CrookedStrike","floor":11,"key":"SMITH"},{"data":"meleeMod_FalconKick","floor":13,"key":"SMITH"},{"data":"hexamod:ShieldOfDarkness","floor":15,"key":"SMITH"},{"floor":24,"key":"REST"},{"floor":32,"key":"REST"}],"circlet_count":0,"master_deck":["Slimebound:GoopSpray","theMarked:TwofoldDefense","hexamod:ShieldOfDarkness+1","champ:BringItOn+1","alterego_mod:SakuraPetals","LockedAnchor","hermit:Quickdraw","animator:LeleiLaLalena+1","animator:IzunaHatsuse+1","animator:Archer","theMarked:BanishingStrike","champ:CrookedStrike+1","meleeMod_FalconKick+1","PiercingWail","alterego_mod:SideboobHour","Hololive_HuntDinosaur","meleeMod_UpTilt","alterego_mod:Cushion+1","hexamod:Firestarter","Exhume","Slimebound:Replication","FTL","Violence","expansioncontent:Torchfire","expansioncontent:Collect","animator:Ara","Hololive_CallYuzukiChoco"],"relics":["Burning Blood","Golden Idol","aspiration:Lifesprig","Anchor","White Beast Statue","Fusion Hammer","Pantograph","Centennial Puzzle","Akabeko","TheAbacus","War Paint","PreservedInsect","Coffee Dripper","aspiration:VileToxins","aspiration:SeaSaltIceCream","aspiration:Nostalgia","meleeMod_TeamBeerMang0","TungstenRod","champ:DuelingGlove","Happy Flower","Question Card","Dream Catcher"],"acts_visited":["Exordium","TheCity","TheBeyond"],"potions_floor_usage":[16,23,29,30,39,42,44,50,50],"damage_taken":[{"damage":0,"enemies":"Jaw Worm","floor":1,"turns":3},{"damage":0,"enemies":"Small Slimes","floor":3,"turns":3},{"damage":19,"enemies":"Gremlin Nob","floor":6,"turns":4},{"damage":0,"enemies":"2 Louse","floor":7,"turns":2},{"damage":0,"enemies":"Lots of Slimes","floor":8,"turns":2},{"damage":0,"enemies":"Blue Slaver","floor":12,"turns":3},{"damage":0,"enemies":"Red Slaver","floor":14,"turns":3},{"damage":0,"enemies":"Slime Boss","floor":16,"turns":5},{"damage":0,"enemies":"Shell Parasite","floor":18,"turns":4},{"damage":0,"enemies":"2 Thieves","floor":21,"turns":4},{"damage":0,"enemies":"Snake Plant","floor":22,"turns":3},{"damage":12,"enemies":"Book of Stabbing","floor":23,"turns":4},{"damage":12,"enemies":"Centurion and Healer","floor":25,"turns":4},{"damage":0,"enemies":"3 Cultists","floor":29,"turns":4},{"damage":0,"enemies":"Gremlin Leader","floor":30,"turns":3},{"damage":5,"enemies":"Shelled Parasite and Fungi","floor":31,"turns":4},{"damage":8,"enemies":"Automaton","floor":33,"turns":6},{"damage":0,"enemies":"3 Shapes","floor":35,"turns":5},{"damage":15,"enemies":"2 Orb Walkers","floor":39,"turns":5},{"damage":8,"enemies":"Giant Head","floor":40,"turns":6},{"damage":22,"enemies":"Nemesis","floor":42,"turns":4},{"damage":1,"enemies":"3 Darklings","floor":44,"turns":6},{"damage":0,"enemies":"Transient","floor":46,"turns":5},{"damage":0,"enemies":"Giant Head","floor":47,"turns":5},{"damage":3,"enemies":"Sphere and 2 Shapes","floor":48,"turns":4},{"damage":1,"enemies":"Awakened One","floor":50,"turns":9}],"seed_played":"-4182900837109706123","potions_obtained":[{"floor":6,"key":"LiquidBronze"},{"floor":7,"key":"Swift Potion"},{"floor":8,"key":"Strength Potion"},{"floor":16,"key":"Explosive Potion"},{"floor":18,"key":"BloodPotion"},{"floor":23,"key":"LiquidMemories"},{"floor":29,"key":"hexamod:EctoCoolerPotion"},{"floor":30,"key":"Ancient Potion"},{"floor":39,"key":"SneckoOil"},{"floor":42,"key":"Explosive Potion"},{"floor":44,"key":"Weak Potion"},{"floor":46,"key":"FairyPotion"}],"is_trial":true,"path_per_floor":["M","?","M","?","?","E","M","M","T","?","R","M","R","M","R","B",null,"M","T","?","M","M","E","R","M","T","$","?","M","E","M","R","B",null,"M","$","?","T","?","E","R","E","T","M","R","M","E","M","R","B",null],"character_chosen":"IRONCLAD","items_purchased":["TheAbacus","War Paint","aspiration:VileToxins","FTL"],"campfire_rested":2,"item_purchase_floors":[27,27,36,36],"current_hp_per_floor":[80,80,80,74,74,61,67,73,73,73,73,74,74,74,74,74,74,74,74,74,74,74,68,74,68,68,68,68,74,74,74,74,72,74,74,74,64,64,69,67,67,51,51,56,56,62,68,71,71,74],"gold":508,"neow_bonus":"","is_daily":false,"chose_seed":false,"campfire_upgraded":3,"win_rate":0.0,"timestamp":1610171276,"path_taken":["M","?","M","?","?","E","?","M","T","?","R","M","R","M","R","BOSS","M","?","?","M","M","E","R","M","T","$","?","M","E","M","R","BOSS","M","$","?","?","?","E","R","E","T","M","R","M","E","M","R","BOSS"],"items_purchased_type":["Relic","Relic","Relic","Card"],"build_version":"2020-12-22","purchased_purges":0,"victory":true,"max_hp_per_floor":[80,80,80,74,74,74,74,74,74,74,74,74,74,74,74,74,74,74,74,74,74,74,74,74,74,74,74,74,74,74,74,74,74,74,74,74,74,74,74,74,74,74,74,74,74,74,74,74,74,74],"card_choices":[{"not_picked":["theMarked:PowerFlow","animator:MumenRider"],"picked":"theMarked:BanishingStrike","floor":1},{"not_picked":["LockedAnchor","hermit:Dive"],"picked":"champ:CrookedStrike","floor":3},{"not_picked":["theMarked:Aftermath","Slimebound:FlameTackle","animator:YunYun"],"picked":"SKIP","floor":6},{"not_picked":["Slimebound:FlameTackle","theMarked:BanishingStrike","chefmod:Leftovers"],"picked":"SKIP","floor":7},{"not_picked":["Predator","meleeMod_ShieldPoke"],"picked":"meleeMod_FalconKick","floor":8},{"not_picked":["Darkness","BlueShift","ThirdEye"],"picked":"SKIP","floor":12},{"not_picked":["animator:Gillette","aspiration:Polymerization"],"picked":"PiercingWail","floor":14},{"not_picked":["alterego_mod:Antipathy","Hololive_WolfAndLamb"],"picked":"alterego_mod:SideboobHour","floor":16},{"not_picked":["champ:AdrenalArmor+1","Outmaneuver","Poisoned Stab"],"picked":"SKIP","floor":18},{"not_picked":["Hololive_RevenueBasedLive","hexamod:NightmareStrike"],"picked":"Hololive_HuntDinosaur","floor":21},{"not_picked":["theMarked:HeightenedSenses","Evolve"],"picked":"meleeMod_UpTilt","floor":22},{"not_picked":["champ:DefensiveShout","Reflex+1","hermit:Adapt"],"picked":"SKIP","floor":23},{"not_picked":["theMarked:Overcharge+1","Sweeping Beam"],"picked":"alterego_mod:Cushion+1","floor":25},{"not_picked":["Hololive_CallUruhaRushia","sneckomod:IronFang","Moonworks:BigMagnum+1"],"picked":"SKIP","floor":29},{"not_picked":["LockedBell","chefmod:Escargot","JustLucky+1"],"picked":"SKIP","floor":30},{"not_picked":["Moonworks:CastOff","Dodge and Roll"],"picked":"hexamod:Firestarter","floor":31},{"not_picked":["SpiritShield","hermit:Roughhouse"],"picked":"Exhume","floor":33},{"not_picked":["animator:Vanir+1","Slimebound:SplitBruiser"],"picked":"Slimebound:Replication","floor":35},{"not_picked":["expansioncontent:DonusPower","Trip"],"picked":"Violence","floor":37},{"not_picked":["expansioncontent:Chronoboost","Finesse"],"picked":"expansioncontent:Torchfire","floor":37},{"not_picked":["Mind Blast","expansioncontent:Sear"],"picked":"expansioncontent:Collect","floor":37},{"not_picked":["Hololive_CallAmaneKanata","Outmaneuver"],"picked":"animator:Ara","floor":40},{"not_picked":["Consecrate","animator:Yoichi+1","LockedUrn+1"],"picked":"SKIP","floor":42},{"not_picked":["Slice","animator:Rider","Slimebound:ViciousTackle+1"],"picked":"Hololive_CallYuzukiChoco","floor":44},{"not_picked":["BowlingBash+1","Redo+1","Hololive_DevilCharm+1","HandsUpB+1"],"picked":"SKIP","floor":46},{"not_picked":["Guardian:Gem_Cyan","Fiend Fire","Moonworks:LulusLuckyEgg","champ:FlashCut"],"picked":"SKIP","floor":47},{"not_picked":["Slimebound:RollThrough+1","InnerPeace","theMarked:HeightenedSenses","animator:Darkness+1"],"picked":"SKIP","floor":48}],"player_experience":364890,"relics_obtained":[{"floor":6,"key":"Anchor"},{"floor":9,"key":"White Beast Statue"},{"floor":19,"key":"Pantograph"},{"floor":23,"key":"Centennial Puzzle"},{"floor":26,"key":"Akabeko"},{"floor":30,"key":"PreservedInsect"},{"floor":38,"key":"aspiration:SeaSaltIceCream"},{"floor":39,"key":"TungstenRod"},{"floor":40,"key":"champ:DuelingGlove"},{"floor":42,"key":"Happy Flower"},{"floor":43,"key":"Question Card"},{"floor":47,"key":"Dream Catcher"}],"event_choices":[{"damage_healed":0,"gold_gain":0,"player_choice":"Grow","damage_taken":0,"max_hp_gain":0,"max_hp_loss":0,"event_name":"Living Wall","floor":2,"gold_loss":0,"cards_upgraded":["champ:BringItOn"]},{"damage_healed":0,"gold_gain":0,"player_choice":"Lose Max HP","damage_taken":0,"relics_obtained":["Golden Idol"],"max_hp_gain":0,"max_hp_loss":6,"event_name":"Golden Idol","floor":4,"gold_loss":0},{"damage_healed":0,"gold_gain":0,"player_choice":"Paid Gold","damage_taken":0,"relics_obtained":["aspiration:Lifesprig"],"max_hp_gain":0,"max_hp_loss":0,"event_name":"WeMeetAgain","floor":5,"gold_loss":65},{"damage_healed":0,"gold_gain":0,"player_choice":"Ignored","damage_taken":0,"max_hp_gain":0,"max_hp_loss":0,"event_name":"NoteForYourself","floor":10,"gold_loss":0},{"damage_healed":0,"gold_gain":0,"player_choice":"Ignored","damage_taken":0,"max_hp_gain":0,"max_hp_loss":0,"event_name":"Vampires","floor":28,"gold_loss":0},{"damage_healed":0,"gold_gain":0,"player_choice":"Memory 3","damage_taken":10,"max_hp_gain":0,"max_hp_loss":0,"event_name":"SensoryStone","floor":37,"gold_loss":0},{"damage_healed":0,"gold_gain":0,"player_choice":"Fight","damage_taken":0,"max_hp_gain":0,"max_hp_loss":0,"event_name":"Mysterious Sphere","floor":39,"gold_loss":0}],"is_beta":false,"boss_relics":[{"not_picked":["Philosopher\u0027s Stone","Hololive_TopUpMoneyS"],"picked":"Fusion Hammer"},{"not_picked":["aspiration:SilentSkillbook","aspiration:SecretTechniqueScroll"],"picked":"Coffee Dripper"}],"items_purged_floors":[],"is_endless":false,"potions_floor_spawned":[6,7,8,12,14,16,18,21,22,23,25,29,30,31,33,35,39,40,42,44,46,47,48],"ascension_level":0}}