{"host":"ct28ocsd8g8yr2ah","time":1610213449,"event":{"mods":["BaseMod","Better Third Choice","Hero for Fun","Lobotomy","LobotomyExtend","Mimic Mod","Minty Spire (QoL Compilation)","Replay The Spire","StSLib","Waifu the Spire","egg"],"gold_per_floor":[14,79,79,79,90,125,140,140,180,180,195,195,29,39,4,79,79,94,94,129,129,54,86,86,117,145,156,188,188,223,240,240,312,412,430,430,109,121,131,131,131,160,193,207,242,25,52,94,94,177,254,281,299,310,310,328,351,363,410,449,502,514,543,102,143,155,155,229,229,229,229],"floor_reached":70,"playtime":1758,"items_purged":["Pride","Pride","Pride"],"score":4257,"play_id":"a134cce1-1eaf-484f-8cd6-48fe274f5bf3","local_time":"20210109223049","daily_mods":["Vintage","DeadlyEvents","Binary","Elite Swarm"],"is_ascension_mode":true,"campfire_choices":[{"data":"Hip_Strike","floor":24,"key":"SMITH"},{"data":"Serious_Side_Hops","floor":32,"key":"SMITH"},{"data":"1","floor":40,"key":"LIFT"},{"data":"2","floor":49,"key":"LIFT"},{"data":"3","floor":58,"key":"LIFT"},{"data":"Serious_Punch","floor":62,"key":"SMITH"},{"data":"Serious_Punch","floor":67,"key":"SMITH"}],"circlet_count":0,"master_deck":["AscendersBane","Strike_Y","Strike_Y","Strike_Y+1","Strike_Y+1","Strike_Y+1","Defend_Y","Defend_Y","Defend_Y","Defend_Y","Defend_Y","Hop","Terrifying_Presence","Normal_Punch","Hip_Strike+1","Regret","Hallucinations","Serious_Punch+1","Pride","Pride","Pride","Oh","Hip_Strike","Serious_Side_Hops+1","Hip_Strike","Hip_Strike","Hip_Strike","Pride","Pride","Pride","Pride","Pride","Hip_Strike","Serious_Punch","Pride","Pride","Pride","Serious_Punch+1","Serious_Punch+1","Pride","Pride","Pride","Pride","Pride","Pride","Oh","Oh"],"relics":["Cape","Ring of Chaos","ReplayTheSpireMod:Shallot","LetterFromLob","Omamori","Question Card","Centennial Puzzle","Pet Ghost","Replay:Baseball","Strange Spoon","Toy Ornithopter","ChewingGum","Blue Candle","RedMistMask","Blue Doll","Ancient Tea Set","Replay:Wanted Poster","Orichalcum","Replay:Wax Seal","Whetstone","Anchor","Girya","Singing Bowl","CeramicFish","Busted Crown","Ring of Chaos","Replay:Bottled Steam","Akabeko","MawBank","InkBottle","Turnip","Gremlin Food","ClockworkSouvenir","Ornamental Fan","Snecko Eye"],"acts_visited":["Exordium","TheCity","TheBeyond","Exordium","TheCity"],"potions_floor_usage":[],"damage_taken":[{"damage":0,"enemies":"Small Slimes","floor":1,"turns":1},{"damage":0,"enemies":"2 Louse","floor":5,"turns":1},{"damage":0,"enemies":"Lagavulin","floor":6,"turns":1},{"damage":0,"enemies":"Jaw Worm","floor":7,"turns":1},{"damage":0,"enemies":"Exordium Wildlife","floor":9,"turns":3},{"damage":0,"enemies":"Exordium Wildlife","floor":11,"turns":2},{"damage":0,"enemies":"3 Louse","floor":14,"turns":2},{"damage":0,"enemies":"The Guardian","floor":16,"turns":4},{"damage":0,"enemies":"Chosen","floor":18,"turns":1},{"damage":0,"enemies":"Gremlin Leader","floor":20,"turns":1},{"damage":0,"enemies":"Book of Stabbing","floor":23,"turns":1},{"damage":0,"enemies":"Gremlin Leader","floor":25,"turns":1},{"damage":0,"enemies":"Book of Stabbing","floor":26,"turns":1},{"damage":0,"enemies":"Spheric Guardian","floor":27,"turns":2},{"damage":0,"enemies":"Gremlin Leader","floor":28,"turns":1},{"damage":0,"enemies":"Slavers","floor":30,"turns":2},{"damage":0,"enemies":"Centurion and Healer","floor":31,"turns":2},{"damage":0,"enemies":"Champ","floor":33,"turns":2},{"damage":0,"enemies":"3 Darklings","floor":35,"turns":2},{"damage":0,"enemies":"Orb Walker","floor":38,"turns":2},{"damage":0,"enemies":"Writhing Mass","floor":39,"turns":1},{"damage":0,"enemies":"R_Hoarder","floor":42,"turns":2},{"damage":0,"enemies":"Giant Head","floor":43,"turns":2},{"damage":0,"enemies":"Spire Growth","floor":44,"turns":1},{"damage":0,"enemies":"Nemesis","floor":45,"turns":3},{"damage":0,"enemies":"Giant Head","floor":48,"turns":3},{"damage":0,"enemies":"Donu and Deca","floor":50,"turns":5},{"damage":0,"enemies":"Time Eater","floor":51,"turns":5},{"damage":0,"enemies":"Cultist","floor":53,"turns":2},{"damage":0,"enemies":"2 Louse","floor":54,"turns":3},{"damage":0,"enemies":"Jaw Worm","floor":56,"turns":4},{"damage":0,"enemies":"Red Slaver","floor":57,"turns":4},{"damage":0,"enemies":"3 Sentries","floor":59,"turns":3},{"damage":0,"enemies":"Gremlin Nob","floor":61,"turns":6},{"damage":0,"enemies":"Exordium Thugs","floor":63,"turns":3},{"damage":0,"enemies":"3 Sentries","floor":65,"turns":5},{"damage":0,"enemies":"3 Louse","floor":66,"turns":4},{"damage":0,"enemies":"The Guardian","floor":68,"turns":4},{"damage":0,"enemies":"Spheric Guardian","floor":70,"turns":2}],"seed_played":"-5990229210572589027","potions_obtained":[{"floor":1,"key":"Block Potion"},{"floor":2,"key":"BlessingOfTheForge"},{"floor":48,"key":"FairyPotion"}],"is_trial":true,"path_per_floor":["M","?","WH","WH","M","E","M","WH","MIM","WH","M","WH","$","M","R","B",null,"M","?","E","WH","$","E","R","E","E","M","E","?","E","M","R","B",null,"M","WH","$","M","M","R","WH","E","E","M","E","$","WH","E","R","B","B",null,"M","M","?","M","M","R","E","WH","E","R","M","$","E","M","R","B",null,"M"],"character_chosen":"OPM","items_purchased":["Strange Spoon","Replay:Wax Seal","Whetstone","CeramicFish","Serious_Punch","Gremlin Food","ClockworkSouvenir"],"campfire_rested":0,"item_purchase_floors":[13,37,37,46,46,64,64],"current_hp_per_floor":[896,896,896,896,896,896,896,896,896,896,896,896,896,896,995,995,995,995,995,995,995,995,995,995,995,995,995,995,995,995,995,995,995,995,995,995,995,995,995,995,995,995,995,995,995,995,995,995,995,995,995,995,995,995,995,995,995,995,995,995,995,995,995,995,995,995,995,995,995,995,995],"gold":229,"neow_bonus":"","is_daily":false,"chose_seed":false,"campfire_upgraded":4,"win_rate":0.0,"timestamp":1610213449,"path_taken":["M","?","WH","WH","M","E","M","WH","MIM","WH","M","WH","$","M","R","BOSS","M","?","?","WH","$","E","R","?","E","M","E","?","E","M","R","BOSS","M","WH","$","M","M","R","WH","E","E","M","E","$","WH","E","R","BOSS","BOSS","M","M","?","M","M","R","E","WH","E","R","M","$","E","M","R","BOSS","M"],"items_purchased_type":["Relic","Relic","Relic","Relic","Card","Relic","Relic"],"build_version":"2020-12-22","purchased_purges":3,"victory":false,"max_hp_per_floor":[995,995,995,995,995,995,995,995,995,995,995,995,995,995,995,995,995,995,995,995,995,995,995,995,995,995,995,995,995,995,995,995,995,995,995,995,995,995,995,995,995,995,995,995,995,995,995,995,995,995,995,995,995,995,995,995,995,995,995,995,995,995,995,995,995,995,995,995,995,995,995],"card_choices":[{"not_picked":["Wear_Disguise"],"picked":"Hop","floor":2},{"not_picked":["Oh","Get_Hopes_Up"],"picked":"Terrifying_Presence","floor":6},{"not_picked":["Side_Hop","Slap"],"picked":"Normal_Punch","floor":9},{"not_picked":["Get_Hopes_Up","Terrifying_Presence"],"picked":"Hip_Strike","floor":16},{"not_picked":["Terrifying_Presence","Get_Hopes_Up"],"picked":"Serious_Punch","floor":20},{"not_picked":["Get_Hopes_Up","Serious_Punch"],"picked":"Oh","floor":23},{"not_picked":["Get_Hopes_Up","Oh"],"picked":"Hip_Strike","floor":25},{"not_picked":["Serious_Punch","Oh"],"picked":"Serious_Side_Hops","floor":26},{"not_picked":["Oh","Get_Hopes_Up"],"picked":"Hip_Strike","floor":28},{"not_picked":["Serious_Punch","Get_Hopes_Up"],"picked":"Hip_Strike","floor":30},{"not_picked":["Oh","Get_Hopes_Up"],"picked":"Hip_Strike","floor":33},{"not_picked":["Terrifying_Presence","Oh"],"picked":"Hip_Strike","floor":42},{"not_picked":["Oh","Serious_Side_Hops","Get_Hopes_Up"],"picked":"SKIP","floor":43},{"not_picked":["Serious_Side_Hops","Terrifying_Presence","Oh"],"picked":"Singing Bowl","floor":45},{"not_picked":["Terrifying_Presence","Hip_Strike"],"picked":"Serious_Punch","floor":48},{"not_picked":["Hip_Strike","Get_Hopes_Up"],"picked":"Serious_Punch","floor":50},{"not_picked":["Get_Hopes_Up","Terrifying_Presence","Hip_Strike"],"picked":"Singing Bowl","floor":51},{"not_picked":["Terrifying_Presence"],"picked":"Singing Bowl","floor":59},{"not_picked":[],"picked":"Oh","floor":61},{"not_picked":[],"picked":"Oh","floor":65},{"not_picked":["Oh"],"picked":"Singing Bowl","floor":68}],"player_experience":451768,"relics_obtained":[{"floor":1,"key":"ReplayTheSpireMod:Shallot"},{"floor":1,"key":"LetterFromLob"},{"floor":2,"key":"Omamori"},{"floor":5,"key":"Question Card"},{"floor":7,"key":"Centennial Puzzle"},{"floor":9,"key":"Pet Ghost"},{"floor":11,"key":"Replay:Baseball"},{"floor":14,"key":"Toy Ornithopter"},{"floor":18,"key":"Blue Candle"},{"floor":18,"key":"RedMistMask"},{"floor":27,"key":"Blue Doll"},{"floor":31,"key":"Ancient Tea Set"},{"floor":35,"key":"Orichalcum"},{"floor":38,"key":"Anchor"},{"floor":39,"key":"Girya"},{"floor":44,"key":"Singing Bowl"},{"floor":53,"key":"Replay:Bottled Steam"},{"floor":54,"key":"Akabeko"},{"floor":56,"key":"MawBank"},{"floor":57,"key":"InkBottle"},{"floor":63,"key":"Turnip"},{"floor":66,"key":"Ornamental Fan"}],"event_choices":[{"damage_healed":248,"gold_gain":0,"player_choice":"Healed","damage_taken":0,"max_hp_gain":0,"max_hp_loss":0,"event_name":"The Cleric","floor":15,"gold_loss":35},{"damage_healed":0,"gold_gain":0,"cards_transformed":["Pride","Pride"],"player_choice":"Became Test Subject","damage_taken":0,"max_hp_gain":0,"max_hp_loss":0,"event_name":"Drug Dealer","floor":19,"gold_loss":0,"cards_obtained":["Regret","Hallucinations"]},{"damage_healed":995,"gold_gain":0,"player_choice":"Upgrade","damage_taken":299,"max_hp_gain":0,"max_hp_loss":995,"event_name":"betterThird:BetterShining","floor":55,"gold_loss":0,"cards_upgraded":["Serious_Punch","Strike_Y"]}],"is_beta":false,"boss_relics":[{"not_picked":["Replay:Bronze Core","Philosopher\u0027s Stone"],"picked":"ChewingGum"},{"not_picked":["Tiny House","Snecko Eye"],"picked":"Replay:Wanted Poster"},{"not_picked":["Astrolabe","Cursed Key"],"picked":"Busted Crown"},{"not_picked":["Abe\u0027s Treasure","ReplayTheSpireMod:DimensionalGlitch"],"picked":"Snecko Eye"}],"items_purged_floors":[22,37,64],"is_endless":true,"potions_floor_spawned":[1,7,23,26,27,28,33,38,39,45,48,50,51,53,54,56,61,65],"killed_by":"Spheric Guardian","ascension_level":20}}