{"host":"resql42syj2vwpbb","time":1610166426,"event":{"mods":["BaseMod","BetterRewards","Colored Powertips","Minty Spire (QoL Compilation)","Quick Restart","StSLib","SuperFastMode"],"gold_per_floor":[40,40,60,71,89,89,89,114,114,132,132,132,151,26,26,126,126,138,138,138,237,38,67,80,99,99,99,116,116,150,167,167,263,263,279,279,159,159,133,133,133,133,133,153,203,203,218,228,228,228],"floor_reached":51,"playtime":2502,"items_purged":["Strike_R","Strike_R","Strike_R","Defend_R"],"score":874,"play_id":"ea2a46a9-b82d-41e8-9c72-3038f9945f7c","local_time":"20210109122706","is_ascension_mode":true,"campfire_choices":[{"data":"Bash","floor":7.0,"key":"SMITH"},{"data":"Twin Strike","floor":12.0,"key":"SMITH"},{"floor":15.0,"key":"REST"},{"floor":27.0,"key":"REST"},{"floor":29.0,"key":"REST"},{"data":"Heavy Blade","floor":32.0,"key":"SMITH"},{"data":"Feed","floor":40,"key":"SMITH"},{"data":"Bite","floor":42,"key":"SMITH"},{"data":"Bite","floor":49,"key":"SMITH"}],"circlet_count":0,"master_deck":["Bash+1","Flex+1","Disarm+1","Twin Strike+1","Spot Weakness+1","Berserk+1","Entrench+1","Offering+1","Spot Weakness+1","Bite","Bite","Bite+1","Bite","Bite+1","Heavy Blade+1","Ghostly Armor+1","Ghostly Armor+1","Twin Strike+1","Flex+1","Berserk+1","Combust+1","Feed+1","Shrug It Off+1","Rage+1","Disarm+1","Shrug It Off+1","Finesse+1","Shrug It Off+1","Body Slam+1","Flex+1","Limit Break+1"],"relics":["Burning Blood","Toxic Egg 2","Thread and Needle","Frozen Egg 2","Blue Candle","Astrolabe","War Paint","Charon\u0027s Ashes","Mummified Hand","Black Star","Pantograph","Nunchaku","Pocketwatch"],"acts_visited":["Exordium","TheCity","TheBeyond"],"potions_floor_usage":[50,50,50],"damage_taken":[{"damage":2.0,"enemies":"Jaw Worm","floor":1.0,"turns":5.0},{"damage":0.0,"enemies":"Small Slimes","floor":3.0,"turns":4.0},{"damage":1.0,"enemies":"2 Louse","floor":4.0,"turns":4.0},{"damage":4.0,"enemies":"Blue Slaver","floor":5.0,"turns":6.0},{"damage":0.0,"enemies":"Gremlin Nob","floor":6.0,"turns":1.0},{"damage":23.0,"enemies":"Lagavulin","floor":8.0,"turns":5.0},{"damage":12.0,"enemies":"Exordium Thugs","floor":10.0,"turns":11.0},{"damage":0.0,"enemies":"Looter","floor":13.0,"turns":3.0},{"damage":20.0,"enemies":"Hexaghost","floor":16.0,"turns":10.0},{"damage":6.0,"enemies":"Shell Parasite","floor":18.0,"turns":3.0},{"damage":63.0,"enemies":"Slavers","floor":23.0,"turns":4.0},{"damage":13.0,"enemies":"Spheric Guardian","floor":24.0,"turns":3.0},{"damage":32.0,"enemies":"Shelled Parasite and Fungi","floor":25.0,"turns":7.0},{"damage":9.0,"enemies":"3 Cultists","floor":28.0,"turns":4.0},{"damage":6.0,"enemies":"Gremlin Leader","floor":30.0,"turns":5.0},{"damage":6.0,"enemies":"Snecko","floor":31.0,"turns":2.0},{"damage":18.0,"enemies":"Champ","floor":33.0,"turns":7.0},{"damage":36,"enemies":"3 Darklings","floor":35,"turns":4},{"damage":3,"enemies":"3 Shapes","floor":44,"turns":4},{"damage":21,"enemies":"Mind Bloom Boss Battle","floor":45,"turns":8},{"damage":8,"enemies":"Maw","floor":47,"turns":6},{"damage":19,"enemies":"Jaw Worm Horde","floor":48,"turns":4},{"damage":62,"enemies":"Time Eater","floor":50,"turns":4}],"seed_played":"-1385372784359127638","potions_obtained":[{"floor":3.0,"key":"SmokeBomb"},{"floor":16.0,"key":"SmokeBomb"},{"floor":18.0,"key":"LiquidMemories"},{"floor":25.0,"key":"SkillPotion"},{"floor":44,"key":"Strength Potion"}],"is_trial":false,"path_per_floor":["M","?","M","M","M","E","R","E","T","M","?","R","M","$","R","B",null,"M","?","?","?","$","E","M","M","T","R","M","R","E","M","R","B",null,"M","?","$","?","$","R","?","R","T","M","?","?","M","M","R","B",null],"character_chosen":"IRONCLAD","items_purchased":["Toxic Egg 2","Heavy Blade","Rage+1","Disarm+1","Shrug It Off+1"],"campfire_rested":3,"item_purchase_floors":[0,22,37,37,39],"current_hp_per_floor":[80,85,85,85,85,85,85,68,68,62,62,62,68,68,85,71,85,85,59,59,59,59,14,17,9,9,26,35,52,59,59,59,57,59,31,31,31,31,31,31,31,31,31,36,63,63,63,61,61,13],"gold":228,"neow_bonus":"","is_daily":false,"chose_seed":false,"campfire_upgraded":6,"win_rate":0.0,"timestamp":1610166426,"path_taken":["M","?","M","M","M","E","R","E","T","M","?","R","M","?","R","BOSS","M","?","?","?","$","E","M","M","T","R","M","R","E","M","R","BOSS","M","?","?","?","$","R","?","R","T","?","?","?","?","M","R","BOSS"],"items_purchased_type":["Relic","Card","Card","Card","Card"],"build_version":"2020-12-22","purchased_purges":4,"victory":true,"max_hp_per_floor":[80,85,85,85,85,85,85,85,85,85,85,85,85,85,85,85,85,85,59,59,59,59,59,59,59,59,59,59,59,59,59,59,59,59,59,59,59,59,59,59,59,59,59,59,63,63,63,67,67,67],"card_choices":[{"not_picked":["Dark Embrace","Carnage","Clothesline"],"picked":"SKIP","floor":1.0},{"not_picked":["Clash","Wild Strike","Iron Wave"],"picked":"SKIP","floor":3.0},{"not_picked":["Anger","Headbutt"],"picked":"Flex+1","floor":4.0},{"not_picked":["Clash","Headbutt","Hemokinesis"],"picked":"SKIP","floor":5.0},{"not_picked":["Reaper","Warcry+1"],"picked":"Disarm+1","floor":8.0},{"not_picked":["Sever Soul","Clash"],"picked":"Twin Strike","floor":10.0},{"not_picked":["Exhume+1","Inflame+1"],"picked":"Spot Weakness+1","floor":13.0},{"not_picked":["Fiend Fire","Barricade+1"],"picked":"Berserk+1","floor":16.0},{"not_picked":["Thunderclap","Sever Soul"],"picked":"Spot Weakness+1","floor":18.0},{"not_picked":["Inflame+1","Feel No Pain+1"],"picked":"Ghostly Armor+1","floor":23.0},{"not_picked":["Wild Strike","Spot Weakness+1"],"picked":"Ghostly Armor+1","floor":24.0},{"not_picked":["Power Through+1","Bludgeon"],"picked":"Twin Strike+1","floor":25.0},{"not_picked":["Reckless Charge+1","Uppercut"],"picked":"Flex+1","floor":28.0},{"not_picked":["Uppercut","Sentinel+1"],"picked":"Berserk+1","floor":30.0},{"not_picked":["Armaments+1","Evolve+1"],"picked":"Combust+1","floor":31.0},{"not_picked":["Immolate","Berserk+1"],"picked":"Feed","floor":33.0},{"not_picked":["Rampage+1","Combust+1"],"picked":"Shrug It Off+1","floor":35},{"not_picked":["Mind Blast","PanicButton+1"],"picked":"Finesse+1","floor":41},{"not_picked":["Shockwave+1","True Grit+1"],"picked":"Shrug It Off+1","floor":44},{"not_picked":["Inflame+1","Heavy Blade+1"],"picked":"Body Slam+1","floor":45},{"not_picked":["Iron Wave","Blood for Blood"],"picked":"Flex+1","floor":47},{"not_picked":["Flex+1","Armaments+1"],"picked":"Limit Break+1","floor":48}],"player_experience":73174,"relics_obtained":[{"floor":8.0,"key":"Frozen Egg 2"},{"floor":9.0,"key":"Blue Candle"},{"floor":23.0,"key":"War Paint"},{"floor":26.0,"key":"Charon\u0027s Ashes"},{"floor":30.0,"key":"Mummified Hand"},{"floor":43,"key":"Nunchaku"},{"floor":45,"key":"Pocketwatch"}],"event_choices":[{"damage_healed":0.0,"max_hp_gain":5.0,"max_hp_loss":0.0,"gold_gain":0.0,"event_name":"Big Fish","player_choice":"Donut","floor":2.0,"gold_loss":0.0,"damage_taken":0.0},{"cards_removed":["Strike_R"],"damage_healed":0.0,"max_hp_gain":0.0,"max_hp_loss":0.0,"gold_gain":0.0,"event_name":"Living Wall","player_choice":"Forget","floor":11.0,"gold_loss":0.0,"damage_taken":0.0},{"damage_healed":0.0,"max_hp_gain":0.0,"max_hp_loss":26.0,"gold_gain":0.0,"event_name":"Vampires","player_choice":"Became a vampire","floor":19.0,"gold_loss":0.0,"damage_taken":0.0,"cards_obtained":["Bite","Bite","Bite","Bite","Bite"]},{"cards_removed":["Searing Blow"],"damage_healed":0.0,"max_hp_gain":0.0,"max_hp_loss":0.0,"gold_gain":0.0,"event_name":"Back to Basics","player_choice":"Elegance","floor":20.0,"gold_loss":0.0,"damage_taken":0.0},{"damage_healed":0.0,"max_hp_gain":0.0,"max_hp_loss":0.0,"gold_gain":99.0,"event_name":"Nest","player_choice":"Stole From Cult","floor":21.0,"gold_loss":0.0,"damage_taken":0.0},{"damage_healed":0,"gold_gain":0,"player_choice":"Gave Potion","damage_taken":0,"relics_obtained":["Pantograph"],"max_hp_gain":0,"max_hp_loss":0,"event_name":"WeMeetAgain","floor":36,"gold_loss":0},{"damage_healed":0,"gold_gain":0,"player_choice":"Ignored","damage_taken":0,"max_hp_gain":0,"max_hp_loss":0,"event_name":"Mysterious Sphere","floor":38,"gold_loss":0},{"damage_healed":0,"gold_gain":0,"player_choice":"Memory 1","damage_taken":0,"max_hp_gain":0,"max_hp_loss":0,"event_name":"SensoryStone","floor":41,"gold_loss":0},{"damage_healed":0,"gold_gain":0,"player_choice":"Fight","damage_taken":0,"max_hp_gain":0,"max_hp_loss":0,"event_name":"MindBloom","floor":45,"gold_loss":0},{"cards_removed":["Defend_R"],"damage_healed":0,"gold_gain":0,"player_choice":"Offered Basic","damage_taken":0,"max_hp_gain":0,"max_hp_loss":0,"event_name":"Bonfire Elementals","floor":46,"gold_loss":0}],"is_beta":false,"boss_relics":[{"not_picked":["Philosopher\u0027s Stone","Calling Bell"],"picked":"Astrolabe"},{"not_picked":["SlaversCollar","Runic Dome"],"picked":"Black Star"}],"items_purged_floors":[0,0,14,22],"is_endless":false,"potions_floor_spawned":[3,6,16,18,25,30,31,44,47],"ascension_level":3}}