{"host":"g5bkkdhvo79c24qs","time":1610161335,"event":{"mods":["BaseMod","Colored Map","Minty Spire (QoL Compilation)","Quick Restart","Relic Sorter","Relic Stats","Replay The Spire","StSLib"],"gold_per_floor":[110,35,35,103,103,103,137,151,151,170,187,217,234,261,261,356,356,374,390,419,419,429,460,460,491,514,514,108,108,108,108,128,142,142,238,238,256,256,256,270,281,281,281],"floor_reached":42,"playtime":2069,"items_purged":["Strike_R","Strike_R"],"score":505,"play_id":"d766d737-c2d0-4ee9-9411-fd700c5cc427","local_time":"20210108190215","is_ascension_mode":true,"campfire_choices":[{"floor":6.0,"key":"REST"},{"floor":15.0,"key":"REST"},{"floor":24,"key":"REST"},{"floor":27,"key":"REST"},{"data":"ReplayTheSpireMod:Muscle Training","floor":31,"key":"SMITH"}],"circlet_count":0,"master_deck":["Strike_R","Defend_R","Defend_R+1","Defend_R+1","Defend_R+1","Bash+1","Spot Weakness+1","Pot Of Greed","Pommel Strike","Intimidate","ReplayTheSpireMod:Muscle Training+1","Immolate","Anger","Anger","Life Link+1","Flex","ReplayTheSpireMod:Muscle Training+1","Limit Break","ReplayUltimateDefense","Strike_R","Shrug It Off","Pot Of Greed","Flex+1"],"relics":["Burning Blood","Replay:Accelerometer","Simple Rune","Grinning Jar","Blue Candle","Bottled Flame","MealTicket","Replay:Drink Me","Red Mask","HornCleat","Replay:Rubber Ducky","Bronze Scales","Lee\u0027s Waffle","Replay:Bronze Core"],"acts_visited":["Exordium","TheCity","TheBeyond"],"potions_floor_usage":[23,35],"damage_taken":[{"damage":6.0,"enemies":"2 Louse","floor":1.0,"turns":3.0},{"damage":27.0,"enemies":"Gremlin Nob","floor":7.0,"turns":4.0},{"damage":3.0,"enemies":"Jaw Worm","floor":8.0,"turns":3.0},{"damage":0.0,"enemies":"Small Slimes","floor":10.0,"turns":3.0},{"damage":10.0,"enemies":"3 Louse","floor":11.0,"turns":3.0},{"damage":23.0,"enemies":"Lagavulin","floor":12.0,"turns":7.0},{"damage":8.0,"enemies":"Gremlin Gang","floor":13.0,"turns":5.0},{"damage":0.0,"enemies":"Gremlin Nob","floor":14.0,"turns":3.0},{"damage":60.0,"enemies":"The Guardian","floor":16.0,"turns":9.0},{"damage":16.0,"enemies":"Shell Parasite","floor":18.0,"turns":10.0},{"damage":11.0,"enemies":"3 Byrds","floor":19.0,"turns":4.0},{"damage":35.0,"enemies":"Masked Bandits","floor":20.0,"turns":4.0},{"damage":20,"enemies":"Snecko","floor":22,"turns":6},{"damage":7,"enemies":"Book of Stabbing","floor":23,"turns":3},{"damage":21,"enemies":"Replay:Snechameleon","floor":25,"turns":6},{"damage":7,"enemies":"Centurion and Healer","floor":32,"turns":5},{"damage":7,"enemies":"Chosen and Byrds","floor":33,"turns":5},{"damage":38,"enemies":"Champ","floor":35,"turns":8},{"damage":8,"enemies":"Orb Walker","floor":37,"turns":3},{"damage":8,"enemies":"3 Darklings","floor":40,"turns":4},{"damage":50,"enemies":"Writhing Mass","floor":41,"turns":4},{"damage":20,"enemies":"Reptomancer","floor":42,"turns":2}],"seed_played":"6939371617439516440","potions_obtained":[{"floor":4.0,"key":"FairyPotion"},{"floor":4.0,"key":"PowerPotion"},{"floor":10.0,"key":"BlessingOfTheForge"},{"floor":12.0,"key":"PowerPotion"},{"floor":14.0,"key":"Milkshake"},{"floor":16.0,"key":"Explosive Potion"},{"floor":18.0,"key":"Dexterity Potion"},{"floor":23,"key":"Toxic Potion"},{"floor":32,"key":"PowerPotion"},{"floor":37,"key":"Block Potion"}],"is_trial":false,"path_per_floor":["M","$","?","?","?","R","E","M","T","M","M","E","M","E","R","B",null,"M","M","?","?","M","E","R","E","T","R","$","PTL","PTL","R","M","M","R_BF","B",null,"M","?","?","M","M","E"],"character_chosen":"IRONCLAD","items_purchased":["Bronze Scales","Lee\u0027s Waffle"],"campfire_rested":4,"item_purchase_floors":[28,28],"current_hp_per_floor":[80,80,64,32,32,56,35,38,38,44,40,23,21,27,51,22,60,50,45,31,31,26,25,43,37,37,55,67,67,67,67,67,66,66,34,67,65,65,65,63,19,0,0],"gold":281,"neow_bonus":"RANDOM_EVENT","is_daily":false,"chose_seed":false,"campfire_upgraded":1,"win_rate":0.0,"timestamp":1610161335,"path_taken":["M","$","?","?","?","R","E","M","T","M","M","E","?","E","R","BOSS","M","M","?","?","M","E","R","E","T","R","$","PTL","PTL","R","M","M","R_BF","BOSS","M","?","?","?","M","E"],"items_purchased_type":["Relic","Relic"],"build_version":"2020-12-22","purchased_purges":2,"victory":false,"max_hp_per_floor":[80,80,80,80,80,80,80,80,80,80,80,80,80,80,80,80,60,60,60,60,60,60,60,60,60,60,60,67,67,67,67,67,67,67,67,67,67,67,67,67,67,67,67],"relic_stats":{"Lee\u0027s Waffle":7,"counters":[22,104],"Blue Candle":[0],"Bronze Scales":[92],"MealTicket":5,"obtain_stats":[{"Replay:Accelerometer":23,"Lee\u0027s Waffle":28,"Blue Candle":9,"Burning Blood":0,"Replay:Rubber Ducky":26,"Bottled Flame":12,"HornCleat":25,"Bronze Scales":28,"Replay:Bronze Core":36,"Simple Rune":4,"MealTicket":14,"Red Mask":20,"Grinning Jar":7,"Replay:Drink Me":17},{"Replay:Accelerometer":14,"Lee\u0027s Waffle":15,"Blue Candle":3,"Burning Blood":0,"Replay:Rubber Ducky":15,"Bottled Flame":6,"HornCleat":15,"Bronze Scales":15,"Replay:Bronze Core":18,"Simple Rune":1,"MealTicket":8,"Red Mask":12,"Grinning Jar":2,"Replay:Drink Me":9},{"Replay:Accelerometer":67,"Lee\u0027s Waffle":73,"Blue Candle":10,"Burning Blood":0,"Replay:Rubber Ducky":73,"Bottled Flame":23,"HornCleat":73,"Bronze Scales":73,"Replay:Bronze Core":91,"Simple Rune":3,"MealTicket":31,"Red Mask":58,"Grinning Jar":7,"Replay:Drink Me":40}],"Burning Blood":120},"card_choices":[{"not_picked":["Perfected Strike","Pommel Strike"],"picked":"Spot Weakness","floor":1.0},{"not_picked":["Defy Death","Hemokinesis"],"picked":"Pommel Strike","floor":7.0},{"not_picked":["Warcry","Thunderclap","Combust"],"picked":"SKIP","floor":8.0},{"not_picked":["Hemokinesis","Cleave"],"picked":"Intimidate","floor":10.0},{"not_picked":["Clothesline","Power Through","Second Wind"],"picked":"SKIP","floor":11.0},{"not_picked":["Heavy Blade","Twin Strike"],"picked":"ReplayTheSpireMod:Muscle Training","floor":12.0},{"not_picked":["Pummel","Replay:Undeath\u0027s Touch"],"picked":"Immolate","floor":13.0},{"not_picked":["Iron Wave","Perfected Strike","Body Slam"],"picked":"SKIP","floor":14.0},{"not_picked":["Juggernaut","Demon Form"],"picked":"Reaper","floor":16.0},{"not_picked":["Power Through","Run Through"],"picked":"Anger","floor":18.0},{"not_picked":["Disarm","Power Through","Clothesline"],"picked":"SKIP","floor":19.0},{"not_picked":["Run Through","ReplayTheSpireMod:Stacked"],"picked":"Anger","floor":20.0},{"not_picked":["Inflame","Armaments"],"picked":"Life Link+1","floor":22},{"not_picked":["Feel No Pain","Dual Wield","Armaments"],"picked":"SKIP","floor":23},{"not_picked":["Disarm","Run Through","Defy Death"],"picked":"SKIP","floor":25},{"not_picked":["Entrench","Havoc"],"picked":"Flex","floor":32},{"not_picked":["Sever Soul","Havoc","Brutality"],"picked":"SKIP","floor":33},{"not_picked":["Offering","Juggernaut"],"picked":"Limit Break","floor":35},{"not_picked":["Feel No Pain+1","Fire Breathing+1","Seeing Red"],"picked":"SKIP","floor":37},{"not_picked":["Survey Options","Secret Technique"],"picked":"ReplayUltimateDefense","floor":38},{"not_picked":["Clothesline","ReplayTheSpireMod:Stacked+1"],"picked":"Shrug It Off","floor":40},{"not_picked":["ReplayTheSpireMod:Stacked","ReplayTheSpireMod:Strike From Hell"],"picked":"Flex+1","floor":41}],"player_experience":301901,"relics_obtained":[{"floor":4.0,"key":"Simple Rune"},{"floor":7.0,"key":"Grinning Jar"},{"floor":9.0,"key":"Blue Candle"},{"floor":12.0,"key":"Bottled Flame"},{"floor":14.0,"key":"MealTicket"},{"floor":20.0,"key":"Red Mask"},{"floor":23,"key":"Replay:Accelerometer"},{"floor":25,"key":"HornCleat"},{"floor":26,"key":"Replay:Rubber Ducky"}],"event_choices":[{"damage_healed":0.0,"max_hp_gain":0.0,"max_hp_loss":0.0,"gold_gain":0.0,"event_name":"Living Wall","player_choice":"Grow","floor":0.0,"gold_loss":0.0,"damage_taken":0.0,"cards_upgraded":["Bash"]},{"damage_healed":0.0,"max_hp_gain":0.0,"max_hp_loss":0.0,"gold_gain":0.0,"event_name":"Shining Light","player_choice":"Entered Light","floor":3.0,"gold_loss":0.0,"damage_taken":16.0,"cards_upgraded":["Defend_R","Spot Weakness"]},{"damage_healed":0.0,"max_hp_gain":0.0,"max_hp_loss":0.0,"gold_gain":0.0,"event_name":"Masked Bandits","player_choice":"Fought Bandits","floor":20.0,"gold_loss":0.0,"damage_taken":0.0},{"damage_healed":0,"gold_gain":0,"player_choice":"Ignored","damage_taken":0,"max_hp_gain":0,"max_hp_loss":0,"event_name":"Transmorgrifier","floor":21,"gold_loss":0},{"damage_healed":0,"gold_gain":0,"player_choice":"Copied","damage_taken":0,"max_hp_gain":0,"max_hp_loss":0,"event_name":"Duplicator","floor":34,"gold_loss":0,"cards_obtained":["ReplayTheSpireMod:Muscle Training"]},{"damage_healed":0,"gold_gain":0,"player_choice":"Memory 1","damage_taken":0,"max_hp_gain":0,"max_hp_loss":0,"event_name":"SensoryStone","floor":38,"gold_loss":0},{"cards_removed":["Reaper"],"damage_healed":0,"gold_gain":0,"player_choice":"Took Card","damage_taken":0,"max_hp_gain":0,"max_hp_loss":0,"event_name":"NoteForYourself","floor":39,"gold_loss":0,"cards_obtained":["Strike_R"]}],"is_beta":false,"boss_relics":[{"not_picked":["Snecko Eye","Runic Cube"],"picked":"Replay:Drink Me"},{"not_picked":["Electric Blood","Black Star"],"picked":"Replay:Bronze Core"}],"items_purged_floors":[2,28],"is_endless":false,"potions_floor_spawned":[10,12,14,16,18,23,32,33,37],"killed_by":"Reptomancer","ascension_level":1}}