{"host":"08t08ld674si40tv","time":1610187846,"event":{"mods":["AchievementEnabler","BaseMod","Colored Map","Minty Spire (QoL Compilation)","StSLib","SuperFastMode"],"gold_per_floor":[116,116,116,133,58,58,84,159,238,238,319,345,345,370,370,370,370],"floor_reached":16,"playtime":294,"items_purged":["Defend_P"],"score":160,"play_id":"b3b0496b-f488-4023-aa33-deb5388738d2","local_time":"20210109192406","is_ascension_mode":true,"campfire_choices":[{"data":"Eruption","floor":6,"key":"SMITH"},{"floor":10,"key":"REST"},{"floor":15,"key":"REST"}],"circlet_count":0,"master_deck":["Strike_P","Strike_P","Strike_P","Defend_P","Defend_P","Defend_P","Eruption+1","Vigilance","MentalFortress","Indignation","FlurryOfBlows","EmptyFist","Brilliance","TalkToTheHand"],"relics":["Philosopher\u0027s Stone","WingedGreaves","InkBottle","Thread and Needle","Smiling Mask"],"acts_visited":["Exordium"],"potions_floor_usage":[12],"damage_taken":[{"damage":5,"enemies":"Jaw Worm","floor":1,"turns":5},{"damage":10,"enemies":"2 Louse","floor":4,"turns":3},{"damage":23,"enemies":"Gremlin Nob","floor":7,"turns":4},{"damage":40,"enemies":"Lagavulin","floor":12,"turns":8},{"damage":14,"enemies":"Gremlin Nob","floor":14,"turns":3},{"damage":34,"enemies":"The Guardian","floor":16,"turns":7}],"seed_played":"3364160412321744886","potions_obtained":[{"floor":7,"key":"Regen Potion"},{"floor":14,"key":"Energy Potion"}],"is_trial":false,"path_per_floor":["M","?","?","M","$","R","E","?","T","R","T","E","?","E","R","B"],"character_chosen":"WATCHER","items_purchased":[],"campfire_rested":2,"item_purchase_floors":[],"current_hp_per_floor":[60,65,65,55,55,55,32,21,21,44,44,19,19,5,28,0,0],"gold":370,"neow_bonus":"BOSS_RELIC","is_daily":false,"chose_seed":false,"campfire_upgraded":1,"win_rate":0.0,"timestamp":1610187846,"path_taken":["M","?","?","?","$","R","E","?","T","R","?","E","?","E","R","BOSS"],"items_purchased_type":[],"build_version":"2020-12-22","purchased_purges":1,"victory":false,"max_hp_per_floor":[72,77,77,77,77,77,77,77,77,77,77,77,77,77,77,77,77],"card_choices":[{"not_picked":["CutThroughFate","Collect"],"picked":"MentalFortress","floor":1},{"not_picked":["Evaluate","FollowUp"],"picked":"Indignation","floor":4},{"not_picked":["SignatureMove","Perseverance"],"picked":"FlurryOfBlows","floor":7},{"not_picked":["SashWhip","Halt"],"picked":"EmptyFist","floor":12},{"not_picked":["ReachHeaven","SignatureMove"],"picked":"TalkToTheHand","floor":14}],"player_experience":209383,"relics_obtained":[{"floor":7,"key":"WingedGreaves"},{"floor":11,"key":"InkBottle"},{"floor":12,"key":"Thread and Needle"},{"floor":14,"key":"Smiling Mask"}],"event_choices":[{"damage_healed":0,"gold_gain":0,"player_choice":"Donut","damage_taken":0,"max_hp_gain":5,"max_hp_loss":0,"event_name":"Big Fish","floor":2,"gold_loss":0},{"damage_healed":0,"gold_gain":0,"player_choice":"Trade","damage_taken":0,"relics_obtained":["GremlinMask"],"max_hp_gain":0,"max_hp_loss":0,"event_name":"FaceTrader","floor":3,"gold_loss":0},{"damage_healed":0,"gold_gain":75,"player_choice":"Gather Gold","damage_taken":11,"max_hp_gain":0,"max_hp_loss":0,"event_name":"World of Goop","floor":8,"gold_loss":0},{"damage_healed":0,"gold_gain":0,"cards_transformed":["Strike_P"],"player_choice":"Change","damage_taken":0,"max_hp_gain":0,"max_hp_loss":0,"event_name":"Living Wall","floor":13,"gold_loss":0,"cards_obtained":["Brilliance"]}],"is_beta":false,"boss_relics":[],"items_purged_floors":[5],"is_endless":false,"potions_floor_spawned":[7,14],"killed_by":"The Guardian","ascension_level":8}}