{"host":"nptej036rrbiurf5","time":1610159927,"event":{"mods":["BaseMod","Colored Map","Colored Powertips","DeckTracker","Minty Spire (QoL Compilation)","StSLib","SuperFastMode"],"gold_per_floor":[115,265,17,31,31,31,56,56,79,97,108,28,28,28],"floor_reached":13,"playtime":181,"items_purged":["Doubt","Strike_G"],"score":216,"play_id":"5a84b24b-4ac3-44ee-bc69-ff638dffc0b1","local_time":"20210109113847","is_ascension_mode":true,"campfire_choices":[{"data":"Burst","floor":8,"key":"SMITH"}],"circlet_count":0,"master_deck":["AscendersBane","Strike_G","Strike_G","Strike_G","Strike_G","Defend_G","Defend_G","Defend_G","Defend_G","Defend_G","Survivor","Neutralize","Flechettes","PiercingWail","Burst+1","Acrobatics","Choke"],"relics":["Ring of the Snake","NeowsBlessing","Vajra","PreservedInsect","The Courier","Lantern"],"acts_visited":["Exordium"],"potions_floor_usage":[],"damage_taken":[{"damage":0,"enemies":"Jaw Worm","floor":1,"turns":1},{"damage":0,"enemies":"Cultist","floor":4,"turns":1},{"damage":0,"enemies":"Gremlin Nob","floor":7,"turns":1},{"damage":0,"enemies":"2 Louse","floor":10,"turns":3},{"damage":3,"enemies":"Red Slaver","floor":11,"turns":5},{"damage":6,"enemies":"Lagavulin","floor":13,"turns":4}],"seed_played":"645927029145142308","potions_obtained":[{"floor":1,"key":"FearPotion"},{"floor":10,"key":"Swift Potion"},{"floor":11,"key":"LiquidMemories"}],"is_trial":false,"path_per_floor":["M","?","$","M","?","$","E","R","T","M","M","$","E"],"character_chosen":"THE_SILENT","items_purchased":["Vajra"],"campfire_rested":0,"item_purchase_floors":[3],"current_hp_per_floor":[59,59,59,59,33,33,33,33,33,33,30,30,24,24],"gold":28,"neow_bonus":"THREE_ENEMY_KILL","is_daily":false,"chose_seed":false,"campfire_upgraded":1,"win_rate":0.0,"timestamp":1610159927,"path_taken":["M","?","$","M","?","?","E","R","T","M","M","$","E"],"items_purchased_type":["Relic"],"build_version":"2020-12-22","purchased_purges":2,"victory":false,"max_hp_per_floor":[66,66,66,66,66,66,66,66,66,66,66,66,66,66],"card_choices":[{"not_picked":["Caltrops","Dagger Spray"],"picked":"Flechettes","floor":1},{"not_picked":["Slice","Calculated Gamble"],"picked":"PiercingWail","floor":4},{"not_picked":["Expertise","Distraction"],"picked":"Burst","floor":7},{"not_picked":["Slice","Blade Dance"],"picked":"Acrobatics","floor":10},{"not_picked":["Dagger Throw","Noxious Fumes"],"picked":"Choke","floor":11}],"player_experience":883050,"relics_obtained":[{"floor":7,"key":"The Courier"},{"floor":9,"key":"Lantern"}],"event_choices":[{"damage_healed":0,"gold_gain":150,"player_choice":"AGREE","damage_taken":0,"max_hp_gain":0,"max_hp_loss":0,"event_name":"Liars Game","floor":2,"gold_loss":0,"cards_obtained":["Doubt"]},{"damage_healed":0,"gold_gain":0,"player_choice":"Success","damage_taken":26,"relics_obtained":["PreservedInsect"],"max_hp_gain":0,"max_hp_loss":0,"event_name":"Scrap Ooze","floor":5,"gold_loss":0}],"is_beta":false,"boss_relics":[],"items_purged_floors":[3,12],"is_endless":false,"potions_floor_spawned":[1,10,11],"killed_by":"Lagavulin","ascension_level":20}}