{"host":"3nces2ajq3sg92g2","time":1610206035,"event":{"mods":["ATMod(°¢èªMod)","Alarm Clock","Arknights The Spire","BaseMod","Colored Powertips","Conspire","Dota2Spire","Downfall","GungeonMod","Minty Spire (QoL Compilation)","MostiFishMod","Quick Restart","Replay The Spire","Shop Mod","StSLib","vexMod","¡¾¹¦ÄÜMod¡¿»ìãçÖ®»·ÐÞ¸´²¹¶¡","¡¾ÒÅÎï¿¨ÅÆ¡¿REMEMod","²ÐÁôÖ®Îï"],"gold_per_floor":[118,137,152,171,10,44,44,44,57,72,72,105,17,17,30,43,43,146,146,166,179,179,179,35,52,72,105,105,118,118,149,249,267,267,30,30,132,182,200,200,218,238,256,256,7,73,73,88,101,101,120,137,137,137],"floor_reached":55,"playtime":11904,"items_purged":["Decay"],"score":801,"play_id":"17f7bc08-96d8-4905-8de0-2a5c4855ae74","local_time":"20210109232715","is_ascension_mode":false,"campfire_choices":[{"floor":14,"key":"RECALL"},{"floor":17,"key":"REST"},{"data":"Discovery","floor":36,"key":"SMITH"},{"data":"AT_FamilyPortrait","floor":44,"key":"SMITH"},{"data":"ats:Childhood Dance","floor":50,"key":"SMITH"},{"data":"ats:Emotion Absorption","floor":53,"key":"SMITH"}],"circlet_count":0,"master_deck":["ats:Strike C","ats:Strike G","ats:Strike S","ats:Strike V","ats:Armor Crushing Shot","ats:Defend","ats:Defend","ats:Defend","ats:Defend","ats:Emotion Absorption+1","REME_CopyPotion","Discovery+1","AT_FamilyPortrait+1","ats:Hammer On","ats:Explosion Area Strengthen","ats:Hammer On","ats:Blood Oath","ats:Directed Diagnosis+1","ats:Apocalypse","ats:Cat Scratch","ats:Part Time Job","ats:Revitalization","ats:Part Time Job","ats:Ignite","ats:Apocalypse+1","ats:Magnetic Hammer","ats:Encircling Forest","ats:Rat Pack+1","ats:Support Order","ats:Childhood Dance+1","ats:Composite Medical Shells","ats:Composite Medical Shells","ats:Shell Defense","ats:Leaping Hammer","ats:LN2 Cannon+1","ats:Very Hot Blade","ats:Wolf Pack","ats:Chain Hook+1","ats:Spore Proliferation+1","ats:Wolf Pack","ats:Shadow Assault","ats:Hook Shot","ats:Childhood Dance+1","ats:Assault Order","ats:Neurotoxin","conspire:Banana","ats:Nebulous Foxfire","ats:Mental Burst+1","ats:Burning Ground+1","Madness","Madness","ats:Counter Healing Mode+1","ats:Assault Order+1","Parasite","ats:Ignite+1","ats:Shadow Raid","ats:Powerful Strike","ats:Dogmatic Field","ats:Fractured Body","ats:Shadow Raid+1","ats:Ignite+1","ats:Closed Bolt Burst Fire+1","ats:Assault Order","ats:Thorns+1"],"relics":["ats:Sanity","AT_ATBox","DaveBox","REME_ComplimentaryCards","ChiXiaoBlade","SynthV:TestCard","ats:Originium","Dota2Spire:PowerTreads","vexMod:HeadHunter","conspire:RunicOctahedron","ReplayTheSpireMod:CursedCoin","DemoMod:MemoryAlloy","DemoMod:BlueGuonStone","Ancient Tea Set","ats:Military Tradition","Incense Burner","Tiny House","ats:Spiritual Recovery","REME_HourglassOfDeath"],"acts_visited":["Exordium","TheCity","TheBeyond"],"potions_floor_usage":[6,16,16,31,33,37,46,46,46,54,54],"damage_taken":[{"damage":0,"enemies":"Small Slimes","floor":1,"turns":4},{"damage":0,"enemies":"2 Louse","floor":2,"turns":3},{"damage":11,"enemies":"Jaw Worm","floor":3,"turns":3},{"damage":0,"enemies":"3 Louse","floor":4,"turns":3},{"damage":32,"enemies":"Gremlin Nob","floor":6,"turns":5},{"damage":0,"enemies":"Large Slime","floor":9,"turns":4},{"damage":20,"enemies":"Looter","floor":10,"turns":4},{"damage":0,"enemies":"Gremlin Gang","floor":12,"turns":5},{"damage":18,"enemies":"Exordium Thugs","floor":15,"turns":5},{"damage":41,"enemies":"Lots of Slimes","floor":16,"turns":4},{"damage":94,"enemies":"Hexaghost","floor":18,"turns":18},{"damage":29,"enemies":"Shell Parasite","floor":20,"turns":8},{"damage":43,"enemies":"Spheric Guardian","floor":21,"turns":10},{"damage":12,"enemies":"Snecko","floor":25,"turns":7},{"damage":0,"enemies":"Cultist and Chosen","floor":26,"turns":1},{"damage":33,"enemies":"Gremlin Leader","floor":27,"turns":7},{"damage":8,"enemies":"conspire:HollyBat","floor":29,"turns":8},{"damage":9,"enemies":"Book of Stabbing","floor":31,"turns":8},{"damage":8,"enemies":"Colosseum Slavers","floor":32,"turns":4},{"damage":31,"enemies":"Colosseum Nobs","floor":32,"turns":5},{"damage":0,"enemies":"Centurion and Healer","floor":33,"turns":5},{"damage":41,"enemies":"Pondfish","floor":37,"turns":17},{"damage":28,"enemies":"3 Darklings","floor":39,"turns":6},{"damage":3,"enemies":"3 Shapes","floor":41,"turns":4},{"damage":3,"enemies":"3 Darklings","floor":42,"turns":4},{"damage":24,"enemies":"Writhing Mass","floor":43,"turns":10},{"damage":2,"enemies":"Giant Head","floor":46,"turns":10},{"damage":10,"enemies":"Jaw Worm Horde","floor":48,"turns":4},{"damage":0,"enemies":"3 Darklings","floor":49,"turns":3},{"damage":1,"enemies":"Writhing Mass","floor":51,"turns":5},{"damage":2,"enemies":"Maw","floor":52,"turns":6},{"damage":130,"enemies":"conspire:OrnateMirror","floor":54,"turns":9}],"seed_played":"-4198052132556738030","potions_obtained":[{"floor":2,"key":"ats:Emergency Sanity Potion"},{"floor":3,"key":"Adrenaline Potion"},{"floor":10,"key":"Milkshake"},{"floor":15,"key":"ColorlessPotion"},{"floor":18,"key":"ats:Emergency Sanity Potion"},{"floor":21,"key":"PlaceholderMod:PlaceholderPotion"},{"floor":27,"key":"Weak Potion"},{"floor":32,"key":"SkillPotion"},{"floor":38,"key":"PowerPotion"}],"is_trial":false,"path_per_floor":["M","M","M","M","$","E","PTL","PTL","M","M","T","M","$","R","M","M","R","B",null,"M","M","PTL","PTL","$","M","M","E","?","M","T","E","?","M","?","$","R","B",null,"M","?","M","M","M","R","$","E","T","M","M","R","M","M","R","B",null],"character_chosen":"DOCTOR_CLASS","items_purchased":["ats:Directed Diagnosis+1","ats:Apocalypse","ats:Cat Scratch","Adrenaline Potion","ats:Apocalypse+1","ReplayTheSpireMod:CursedCoin","DuplicationPotion","ats:Composite Medical Shells","ats:Shell Defense","ats:Leaping Hammer","ats:Assault Order","ats:Neurotoxin","conspire:Banana","Swift Potion","ats:Shadow Raid","ats:Powerful Strike","ats:Dogmatic Field"],"campfire_rested":1,"item_purchase_floors":[5,5,5,13,13,24,24,24,24,24,35,35,35,35,45,45,45],"current_hp_per_floor":[72,72,61,61,61,43,43,43,50,41,41,69,69,69,59,42,63,29,72,66,66,66,66,66,71,71,72,59,78,78,76,78,78,78,78,78,66,84,71,60,80,85,85,85,85,87,87,85,87,87,87,88,88,89],"gold":137,"neow_bonus":"RANDOM_COLORLESS","is_daily":false,"chose_seed":false,"campfire_upgraded":4,"win_rate":0.0,"timestamp":1610206035,"path_taken":["M","M","M","M","$","E","PTL","PTL","M","M","T","M","$","R","M","M","R","BOSS","M","M","PTL","PTL","$","M","M","E","?","M","T","E","?","M","?","$","R","BOSS","M","?","M","M","M","R","$","E","T","M","M","R","M","M","R","BOSS"],"items_purchased_type":["Card","Card","Card","Potion","Card","Relic","Potion","Card","Card","Card","Card","Card","Card","Potion","Card","Card","Card"],"build_version":"2020-12-22","purchased_purges":1,"victory":true,"max_hp_per_floor":[72,72,72,72,72,72,72,72,72,72,72,72,72,72,72,72,72,72,72,72,72,72,72,72,72,72,72,77,78,78,78,78,78,78,78,78,79,84,84,84,84,85,86,86,86,87,87,87,87,87,87,88,88,89],"card_choices":[{"not_picked":["Swift Strike","Replay:SS_fish_3"],"picked":"Discovery","floor":0},{"not_picked":["ats:Closed Bolt Burst Fire","ats:Poison Spread"],"picked":"ats:Hammer On","floor":1},{"not_picked":["ats:Hammer On","ats:Powerful Strike","ats:Red Shift","ats:Consecutive Shot Auto"],"picked":"ats:Explosion Area Strengthen","floor":2},{"not_picked":["ats:Flexible Camouflage","ats:Childhood Dance","ats:Composite Medical Shells","ats:Red Shift"],"picked":"ats:Hammer On","floor":3},{"not_picked":["ats:Consecutive Shot Auto","ats:Disruption Kick","ats:Ignite","ats:Shadow Raid"],"picked":"ats:Blood Oath","floor":4},{"not_picked":["ats:Consecutive Shot Auto","ats:Encircling Forest","ats:Flexible Camouflage","ats:Leaping Hammer"],"picked":"ats:Part Time Job","floor":6},{"not_picked":["ats:Spore Proliferation","ats:Powerful Strike","ats:Curse Doll","ats:Consecutive Shot Auto"],"picked":"ats:Revitalization","floor":9},{"not_picked":["ats:Guardian Obelisk","ats:LN2 Cannon","ats:Shell Defense","ats:Explosion Area Strengthen"],"picked":"ats:Part Time Job","floor":10},{"not_picked":["ats:Leaping Hammer","ats:Cat Scratch","ats:Consecutive Shot Auto","ats:Childhood Dance"],"picked":"ats:Ignite","floor":12},{"not_picked":["ats:Powerful Strike","ats:Composite Medical Shells","ats:Childhood Dance","ats:Revitalization"],"picked":"ats:Magnetic Hammer","floor":15},{"not_picked":["ats:Magnetic Hammer","ats:Shell Defense","ats:Apocalypse","ats:Consecutive Shot Auto"],"picked":"ats:Encircling Forest","floor":16},{"not_picked":["ats:Nebulous Foxfire","ats:Ambush","ats:Volcano","ats:Calcification"],"picked":"ats:Rat Pack","floor":18},{"not_picked":["ats:Hammer On","ats:Ignite","ats:Guardian Obelisk+1","ats:Powerful Strike"],"picked":"ats:Support Order","floor":20},{"not_picked":["ats:Closed Bolt Burst Fire","ats:LN2 Cannon","ats:Guardian Obelisk","ats:Cat Scratch"],"picked":"ats:Childhood Dance","floor":21},{"not_picked":["ats:Explosion Area Strengthen","ats:Curse Doll","ats:Shell Defense","ats:Flexible Camouflage+1"],"picked":"ats:LN2 Cannon+1","floor":25},{"not_picked":["ats:LN2 Cannon","ats:Rapid Magazine+1","ats:Collapsing Strike","ats:Healing Strengthening"],"picked":"ats:Very Hot Blade","floor":26},{"not_picked":["ats:Ambush","ats:Fractured Body"],"picked":"ats:Wolf Pack","floor":27},{"not_picked":["ats:Healing Strengthening+1","ats:Consecutive Shot Auto","ats:Healing Drone+1","ats:Directed Diagnosis"],"picked":"ats:Chain Hook+1","floor":27},{"not_picked":["ats:Mental Burst","ats:Assault Order","ats:Healing Strengthening+1","ats:Apocalypse"],"picked":"ats:Spore Proliferation+1","floor":29},{"not_picked":["ats:Shadow Assault","ats:Calcification"],"picked":"ats:Wolf Pack","floor":31},{"not_picked":["ats:Flexible Camouflage","ats:Encircling Forest","ats:Ignite","ats:Hammer On"],"picked":"ats:Shadow Assault","floor":31},{"not_picked":["ats:Ignite","ats:Flexible Camouflage","ats:Explosion Area Strengthen","ats:Powerful Strike+1"],"picked":"ats:Hook Shot","floor":32},{"not_picked":["ats:Hammer On","ats:Durian","ats:Ignite","ats:Curse Doll"],"picked":"ats:Childhood Dance+1","floor":33},{"not_picked":["ats:Disruption Kick","ats:Soul Rend","ats:Wolf Pack","ats:Durian"],"picked":"ats:Nebulous Foxfire","floor":37},{"not_picked":["ats:Support Order","ats:Revitalization","ats:Shell Defense","ats:Childhood Dance"],"picked":"ats:Mental Burst+1","floor":38},{"not_picked":["ats:Neurotoxin","ats:Consecutive Shot Auto","ats:Revitalization","ats:Shell Defense"],"picked":"ats:Burning Ground+1","floor":39},{"not_picked":["ats:Collapsing Strike+1","ats:Shell Defense+1","ats:Childhood Dance+1","ats:Very Hot Blade+1"],"picked":"ats:Counter Healing Mode+1","floor":41},{"not_picked":["ats:Hammer On","ats:Shell Defense+1","ats:Counter Healing Mode","ats:Composite Medical Shells"],"picked":"ats:Assault Order+1","floor":42},{"not_picked":["ats:Hammer On","ats:Hook Shot","ats:Spore Proliferation","ats:Apocalypse+1"],"picked":"ats:Ignite+1","floor":43},{"not_picked":["ats:Soul Rend","ats:Volcano"],"picked":"ats:Fractured Body","floor":46},{"not_picked":["ats:Apocalypse+1","ats:Leaping Hammer+1","ats:Healing Drone+1","ats:Revitalization"],"picked":"ats:Shadow Raid+1","floor":46},{"not_picked":["ats:Collapsing Strike+1","ats:Powerful Strike","ats:Shadow Raid+1","ats:Cat Scratch"],"picked":"ats:Ignite+1","floor":48},{"not_picked":["ats:Encircling Forest","ats:Blood Oath+1","ats:Composite Medical Shells+1","ats:Thorns+1"],"picked":"ats:Closed Bolt Burst Fire+1","floor":49},{"not_picked":["ats:Hammer On","ats:Mental Burst","ats:Neurotoxin","ats:Leaping Hammer+1"],"picked":"ats:Assault Order","floor":51},{"not_picked":["ats:Shadow Raid","ats:Healing Strengthening+1","ats:Assault Order","ats:Curse Doll+1"],"picked":"ats:Thorns+1","floor":52}],"player_experience":21263,"relics_obtained":[{"floor":1,"key":"SynthV:TestCard"},{"floor":6,"key":"ats:Originium"},{"floor":6,"key":"Dota2Spire:PowerTreads"},{"floor":11,"key":"vexMod:HeadHunter"},{"floor":27,"key":"ats:Originium"},{"floor":27,"key":"DemoMod:MemoryAlloy"},{"floor":30,"key":"DemoMod:BlueGuonStone"},{"floor":31,"key":"ats:Originium"},{"floor":31,"key":"Ancient Tea Set"},{"floor":32,"key":"ats:Military Tradition"},{"floor":32,"key":"Incense Burner"},{"floor":46,"key":"ats:Spiritual Recovery"},{"floor":47,"key":"REME_HourglassOfDeath"}],"event_choices":[{"damage_healed":0,"gold_gain":0,"player_choice":"Shed Blood","damage_taken":18,"max_hp_gain":5,"max_hp_loss":0,"event_name":"Forgotten Altar","floor":28,"gold_loss":0},{"damage_healed":0,"gold_gain":0,"player_choice":"Fight","damage_taken":0,"max_hp_gain":0,"max_hp_loss":0,"event_name":"Colosseum","floor":32,"gold_loss":0},{"damage_healed":0,"gold_gain":0,"player_choice":"Fought Nobs","damage_taken":0,"max_hp_gain":0,"max_hp_loss":0,"event_name":"Colosseum","floor":32,"gold_loss":0},{"damage_healed":0,"gold_gain":0,"player_choice":"Leave","damage_taken":0,"max_hp_gain":0,"max_hp_loss":0,"event_name":"conspire:Investor","floor":34,"gold_loss":0},{"damage_healed":0,"gold_gain":0,"player_choice":"Embrace Madness","damage_taken":11,"max_hp_gain":0,"max_hp_loss":0,"event_name":"Winding Halls","floor":40,"gold_loss":0,"cards_obtained":["Madness","Madness"]}],"is_beta":false,"boss_relics":[{"not_picked":["OneHitWonderSystem","REME_DuelDisc"],"picked":"conspire:RunicOctahedron"},{"not_picked":["xbg","Replay:Wanted Poster"],"picked":"Tiny House"}],"items_purged_floors":[24],"is_endless":false,"potions_floor_spawned":[2,3,10,15,18,21,27,29,32,42,43,46,48],"ascension_level":0}}