{"host":"rolltorest","time":1610160315,"event":{"mods":["BaseMod","Minty Spire (QoL Compilation)","Relic Stats","Robot Space Explorer","Slay the Relics Exporter","StSLib"],"gold_per_floor":[18,30,30,30,80,115,129,162,162,197,197,37,37,52,52,143,143,157,82,82,103,121,155,155,188,188,188,188,88,88,131,131,222,222,246,261,277,293,293,331,365,398,421,421,442,114,152,173,173,173,173,173,23,64,64],"floor_reached":56,"playtime":2247,"items_purged":["RobotSpaceExplorer:Strike","RobotSpaceExplorer:Strike+1","RobotSpaceExplorer:Strike+1","Parasite"],"score":2457,"play_id":"3703b1ee-7b7d-4dec-99eb-6d809c639d6f","local_time":"20210108184515","is_ascension_mode":true,"campfire_choices":[{"floor":11,"key":"REST"},{"data":"RobotSpaceExplorer:Blaster","floor":15,"key":"SMITH"},{"floor":24,"key":"REST"},{"data":"RobotSpaceExplorer:Exploration","floor":30,"key":"SMITH"},{"data":"RobotSpaceExplorer:Explosion","floor":32,"key":"SMITH"},{"floor":44,"key":"RECALL"},{"data":"RobotSpaceExplorer:DualCore","floor":49,"key":"SMITH"},{"data":"RobotSpaceExplorer:FranticSearch","floor":52,"key":"SMITH"}],"circlet_count":0,"master_deck":["AscendersBane","RobotSpaceExplorer:Defend+1","RobotSpaceExplorer:Defend+1","RobotSpaceExplorer:Defend+1","RobotSpaceExplorer:Defend+1","RobotSpaceExplorer:Scan","RobotSpaceExplorer:MiniLasers","RobotSpaceExplorer:Arsenal","RobotSpaceExplorer:StunGrenade","RobotSpaceExplorer:FrostMissile","RobotSpaceExplorer:GearShield","RobotSpaceExplorer:Blaster+1","RobotSpaceExplorer:Explosion+1","RobotSpaceExplorer:ScrapMissile+1","RobotSpaceExplorer:DoubleFind+1","RobotSpaceExplorer:TurboDodge","RobotSpaceExplorer:DroneSwarm","RobotSpaceExplorer:BlastShield","RobotSpaceExplorer:FranticSearch+1","RobotSpaceExplorer:GlueShot+1","RobotSpaceExplorer:DualCore+1","RobotSpaceExplorer:DualCore+1","RobotSpaceExplorer:GearShield","RobotSpaceExplorer:DualCore+1","RobotSpaceExplorer:FranticSearch"],"relics":["RobotSpaceExplorer:TurboCore","Golden Idol","Ornamental Fan","StoneCalendar","RobotSpaceExplorer:RingOfTheNewt","Ginger","RobotSpaceExplorer:SlideRule","Akabeko","Bag of Marbles","Pantograph","White Beast Statue","WingedGreaves","Ice Cream","Sozu","Omamori","Thread and Needle","Mummified Hand","Lee\u0027s Waffle","RobotSpaceExplorer:BottledGravity","RobotSpaceExplorer:ClockworkSextant"],"acts_visited":["Exordium","TheCity","TheBeyond","TheEnding"],"potions_floor_usage":[8,16,33,45,55],"damage_taken":[{"damage":2,"enemies":"Jaw Worm","floor":1,"turns":5},{"damage":0,"enemies":"2 Louse","floor":2,"turns":2},{"damage":16,"enemies":"3 Sentries","floor":6,"turns":10},{"damage":0,"enemies":"Cultist","floor":7,"turns":3},{"damage":21,"enemies":"Gremlin Nob","floor":8,"turns":4},{"damage":19,"enemies":"Lagavulin","floor":10,"turns":8},{"damage":1,"enemies":"Red Slaver","floor":14,"turns":4},{"damage":6,"enemies":"Hexaghost","floor":16,"turns":9},{"damage":9,"enemies":"Spheric Guardian","floor":18,"turns":5},{"damage":4,"enemies":"2 Thieves","floor":21,"turns":3},{"damage":10,"enemies":"Shelled Parasite and Fungi","floor":22,"turns":4},{"damage":22,"enemies":"Gremlin Leader","floor":23,"turns":6},{"damage":0,"enemies":"Slavers","floor":25,"turns":5},{"damage":4,"enemies":"Book of Stabbing","floor":31,"turns":6},{"damage":38,"enemies":"Automaton","floor":33,"turns":13},{"damage":0,"enemies":"Orb Walker","floor":35,"turns":2},{"damage":0,"enemies":"3 Shapes","floor":36,"turns":4},{"damage":16,"enemies":"Jaw Worm Horde","floor":37,"turns":4},{"damage":0,"enemies":"Writhing Mass","floor":38,"turns":6},{"damage":0,"enemies":"Giant Head","floor":40,"turns":7},{"damage":5,"enemies":"Nemesis","floor":41,"turns":7},{"damage":2,"enemies":"Reptomancer","floor":42,"turns":6},{"damage":9,"enemies":"Transient","floor":45,"turns":6},{"damage":0,"enemies":"Giant Head","floor":47,"turns":5},{"damage":0,"enemies":"Jaw Worm Horde","floor":48,"turns":3},{"damage":0,"enemies":"Awakened One","floor":50,"turns":9},{"damage":22,"enemies":"Shield and Spear","floor":54,"turns":7},{"damage":32,"enemies":"The Heart","floor":55,"turns":9}],"seed_played":"2157685427014277144","potions_obtained":[{"floor":7,"key":"BlessingOfTheForge"},{"floor":8,"key":"SteroidPotion"},{"floor":10,"key":"Regen Potion"},{"floor":21,"key":"AttackPotion"},{"floor":25,"key":"SpeedPotion"},{"floor":33,"key":"Explosive Potion"}],"is_trial":false,"path_per_floor":["M","M","$","?","?","E","M","E","T","E","R","$","T","M","R","B",null,"M","$","?","M","M","E","R","E","T","?","?","$","R","E","R","B",null,"M","M","M","M","?","E","E","E","T","R","M","$","E","M","R","B",null,"R","$","E","B",null],"character_chosen":"RobotSpaceExplorer","items_purchased":["RobotSpaceExplorer:SlideRule","Lee\u0027s Waffle","RobotSpaceExplorer:FranticSearch"],"campfire_rested":2,"item_purchase_floors":[12,46,46],"current_hp_per_floor":[62,62,62,62,62,46,46,25,25,6,25,25,25,24,24,33,56,47,47,47,43,33,11,30,30,30,30,30,30,30,26,26,13,51,51,51,35,35,35,35,30,28,28,28,19,71,71,71,71,71,71,71,68,46,36],"gold":64,"neow_bonus":"THREE_RARE_CARDS","is_daily":false,"chose_seed":false,"campfire_upgraded":5,"win_rate":0.0,"timestamp":1610160315,"path_taken":["M","M","$","?","?","E","?","E","T","E","R","?","?","M","R","BOSS","M","$","?","M","M","E","R","E","T","?","?","$","R","E","R","BOSS","M","M","?","?","?","E","E","E","T","R","M","$","E","?","R","BOSS","R","$","E","BOSS"],"items_purchased_type":["Relic","Relic","Card"],"build_version":"2020-12-18","purchased_purges":4,"victory":true,"max_hp_per_floor":[71,71,71,64,64,64,64,64,64,64,64,64,64,64,64,64,64,64,64,64,64,64,64,64,64,64,64,64,64,64,64,64,64,64,64,64,64,64,64,64,64,64,64,64,64,71,71,71,71,71,71,71,68,68,68],"relic_stats":{"Sozu":6,"Lee\u0027s Waffle":52,"counters":[28,162],"Golden Idol":195,"Ornamental Fan":[440],"Mummified Hand":[26],"Pantograph":47,"StoneCalendar":[279],"Ginger":[13],"obtain_stats":[{"Ice Cream":33,"RobotSpaceExplorer:ClockworkSextant":54,"Lee\u0027s Waffle":46,"RobotSpaceExplorer:SlideRule":12,"Golden Idol":4,"RobotSpaceExplorer:RoboCore":0,"StoneCalendar":8,"RobotSpaceExplorer:RingOfTheNewt":9,"Thread and Needle":41,"Omamori":40,"Ginger":10,"Akabeko":13,"RobotSpaceExplorer:TurboCore":17,"White Beast Statue":26,"Sozu":34,"Ornamental Fan":6,"Mummified Hand":42,"RobotSpaceExplorer:BottledGravity":47,"Pantograph":25,"WingedGreaves":31,"Bag of Marbles":23},{"Ice Cream":15,"RobotSpaceExplorer:ClockworkSextant":27,"Lee\u0027s Waffle":23,"RobotSpaceExplorer:SlideRule":6,"Golden Idol":2,"RobotSpaceExplorer:RoboCore":0,"StoneCalendar":5,"RobotSpaceExplorer:RingOfTheNewt":5,"Thread and Needle":21,"Omamori":20,"Ginger":6,"Akabeko":6,"RobotSpaceExplorer:TurboCore":8,"White Beast Statue":13,"Sozu":15,"Ornamental Fan":3,"Mummified Hand":22,"RobotSpaceExplorer:BottledGravity":24,"Pantograph":13,"WingedGreaves":14,"Bag of Marbles":12},{"Ice Cream":87,"RobotSpaceExplorer:ClockworkSextant":153,"Lee\u0027s Waffle":129,"RobotSpaceExplorer:SlideRule":32,"Golden Idol":7,"RobotSpaceExplorer:RoboCore":0,"StoneCalendar":24,"RobotSpaceExplorer:RingOfTheNewt":24,"Thread and Needle":117,"Omamori":110,"Ginger":32,"Akabeko":32,"RobotSpaceExplorer:TurboCore":45,"White Beast Statue":68,"Sozu":87,"Ornamental Fan":17,"Mummified Hand":123,"RobotSpaceExplorer:BottledGravity":134,"Pantograph":68,"WingedGreaves":74,"Bag of Marbles":63}]},"card_choices":[{"not_picked":["RobotSpaceExplorer:Wormhole","RobotSpaceExplorer:Scanner"],"picked":"RobotSpaceExplorer:Arsenal","floor":0},{"not_picked":["RobotSpaceExplorer:MiniDrones","RobotSpaceExplorer:SwiftStep"],"picked":"RobotSpaceExplorer:StunGrenade","floor":1},{"not_picked":["RobotSpaceExplorer:SurgingShield","RobotSpaceExplorer:SurgingStrike"],"picked":"RobotSpaceExplorer:FrostMissile","floor":2},{"not_picked":["RobotSpaceExplorer:SurgingStrike","RobotSpaceExplorer:Pulsar"],"picked":"RobotSpaceExplorer:GearShield","floor":6},{"not_picked":["RobotSpaceExplorer:ToxicBomb","RobotSpaceExplorer:SlimeMissile","RobotSpaceExplorer:Pulsar"],"picked":"SKIP","floor":7},{"not_picked":["RobotSpaceExplorer:Calculate","RobotSpaceExplorer:BlastShield","RobotSpaceExplorer:PowerGlove"],"picked":"SKIP","floor":8},{"not_picked":["RobotSpaceExplorer:Reload","RobotSpaceExplorer:Pulsar"],"picked":"RobotSpaceExplorer:Blaster","floor":10},{"not_picked":["RobotSpaceExplorer:MiniDrones","RobotSpaceExplorer:ShovelStrike","RobotSpaceExplorer:Ammunition"],"picked":"SKIP","floor":14},{"not_picked":["RobotSpaceExplorer:Blaster","RobotSpaceExplorer:HighVoltage"],"picked":"RobotSpaceExplorer:Explosion","floor":16},{"not_picked":["RobotSpaceExplorer:Probe","RobotSpaceExplorer:StunGrenade+1","RobotSpaceExplorer:MetalStrike"],"picked":"SKIP","floor":18},{"not_picked":["RobotSpaceExplorer:Probe","RobotSpaceExplorer:GlueShot"],"picked":"RobotSpaceExplorer:ScrapMissile+1","floor":21},{"not_picked":["RobotSpaceExplorer:LaserBurst","RobotSpaceExplorer:ScrapMissile"],"picked":"RobotSpaceExplorer:DoubleFind+1","floor":22},{"not_picked":["RobotSpaceExplorer:ImprovisedAttack","RobotSpaceExplorer:SwiftStep","RobotSpaceExplorer:MetalStrike"],"picked":"SKIP","floor":23},{"not_picked":["RobotSpaceExplorer:RigExplosive","RobotSpaceExplorer:MiniDrones"],"picked":"RobotSpaceExplorer:Exploration","floor":25},{"not_picked":["RobotSpaceExplorer:ImprovisedAttack","RobotSpaceExplorer:ScrapToss","RobotSpaceExplorer:SlimeMissile"],"picked":"SKIP","floor":31},{"not_picked":["RobotSpaceExplorer:Blaster","RobotSpaceExplorer:Comet"],"picked":"RobotSpaceExplorer:BlastShield","floor":33},{"not_picked":["RobotSpaceExplorer:ScrapMissile","RobotSpaceExplorer:SlimeMissile+1"],"picked":"RobotSpaceExplorer:FranticSearch","floor":35},{"not_picked":["RobotSpaceExplorer:StunGrenade+1","RobotSpaceExplorer:ScrapToss+1"],"picked":"RobotSpaceExplorer:GlueShot+1","floor":36},{"not_picked":["RobotSpaceExplorer:Blaster","RobotSpaceExplorer:ImprovisedAttack","RobotSpaceExplorer:GlueShot+1"],"picked":"SKIP","floor":37},{"not_picked":["RobotSpaceExplorer:ScrapMissile+1","RobotSpaceExplorer:FrostMissile"],"picked":"RobotSpaceExplorer:DualCore+1","floor":38},{"not_picked":["RobotSpaceExplorer:GlueShot","RobotSpaceExplorer:MiniBoosters+1","RobotSpaceExplorer:MiniDrones"],"picked":"SKIP","floor":40},{"not_picked":["RobotSpaceExplorer:FreezingShield","RobotSpaceExplorer:MiniDrones+1"],"picked":"RobotSpaceExplorer:GearShield","floor":41},{"not_picked":["RobotSpaceExplorer:Blitz","RobotSpaceExplorer:Ammunition"],"picked":"RobotSpaceExplorer:DualCore","floor":42},{"not_picked":["RobotSpaceExplorer:MiniDrones","RobotSpaceExplorer:SwiftStep","RobotSpaceExplorer:SurgingShield"],"picked":"SKIP","floor":45},{"not_picked":["RobotSpaceExplorer:Electroshield+1","RobotSpaceExplorer:SurgingShield","RobotSpaceExplorer:SelfCleaning"],"picked":"SKIP","floor":47},{"not_picked":["RobotSpaceExplorer:ShovelStrike","RobotSpaceExplorer:MiniBoosters","RobotSpaceExplorer:RigExplosive"],"picked":"SKIP","floor":48},{"not_picked":["RobotSpaceExplorer:Electropulse+1","RobotSpaceExplorer:FrostMissile+1","RobotSpaceExplorer:FreezeRay"],"picked":"SKIP","floor":54}],"player_experience":1792961,"relics_obtained":[{"floor":6,"key":"Ornamental Fan"},{"floor":8,"key":"StoneCalendar"},{"floor":9,"key":"RobotSpaceExplorer:RingOfTheNewt"},{"floor":10,"key":"Ginger"},{"floor":13,"key":"Akabeko"},{"floor":23,"key":"Bag of Marbles"},{"floor":25,"key":"Pantograph"},{"floor":26,"key":"White Beast Statue"},{"floor":31,"key":"WingedGreaves"},{"floor":33,"key":"Ice Cream"},{"floor":40,"key":"Omamori"},{"floor":41,"key":"Thread and Needle"},{"floor":42,"key":"Mummified Hand"},{"floor":47,"key":"RobotSpaceExplorer:BottledGravity"},{"floor":54,"key":"RobotSpaceExplorer:ClockworkSextant"}],"event_choices":[{"damage_healed":0,"gold_gain":0,"player_choice":"Lose Max HP","damage_taken":0,"relics_obtained":["Golden Idol"],"max_hp_gain":0,"max_hp_loss":7,"event_name":"Golden Idol","floor":4,"gold_loss":0},{"damage_healed":0,"gold_gain":50,"player_choice":"Pray","damage_taken":0,"max_hp_gain":0,"max_hp_loss":0,"event_name":"Golden Shrine","floor":5,"gold_loss":0},{"damage_healed":0,"gold_gain":0,"player_choice":"Simplicity","damage_taken":0,"max_hp_gain":0,"max_hp_loss":0,"event_name":"Back to Basics","floor":20,"gold_loss":0,"cards_upgraded":["RobotSpaceExplorer:Strike","RobotSpaceExplorer:Strike","RobotSpaceExplorer:Strike","RobotSpaceExplorer:Defend","RobotSpaceExplorer:Defend","RobotSpaceExplorer:Defend","RobotSpaceExplorer:Defend"]},{"damage_healed":0,"gold_gain":0,"player_choice":"Read","damage_taken":0,"max_hp_gain":0,"max_hp_loss":0,"event_name":"The Library","floor":27,"gold_loss":0,"cards_obtained":["RobotSpaceExplorer:TurboDodge"]},{"damage_healed":0,"gold_gain":0,"cards_transformed":["RobotSpaceExplorer:Strike"],"player_choice":"Transformed","damage_taken":0,"max_hp_gain":0,"max_hp_loss":0,"event_name":"Transmorgrifier","floor":28,"gold_loss":0,"cards_obtained":["RobotSpaceExplorer:DroneSwarm"]},{"damage_healed":0,"gold_gain":0,"player_choice":"Copied","damage_taken":0,"max_hp_gain":0,"max_hp_loss":0,"event_name":"Duplicator","floor":39,"gold_loss":0,"cards_obtained":["RobotSpaceExplorer:DualCore"]}],"is_beta":true,"boss_relics":[{"not_picked":["Empty Cage","Velvet Choker"],"picked":"RobotSpaceExplorer:TurboCore"},{"not_picked":["Black Star","Astrolabe"],"picked":"Sozu"}],"items_purged_floors":[19,29,46,53],"is_endless":false,"potions_floor_spawned":[7,8,10,21,25,31,33,35,36,37,38,40,41,42,45,47,48,54],"ascension_level":17}}