{"host":"on8kfoejf6vp3cg3","time":1610234193,"event":{"mods":["AchievementEnabler","BaseMod","Better Match","Better Third Choice","Block Reminder","Colored Map","Colored Powertips","Disable Question Mark Monsters","Googly Eyes","Hermit","Highlight Path","Minty Spire (QoL Compilation)","Permanent Neow","Rare Cards Sparkle","Replay The Spire","StSLib","The Blackbeard","The Bladedancer","The Cursed"],"gold_per_floor":[112,126,58,68,86,86,119,119,119,119,119,137,165,197,197,292,292,303,322,177,190,93,93,110,110,136,53,68,94,94,92,92,189,189,206,225,240,60,71,71,75,85,85,33,53,53,53,67,67,67],"floor_reached":51,"playtime":4085,"items_purged":["blademaster:Quickstep"],"score":1174,"play_id":"c9b3545d-9052-4839-ba9f-caea28dc43f5","local_time":"20210109181633","daily_mods":["Insanity","Vintage","Heirloom","Time Dilation","Flight"],"is_ascension_mode":true,"campfire_choices":[{"floor":6,"key":"REST"},{"floor":8,"key":"REST"},{"floor":15,"key":"REST"},{"floor":23,"key":"REST"},{"floor":30,"key":"REST"},{"data":"blademaster:SharpBlades","floor":32,"key":"SMITH"},{"floor":40,"key":"REST"},{"floor":47,"key":"REST"},{"data":"blademaster:ThreePointStrike","floor":49,"key":"SMITH"}],"circlet_count":0,"master_deck":["blademaster:FuriousStrike","blademaster:Overcharge","blademaster:Frenzy","blademaster:Gust","blademaster:DragonStrike","blademaster:SlyStabs","blademaster:Frontflip","blademaster:SharpBlades+1","blademaster:Sharpen","blademaster:ChargingUp","blademaster:AwakeningDefend+1","blademaster:IcyWind","blademaster:DaggerAndCloak","blademaster:Reversal","blademaster:Reversal+1","blademaster:Bloodbath","blademaster:Thrust","blademaster:Stormstrike","blademaster:Quickness","blademaster:DragonStrike","blademaster:BladeMastery","blademaster:Stormstrike","blademaster:Sunder","blademaster:AspectOfLightning","blademaster:ParryingStrike+1","blademaster:EyeOfTheStorm","blademaster:AwakeningDefend","blademaster:SlyStabs","blademaster:AspectOfLightning","blademaster:ThunderSlash","blademaster:Overcharge","blademaster:KiBarrier","blademaster:Discharge","blademaster:DancingEdge","blademaster:LeechingStrike","blademaster:DeadlyDance","blademaster:Safeguard+1","blademaster:KiBarrier","blademaster:AncestralHealing","blademaster:Havoc","blademaster:Frontflip","blademaster:Flurry","blademaster:Momentum","blademaster:Thrust","blademaster:Sharpen","blademaster:Stability","blademaster:AspectOfWind","blademaster:DragonStrike","blademaster:Havoc","blademaster:ThreePointStrike+1","blademaster:Safeguard","blademaster:EnchantedCuirass","ReplayTheSpireMod:IOU","ReplayTheSpireMod:IOU","blademaster:Stability","ReplayTheSpireMod:IOU","blademaster:SlyStabs+1","ReplayTheSpireMod:IOU","Dramatic Entrance","ReplayTheSpireMod:IOU","ReplayTheSpireMod:IOU","ReplayTheSpireMod:IOU","ReplayTheSpireMod:IOU","ReplayTheSpireMod:IOU","blademaster:Overcharge","ReplayTheSpireMod:IOU","ReplayTheSpireMod:IOU","ReplayTheSpireMod:IOU","ReplayTheSpireMod:IOU","ReplayTheSpireMod:IOU","ReplayTheSpireMod:IOU","ReplayTheSpireMod:IOU","ReplayTheSpireMod:IOU","The Bomb+1"],"relics":["Unceasing Top","Counterbalance","Mercury Hourglass","Anchor","Mummified Hand","Replay:Accelerometer","Replay:WaspNest","Torii","Replay:Baseball","CaptainsWheel","SacredBark","Regal Pillow","PrismaticShard","Replay:Wax Seal","Medical Kit","War Paint","Whetstone","Pen Nib","Boot","Art of War","Ice Cream","ChewingGum","Replay:PocketPolymizer","Potion Belt","MawBank","Shuriken","ReplayTheSpireMod:TigerMarble","Chameleon Ring","Toolbox","Toxic Egg 2","Juzu Bracelet","Lantern","Quantum Egg","Bottled Flame","Toy Ornithopter"],"acts_visited":["Exordium","TheCity","TheBeyond"],"potions_floor_usage":[16,33,33,50,50,50,50,50],"damage_taken":[{"damage":7,"enemies":"Small Slimes","floor":1,"turns":6},{"damage":12,"enemies":"Cultist","floor":2,"turns":5},{"damage":0,"enemies":"Jaw Worm","floor":4,"turns":3},{"damage":0,"enemies":"3 Louse","floor":5,"turns":3},{"damage":19,"enemies":"Lagavulin","floor":7,"turns":6},{"damage":6,"enemies":"Large Slime","floor":12,"turns":5},{"damage":0,"enemies":"Replay:BlueRogue","floor":13,"turns":3},{"damage":36,"enemies":"Lagavulin","floor":14,"turns":3},{"damage":1,"enemies":"Slime Boss","floor":16,"turns":5},{"damage":0,"enemies":"Chosen","floor":18,"turns":4},{"damage":22,"enemies":"2 Thieves","floor":19,"turns":4},{"damage":14,"enemies":"Shelled Parasite and Fungi","floor":21,"turns":4},{"damage":8,"enemies":"Cultist and Chosen","floor":24,"turns":5},{"damage":0,"enemies":"Snake Plant","floor":27,"turns":3},{"damage":10,"enemies":"Centurion and Healer","floor":28,"turns":4},{"damage":27,"enemies":"Slavers","floor":29,"turns":4},{"damage":48,"enemies":"Automaton","floor":33,"turns":7},{"damage":0,"enemies":"3 Shapes","floor":35,"turns":3},{"damage":21,"enemies":"3 Darklings","floor":36,"turns":3},{"damage":20,"enemies":"Maw","floor":37,"turns":6},{"damage":20,"enemies":"Jaw Worm Horde","floor":39,"turns":3},{"damage":19,"enemies":"Spire Growth","floor":42,"turns":3},{"damage":4,"enemies":"4 Shapes","floor":45,"turns":4},{"damage":29,"enemies":"Maw","floor":48,"turns":6},{"damage":81,"enemies":"Awakened One","floor":50,"turns":9}],"seed_played":"-6782285450915191814","potions_obtained":[{"floor":2,"key":"Adrenaline Potion"},{"floor":4,"key":"Explosive Potion"},{"floor":5,"key":"Energy Potion"},{"floor":7,"key":"SkillPotion"},{"floor":21,"key":"Swift Potion"},{"floor":33,"key":"Languid Potion"},{"floor":36,"key":"Doom Potion"},{"floor":37,"key":"Fire Potion"},{"floor":46,"key":"Flashbang"}],"is_trial":true,"path_per_floor":["M","M","$","M","M","R","E","R","T","$","?","M","E","E","R","B",null,"M","M","$","M","$","R","M","$","T","M","M","E","R","$","R","B",null,"M","M","M","$","M","R","$","M","T","$","M","R","R","M","R","B",null],"character_chosen":"THE_BLADEMASTER","items_purchased":["blademaster:Havoc","PrismaticShard","PowerPotion","Medical Kit","War Paint","blademaster:Stability","blademaster:SlyStabs+1","Dramatic Entrance","Ice Cream","Shuriken","ReplayTheSpireMod:TigerMarble","Toolbox","Toxic Egg 2","Quantum Egg","The Bomb+1"],"campfire_rested":7,"item_purchase_floors":[3,20,22,22,22,22,22,22,31,38,38,41,41,44,44],"current_hp_per_floor":[61,49,49,52,52,74,55,75,75,75,75,75,75,45,67,72,74,75,59,59,51,51,75,73,73,73,75,71,50,75,75,75,61,72,75,60,62,62,48,75,75,62,62,62,64,64,75,75,75,28],"gold":67,"neow_bonus":"","is_daily":false,"chose_seed":false,"campfire_upgraded":2,"win_rate":0.0,"timestamp":1610234193,"path_taken":["M","M","$","M","M","R","E","R","T","$","?","M","E","E","R","BOSS","M","M","$","M","?","R","M","$","T","M","?","E","R","$","R","BOSS","M","M","M","$","?","R","$","M","T","$","M","R","R","M","R","BOSS"],"items_purchased_type":["Card","Relic","Potion","Relic","Relic","Card","Card","Card","Relic","Relic","Relic","Relic","Relic","Relic","Card"],"build_version":"2020-12-22","purchased_purges":1,"victory":true,"max_hp_per_floor":[75,75,75,75,75,75,75,75,75,75,75,75,75,75,75,75,75,75,75,75,75,75,75,75,75,75,75,75,75,75,75,75,75,75,75,75,75,75,75,75,75,75,75,75,75,75,75,75,75,75],"card_choices":[{"not_picked":["blademaster:Stormstrike","blademaster:LeechingStrike"],"picked":"blademaster:ThreePointStrike","floor":7},{"not_picked":["blademaster:BladeMastery","blademaster:AspectOfWind","blademaster:Meditate"],"picked":"SKIP","floor":13},{"not_picked":["blademaster:Sunder","blademaster:BladeMastery"],"picked":"blademaster:Safeguard","floor":14},{"not_picked":["blademaster:UnrelentingWind","blademaster:CloudOfSteel"],"picked":"blademaster:EnchantedCuirass","floor":16},{"not_picked":["blademaster:CombatPrep+1","Expertise+1"],"picked":"Twin Strike","floor":29}],"player_experience":431155,"relics_obtained":[{"floor":1,"key":"blademaster:RandomStancePerk"},{"floor":2,"key":"Mercury Hourglass"},{"floor":2,"key":"blademaster:RandomBladePerk"},{"floor":4,"key":"Anchor"},{"floor":4,"key":"blademaster:LightningChargePerk"},{"floor":5,"key":"Mummified Hand"},{"floor":5,"key":"blademaster:BleedingMoreDamagePerk"},{"floor":7,"key":"Replay:Accelerometer"},{"floor":7,"key":"blademaster:StanceHealPerk"},{"floor":9,"key":"Replay:WaspNest"},{"floor":12,"key":"Replay:Baseball"},{"floor":12,"key":"blademaster:StrongPerk"},{"floor":13,"key":"blademaster:OnAttackedChargePerk"},{"floor":14,"key":"CaptainsWheel"},{"floor":14,"key":"blademaster:BleedingLaceratePerk"},{"floor":18,"key":"Regal Pillow"},{"floor":18,"key":"blademaster:WindChargePerk"},{"floor":19,"key":"blademaster:FuryEveryTurnPerk"},{"floor":21,"key":"Replay:Wax Seal"},{"floor":21,"key":"blademaster:DextrousPerk"},{"floor":24,"key":"Whetstone"},{"floor":24,"key":"blademaster:ComboEveryTurnPerk"},{"floor":26,"key":"Pen Nib"},{"floor":27,"key":"blademaster:BonusComboPerk"},{"floor":28,"key":"Boot"},{"floor":28,"key":"blademaster:BonusFuryPerk"},{"floor":29,"key":"Art of War"},{"floor":29,"key":"blademaster:FinisherDrawCardPerk"},{"floor":35,"key":"Replay:PocketPolymizer"},{"floor":36,"key":"Potion Belt"},{"floor":37,"key":"MawBank"},{"floor":39,"key":"Chameleon Ring"},{"floor":42,"key":"Juzu Bracelet"},{"floor":43,"key":"Lantern"},{"floor":45,"key":"Bottled Flame"},{"floor":48,"key":"Toy Ornithopter"}],"event_choices":[{"cards_removed":["blademaster:Quickness"],"damage_healed":0,"gold_gain":0,"player_choice":"Gave Card","damage_taken":0,"relics_obtained":["Torii"],"max_hp_gain":0,"max_hp_loss":0,"event_name":"WeMeetAgain","floor":11,"gold_loss":0}],"is_beta":false,"boss_relics":[{"not_picked":["Velvet Choker","Replay:Drink Me"],"picked":"SacredBark"},{"not_picked":["Abe\u0027s Treasure","Astrolabe"],"picked":"ChewingGum"}],"items_purged_floors":[22],"is_endless":false,"potions_floor_spawned":[2,4,5,7,18,21,33,36,37,42,48],"ascension_level":7}}