{"host":"j4g6ia6asvpyu2b0","time":1610236527,"event":{"mods":["BaseMod","Colored Map","Minty Spire (QoL Compilation)","Permanent Neow","Quick Restart","Relic Stats","StSLib","Unceasing Turn Reminder"],"gold_per_floor":[369,380,444,195,195,195,211,211,293,328,351,385,3,41,41,169,169,185,185,80,80,104,135,135,176,176,210,210,234,359,377,377,507,507,526,526,526,547,567,605,620,620,620,658,670,670],"floor_reached":45,"playtime":1306,"items_purged":["Strike_R"],"score":911,"play_id":"6a4033e1-d16b-4b5b-8478-84f0fad6ead4","local_time":"20210109165527","is_ascension_mode":true,"campfire_choices":[{"data":"Bash","floor":6,"key":"SMITH"},{"data":"Uppercut","floor":8,"key":"SMITH"},{"data":"Inflame","floor":15,"key":"SMITH"},{"data":"Whirlwind","floor":24,"key":"SMITH"},{"data":"Immolate","floor":32,"key":"SMITH"},{"floor":42,"key":"REST"}],"circlet_count":0,"master_deck":["AscendersBane","Strike_R+1","Strike_R+1","Strike_R+1","Strike_R+1","Defend_R+1","Defend_R+1","Defend_R+1","Defend_R+1","Bash+1","Uppercut+1","Cleave","Inflame+1","Anger","Shrug It Off","Twin Strike","Pummel","Shrug It Off","Iron Wave","Fire Breathing","Dropkick","Immolate+1","Havoc","Whirlwind+1","Feel No Pain","Disarm","Twin Strike","Shrug It Off+1","Combust","Bludgeon","Fiend Fire","Headbutt+1","Dual Wield+1","True Grit+1","Feel No Pain"],"relics":["Burning Blood","Golden Idol","White Beast Statue","Mummified Hand","Gremlin Horn","Ice Cream","Eternal Feather","Busted Crown","Potion Belt","Blue Candle","Ornamental Fan","Unceasing Top","Peace Pipe","Pantograph","Black Star","StrikeDummy","Toxic Egg 2","Pear","MawBank","HornCleat"],"acts_visited":["Exordium","TheCity","TheBeyond"],"potions_floor_usage":[10,12,12,22,25,25,30,31,33,35,40],"damage_taken":[{"damage":6,"enemies":"Small Slimes","floor":1,"turns":5},{"damage":7,"enemies":"Jaw Worm","floor":2,"turns":3},{"damage":2,"enemies":"2 Louse","floor":7,"turns":2},{"damage":10,"enemies":"Lagavulin","floor":10,"turns":5},{"damage":5,"enemies":"2 Fungi Beasts","floor":11,"turns":3},{"damage":5,"enemies":"Gremlin Nob","floor":12,"turns":3},{"damage":22,"enemies":"Lagavulin","floor":14,"turns":5},{"damage":20,"enemies":"Hexaghost","floor":16,"turns":8},{"damage":0,"enemies":"Spheric Guardian","floor":18,"turns":2},{"damage":0,"enemies":"Chosen","floor":22,"turns":2},{"damage":15,"enemies":"Gremlin Leader","floor":23,"turns":4},{"damage":4,"enemies":"Slavers","floor":25,"turns":2},{"damage":0,"enemies":"Gremlin Leader","floor":27,"turns":3},{"damage":9,"enemies":"Snecko","floor":29,"turns":4},{"damage":18,"enemies":"Colosseum Slavers","floor":30,"turns":3},{"damage":12,"enemies":"Colosseum Nobs","floor":30,"turns":4},{"damage":5,"enemies":"Snake Plant","floor":31,"turns":3},{"damage":58,"enemies":"Collector","floor":33,"turns":8},{"damage":8,"enemies":"3 Darklings","floor":35,"turns":2},{"damage":9,"enemies":"Orb Walker","floor":38,"turns":3},{"damage":21,"enemies":"3 Darklings","floor":39,"turns":3},{"damage":32,"enemies":"Nemesis","floor":40,"turns":5},{"damage":37,"enemies":"Spire Growth","floor":41,"turns":6},{"damage":52,"enemies":"Reptomancer","floor":44,"turns":7},{"damage":0,"enemies":"Writhing Mass","floor":45,"turns":1}],"seed_played":"3134027860666958876","potions_obtained":[{"floor":1,"key":"Block Potion"},{"floor":7,"key":"Energy Potion"},{"floor":10,"key":"Energy Potion"},{"floor":11,"key":"Swift Potion"},{"floor":12,"key":"HeartOfIron"},{"floor":14,"key":"Fire Potion"},{"floor":22,"key":"PowerPotion"},{"floor":23,"key":"DistilledChaos"},{"floor":25,"key":"PowerPotion"},{"floor":27,"key":"Energy Potion"},{"floor":29,"key":"PowerPotion"},{"floor":30,"key":"FairyPotion"},{"floor":31,"key":"DistilledChaos"},{"floor":33,"key":"BloodPotion"},{"floor":35,"key":"CultistPotion"},{"floor":39,"key":"LiquidMemories"},{"floor":40,"key":"SteroidPotion"}],"is_trial":false,"path_per_floor":["M","M","?","$","?","R","M","R","T","E","M","E","$","E","R","B",null,"M","?","$","?","M","E","R","E","T","E","?","M","?","M","R","B",null,"M","?","?","M","M","E","M","R","T","E","M"],"character_chosen":"IRONCLAD","items_purchased":["Inflame","Anger","Shrug It Off","Ice Cream","Fire Breathing","Whirlwind","Feel No Pain"],"campfire_rested":1,"item_purchase_floors":[4,4,4,13,13,20,20],"current_hp_per_floor":[72,71,71,71,53,53,57,57,57,53,54,55,55,39,51,37,63,69,69,69,69,72,63,72,72,72,72,59,56,38,39,57,25,64,77,77,77,74,59,43,12,56,56,10,10,10],"gold":670,"neow_bonus":"TWO_FIFTY_GOLD","is_daily":false,"chose_seed":false,"campfire_upgraded":5,"win_rate":0.0,"timestamp":1610236527,"path_taken":["M","M","?","$","?","R","M","R","T","E","M","E","$","E","R","BOSS","M","?","$","?","?","E","R","E","T","E","?","M","?","?","R","BOSS","M","?","?","M","M","E","M","R","T","E","M"],"items_purchased_type":["Card","Card","Card","Relic","Card","Card","Card"],"build_version":"2020-12-22","purchased_purges":1,"victory":false,"max_hp_per_floor":[72,72,72,72,72,72,72,72,72,72,72,72,72,72,72,72,72,72,72,72,72,72,72,72,72,72,72,77,77,77,77,77,77,77,77,77,77,77,77,87,87,87,87,87,87,87],"relic_stats":{"Gremlin Horn":[20,20],"counters":[25,96],"Golden Idol":176,"Blue Candle":[2],"Eternal Feather":57,"MawBank":12,"Burning Blood":133,"Peace Pipe":1,"Busted Crown":30,"Mummified Hand":[54],"Ornamental Fan":[108],"Pantograph":20,"Black Star":2,"obtain_stats":[{"Ice Cream":13,"Potion Belt":23,"Pear":40,"Gremlin Horn":12,"Golden Idol":5,"Blue Candle":25,"Eternal Feather":14,"MawBank":44,"Burning Blood":0,"White Beast Statue":9,"Peace Pipe":30,"Busted Crown":17,"HornCleat":44,"Mummified Hand":10,"Ornamental Fan":26,"Pantograph":30,"Black Star":34,"Toxic Egg 2":40,"StrikeDummy":37,"Unceasing Top":27},{"Ice Cream":6,"Potion Belt":11,"Pear":22,"Gremlin Horn":6,"Golden Idol":2,"Blue Candle":12,"Eternal Feather":7,"MawBank":24,"Burning Blood":0,"White Beast Statue":3,"Peace Pipe":16,"Busted Crown":8,"HornCleat":24,"Mummified Hand":4,"Ornamental Fan":12,"Pantograph":16,"Black Star":18,"Toxic Egg 2":22,"StrikeDummy":19,"Unceasing Top":13},{"Ice Cream":21,"Potion Belt":42,"Pear":82,"Gremlin Horn":21,"Golden Idol":8,"Blue Candle":44,"Eternal Feather":26,"MawBank":95,"Burning Blood":0,"White Beast Statue":10,"Peace Pipe":58,"Busted Crown":34,"HornCleat":95,"Mummified Hand":15,"Ornamental Fan":44,"Pantograph":58,"Black Star":69,"Toxic Egg 2":82,"StrikeDummy":71,"Unceasing Top":47}],"Unceasing Top":[16]},"card_choices":[{"not_picked":["Ghostly Armor","Fire Breathing"],"picked":"Uppercut","floor":1},{"not_picked":["Flex","Heavy Blade"],"picked":"Cleave","floor":2},{"not_picked":["Clash","Dual Wield"],"picked":"Twin Strike","floor":7},{"not_picked":["Clash","True Grit"],"picked":"Pummel","floor":10},{"not_picked":["Perfected Strike","Infernal Blade"],"picked":"Shrug It Off","floor":11},{"not_picked":["Anger","True Grit"],"picked":"Iron Wave","floor":12},{"not_picked":["Power Through","Clothesline"],"picked":"Dropkick","floor":14},{"not_picked":["Juggernaut","Exhume"],"picked":"Immolate","floor":16},{"not_picked":[],"picked":"Havoc","floor":18},{"not_picked":[],"picked":"Disarm","floor":22},{"not_picked":[],"picked":"Twin Strike","floor":23},{"not_picked":["Thunderclap"],"picked":"SKIP","floor":25},{"not_picked":[],"picked":"Shrug It Off+1","floor":27},{"not_picked":[],"picked":"Combust","floor":29},{"not_picked":[],"picked":"Bludgeon","floor":30},{"not_picked":["Perfected Strike+1"],"picked":"SKIP","floor":31},{"not_picked":[],"picked":"Fiend Fire","floor":33},{"not_picked":[],"picked":"Headbutt+1","floor":35},{"not_picked":["Anger+1"],"picked":"SKIP","floor":38},{"not_picked":["Clash"],"picked":"SKIP","floor":39},{"not_picked":[],"picked":"Dual Wield+1","floor":40},{"not_picked":[],"picked":"True Grit+1","floor":41},{"not_picked":[],"picked":"Feel No Pain","floor":44}],"player_experience":779275,"relics_obtained":[{"floor":9,"key":"White Beast Statue"},{"floor":10,"key":"Mummified Hand"},{"floor":12,"key":"Gremlin Horn"},{"floor":14,"key":"Eternal Feather"},{"floor":23,"key":"Potion Belt"},{"floor":25,"key":"Blue Candle"},{"floor":26,"key":"Ornamental Fan"},{"floor":27,"key":"Unceasing Top"},{"floor":30,"key":"Peace Pipe"},{"floor":30,"key":"Pantograph"},{"floor":37,"key":"StrikeDummy"},{"floor":40,"key":"Toxic Egg 2"},{"floor":40,"key":"Pear"},{"floor":44,"key":"MawBank"},{"floor":44,"key":"HornCleat"}],"event_choices":[{"damage_healed":0,"gold_gain":64,"player_choice":"Gained Gold","damage_taken":0,"max_hp_gain":0,"max_hp_loss":0,"event_name":"Golden Wing","floor":3,"gold_loss":0},{"damage_healed":0,"gold_gain":0,"player_choice":"Take Damage","damage_taken":18,"relics_obtained":["Golden Idol"],"max_hp_gain":0,"max_hp_loss":0,"event_name":"Golden Idol","floor":5,"gold_loss":0},{"damage_healed":0,"gold_gain":0,"player_choice":"Simplicity","damage_taken":0,"max_hp_gain":0,"max_hp_loss":0,"event_name":"Back to Basics","floor":19,"gold_loss":0,"cards_upgraded":["Strike_R","Strike_R","Strike_R","Strike_R","Defend_R","Defend_R","Defend_R","Defend_R"]},{"damage_healed":0,"gold_gain":0,"player_choice":"Ignored","damage_taken":0,"max_hp_gain":0,"max_hp_loss":0,"event_name":"NoteForYourself","floor":21,"gold_loss":0},{"damage_healed":0,"gold_gain":0,"player_choice":"Shed Blood","damage_taken":18,"max_hp_gain":5,"max_hp_loss":0,"event_name":"Forgotten Altar","floor":28,"gold_loss":0},{"damage_healed":0,"gold_gain":0,"player_choice":"Fight","damage_taken":0,"max_hp_gain":0,"max_hp_loss":0,"event_name":"Colosseum","floor":30,"gold_loss":0},{"damage_healed":0,"gold_gain":0,"player_choice":"Fought Nobs","damage_taken":0,"max_hp_gain":0,"max_hp_loss":0,"event_name":"Colosseum","floor":30,"gold_loss":0},{"damage_healed":0,"gold_gain":0,"player_choice":"Ignored","damage_taken":0,"max_hp_gain":0,"max_hp_loss":0,"event_name":"Tomb of Lord Red Mask","floor":36,"gold_loss":0},{"damage_healed":0,"gold_gain":0,"player_choice":"Relic","damage_taken":0,"max_hp_gain":0,"max_hp_loss":0,"event_name":"Wheel of Change","floor":37,"gold_loss":0}],"is_beta":false,"boss_relics":[{"not_picked":["Sozu","Black Blood"],"picked":"Busted Crown"},{"not_picked":["Pandora\u0027s Box","Astrolabe"],"picked":"Black Star"}],"items_purged_floors":[4],"is_endless":false,"potions_floor_spawned":[1,7,10,11,12,14,16,18,22,23,25,27,29,30,30,31,33,35,38,39,40,41,44],"killed_by":"Writhing Mass","ascension_level":10}}