{"host":"o97o7ui5vncz1kje","time":1610175535,"event":{"mods":["Arknights The Spire","BaseMod","Better Third Choice","Minty Spire (QoL Compilation)","StSLib"],"gold_per_floor":[112,132,151,168,168,168,193,193,217,217,252,252,278,38,38,140,140,157,175,185,197,122,122,154,154,154,154,170,170,170,21,21,21,21],"floor_reached":33,"playtime":1614,"items_purged":[],"score":383,"play_id":"e37c2077-3b49-4859-ae95-8e15c48e1c7f","local_time":"20210109145855","daily_mods":["Heirloom","Flight"],"is_ascension_mode":false,"campfire_choices":[{"data":"ats:Emotion Absorption","floor":6,"key":"SMITH"},{"data":"ats:Flexible Camouflage","floor":8,"key":"SMITH"},{"data":"ats:Shell Defense","floor":10,"key":"SMITH"},{"floor":15,"key":"REST"},{"floor":23,"key":"REST"},{"floor":25,"key":"REST"},{"floor":29,"key":"REST"},{"floor":32,"key":"REST"}],"circlet_count":0,"master_deck":["ats:Strike C","ats:Strike G","ats:Strike S","ats:Strike V+1","ats:Armor Crushing Shot","ats:Defend+1","ats:Defend","ats:Defend","ats:Emotion Absorption+1","ats:Flexible Camouflage+1","ats:Ignite+1","ats:Explosion Area Strengthen","ats:Shell Defense+1","ats:Consecutive Shot Auto","ats:Assault Order+1","Bandage Up","ats:Shadow Assault","ats:Shell Defense+1","ats:Overload","ats:Powerful Strike+1","ats:Apocalypse","ats:Volcano","ats:Healing Strengthening+1"],"relics":["ats:Sanity","FossilizedHelix","ats:Originium","Tiny Chest","Art of War","Nunchaku","Whetstone","Oddly Smooth Stone","Blood Vial","TungstenRod","Matryoshka","betterThird:NestCultRelic","War Paint"],"acts_visited":["Exordium","TheCity"],"potions_floor_usage":[11,16,24,24],"damage_taken":[{"damage":0,"enemies":"2 Louse","floor":1,"turns":3},{"damage":0,"enemies":"Small Slimes","floor":2,"turns":4},{"damage":0,"enemies":"Cultist","floor":3,"turns":3},{"damage":0,"enemies":"Looter","floor":4,"turns":2},{"damage":15,"enemies":"Gremlin Nob","floor":7,"turns":5},{"damage":8,"enemies":"Lagavulin","floor":11,"turns":5},{"damage":17,"enemies":"3 Sentries","floor":13,"turns":9},{"damage":44,"enemies":"Hexaghost","floor":16,"turns":8},{"damage":0,"enemies":"Chosen","floor":18,"turns":4},{"damage":20,"enemies":"3 Byrds","floor":19,"turns":7},{"damage":24,"enemies":"3 Cultists","floor":20,"turns":6},{"damage":25,"enemies":"Chosen and Byrds","floor":21,"turns":6},{"damage":55,"enemies":"Slavers","floor":24,"turns":5},{"damage":46,"enemies":"Snake Plant","floor":28,"turns":6},{"damage":86,"enemies":"Collector","floor":33,"turns":8}],"seed_played":"-4066971753723008685","potions_obtained":[{"floor":1,"key":"SmokeBomb"},{"floor":2,"key":"Swift Potion"},{"floor":7,"key":"DistilledChaos"},{"floor":11,"key":"CultistPotion"},{"floor":16,"key":"SpeedPotion"},{"floor":20,"key":"EssenceOfSteel"}],"is_trial":true,"path_per_floor":["M","M","M","M","?","R","E","R","T","R","E","?","E","$","R","B",null,"M","M","M","M","?","R","E","R","T","T","M","R","?","$","R","B"],"character_chosen":"DOCTOR_CLASS","items_purchased":["Oddly Smooth Stone","Bandage Up","War Paint"],"campfire_rested":5,"item_purchase_floors":[14,14,31],"current_hp_per_floor":[72,72,72,72,72,72,59,59,59,59,53,53,42,42,63,26,72,72,65,50,37,37,58,17,38,38,38,9,30,30,30,51,0,0],"gold":21,"neow_bonus":"","is_daily":false,"chose_seed":false,"campfire_upgraded":3,"win_rate":0.0,"timestamp":1610175535,"path_taken":["M","M","M","M","?","R","E","R","T","R","E","?","E","$","R","BOSS","M","M","M","?","?","R","E","R","T","?","M","R","?","$","R","BOSS"],"items_purchased_type":["Relic","Card","Relic"],"build_version":"2020-12-22","purchased_purges":0,"victory":false,"max_hp_per_floor":[72,72,72,72,72,72,72,72,72,72,72,72,72,72,72,72,72,72,72,72,72,72,72,72,72,72,72,72,72,72,72,72,72,72],"card_choices":[{"not_picked":["ats:Curse Doll","ats:Revitalization"],"picked":"ats:Flexible Camouflage","floor":1},{"not_picked":["ats:Collapsing Strike","ats:Directed Diagnosis"],"picked":"ats:Ignite","floor":2},{"not_picked":["ats:Hammer On","ats:Childhood Dance"],"picked":"ats:Explosion Area Strengthen","floor":3},{"not_picked":["ats:Powerful Strike","ats:Rapid Magazine"],"picked":"ats:Shell Defense","floor":4},{"not_picked":["ats:Durian","ats:Childhood Dance","ats:Explosion Area Strengthen"],"picked":"SKIP","floor":7},{"not_picked":["ats:Shell Defense","ats:Assault Order"],"picked":"ats:Consecutive Shot Auto","floor":11},{"not_picked":["ats:Echo Reverb","ats:Ambush"],"picked":"ats:Assault Order","floor":13},{"not_picked":["ats:Rat Pack","ats:Wolf Pack"],"picked":"ats:Shadow Assault","floor":16},{"not_picked":["ats:Curse Doll","ats:Explosion Area Strengthen"],"picked":"ats:Shell Defense+1","floor":18},{"not_picked":["ats:Curse Doll","ats:Powerful Strike"],"picked":"ats:Overload","floor":19},{"not_picked":["ats:Thermite Blade","ats:Ignite+1"],"picked":"ats:Powerful Strike+1","floor":20},{"not_picked":["ats:Very Hot Blade","ats:Healing Strengthening"],"picked":"ats:Apocalypse","floor":21},{"not_picked":["ats:Consecutive Shot Auto","ats:Leaping Hammer"],"picked":"ats:Volcano","floor":24},{"not_picked":["ats:Defend Order+1","ats:LN2 Cannon"],"picked":"ats:Healing Strengthening+1","floor":28}],"player_experience":305009,"relics_obtained":[{"floor":7,"key":"ats:Originium"},{"floor":7,"key":"Tiny Chest"},{"floor":9,"key":"Art of War"},{"floor":11,"key":"ats:Originium"},{"floor":11,"key":"Nunchaku"},{"floor":13,"key":"ats:Originium"},{"floor":13,"key":"Whetstone"},{"floor":24,"key":"Blood Vial"},{"floor":26,"key":"TungstenRod"},{"floor":27,"key":"Matryoshka"}],"event_choices":[{"damage_healed":0,"gold_gain":0,"player_choice":"Ignored","damage_taken":0,"max_hp_gain":0,"max_hp_loss":0,"event_name":"Golden Wing","floor":5,"gold_loss":0},{"damage_healed":0,"gold_gain":0,"player_choice":"0 cards matched","damage_taken":0,"max_hp_gain":0,"max_hp_loss":0,"event_name":"Match and Keep!","floor":12,"gold_loss":0,"cards_obtained":[]},{"cards_removed":["ats:Defend"],"damage_healed":0,"gold_gain":0,"player_choice":"Gave Gold","damage_taken":0,"max_hp_gain":0,"max_hp_loss":0,"event_name":"Beggar","floor":22,"gold_loss":75},{"damage_healed":0,"gold_gain":0,"player_choice":"Madness","damage_taken":0,"relics_obtained":["betterThird:NestCultRelic"],"max_hp_gain":0,"max_hp_loss":0,"event_name":"betterThird:BetterNest","floor":30,"gold_loss":0}],"is_beta":false,"boss_relics":[{"not_picked":["Sozu","Coffee Dripper","Runic Pyramid"]}],"items_purged_floors":[],"is_endless":true,"potions_floor_spawned":[1,2,7,11,16,20],"killed_by":"Collector","ascension_level":0}}