{"host":"25fn74ijs2305xd4","time":1610189548,"event":{"mods":["AchievementEnabler","BaseMod","Colored Map","Colored Powertips","Minty Spire (QoL Compilation)","Relic Stats","StSLib"],"gold_per_floor":[119,133,146,146,146,146,180,204,228,297,328,340,48,62,62,192,192,216,236,255,88,113,156,179,179,231,231,27,63,77,117,117,248,311,331,72,91,114,134,175,508,535,616,635,34,50,66,98,98,98],"floor_reached":51,"playtime":4280,"items_purged":["Strike_B","Defend_B","Defend_B","Strike_B"],"score":1071,"play_id":"9fb81f83-2504-4876-a830-717bc992c321","local_time":"20210109115228","is_ascension_mode":true,"campfire_choices":[{"data":"Meteor Strike","floor":6,"key":"SMITH"},{"data":"Coolheaded","floor":12,"key":"SMITH"},{"data":"Self Repair","floor":15,"key":"SMITH"},{"data":"Loop","floor":27,"key":"SMITH"},{"data":"Coolheaded","floor":32,"key":"SMITH"},{"floor":49,"key":"RECALL"}],"circlet_count":0,"master_deck":["Strike_B+1","Defend_B","Zap","Dualcast","Cold Snap","Conserve Battery","Reinforced Body","Meteor Strike+1","Coolheaded+1","Self Repair+1","Amplify","Flash of Steel","Self Repair","Rebound","Loop+1","Hologram","Scrape","Glacier","Coolheaded+1","Creative AI","Skim","Tempest","Meteor Strike+1","Tempest","Parasite","Heatsinks+1","Defragment+1","Self Repair+1","Chill","Loop","White Noise"],"relics":["Snecko Eye","Vajra","Orichalcum","MawBank","ClockworkSouvenir","Busted Crown","Strawberry","Oddly Smooth Stone","Centennial Puzzle","CaptainsWheel","Tiny House","DollysMirror","Eternal Feather","Mango","Mummified Hand","Incense Burner","Blood Vial"],"acts_visited":["Exordium","TheCity","TheBeyond"],"potions_floor_usage":[7,10,23,29,31,42,46,50,50],"damage_taken":[{"damage":13,"enemies":"Cultist","floor":1,"turns":6},{"damage":5,"enemies":"2 Louse","floor":2,"turns":3},{"damage":0,"enemies":"Small Slimes","floor":3,"turns":4},{"damage":4,"enemies":"Gremlin Nob","floor":7,"turns":3},{"damage":0,"enemies":"Blue Slaver","floor":8,"turns":2},{"damage":1,"enemies":"3 Sentries","floor":10,"turns":5},{"damage":8,"enemies":"Exordium Wildlife","floor":11,"turns":3},{"damage":7,"enemies":"Exordium Thugs","floor":14,"turns":3},{"damage":3,"enemies":"The Guardian","floor":16,"turns":8},{"damage":0,"enemies":"Spheric Guardian","floor":18,"turns":4},{"damage":3,"enemies":"3 Byrds","floor":19,"turns":5},{"damage":0,"enemies":"Snecko","floor":20,"turns":3},{"damage":8,"enemies":"Snake Plant","floor":22,"turns":3},{"damage":12,"enemies":"Book of Stabbing","floor":23,"turns":5},{"damage":2,"enemies":"Centurion and Healer","floor":24,"turns":6},{"damage":0,"enemies":"Slavers","floor":29,"turns":6},{"damage":0,"enemies":"3 Cultists","floor":30,"turns":5},{"damage":10,"enemies":"Gremlin Leader","floor":31,"turns":3},{"damage":0,"enemies":"Champ","floor":33,"turns":13},{"damage":4,"enemies":"Orb Walker","floor":35,"turns":5},{"damage":0,"enemies":"3 Shapes","floor":37,"turns":3},{"damage":0,"enemies":"Writhing Mass","floor":38,"turns":3},{"damage":0,"enemies":"4 Shapes","floor":39,"turns":3},{"damage":3,"enemies":"Giant Head","floor":40,"turns":6},{"damage":38,"enemies":"Nemesis","floor":42,"turns":5},{"damage":4,"enemies":"3 Darklings","floor":44,"turns":4},{"damage":20,"enemies":"Jaw Worm Horde","floor":46,"turns":2},{"damage":0,"enemies":"Maw","floor":47,"turns":4},{"damage":0,"enemies":"Reptomancer","floor":48,"turns":2},{"damage":13,"enemies":"Awakened One","floor":50,"turns":5}],"seed_played":"-4831011420847361697","potions_obtained":[{"floor":3,"key":"PowerPotion"},{"floor":7,"key":"SpeedPotion"},{"floor":8,"key":"Strength Potion"},{"floor":11,"key":"Explosive Potion"},{"floor":16,"key":"LiquidMemories"},{"floor":23,"key":"LiquidMemories"},{"floor":29,"key":"SkillPotion"},{"floor":31,"key":"Weak Potion"},{"floor":34,"key":"Fire Potion"},{"floor":35,"key":"AttackPotion"},{"floor":42,"key":"Ancient Potion"},{"floor":44,"key":"Swift Potion"},{"floor":46,"key":"Fruit Juice"},{"floor":47,"key":"BlessingOfTheForge"}],"is_trial":false,"path_per_floor":["M","M","M","?","?","R","E","M","T","?","M","R","$","M","R","B",null,"M","M","M","$","M","E","M","?","T","R","$","E","M","E","R","B",null,"M","$","M","M","M","E","?","E","T","M","$","M","M","E","R","B",null],"character_chosen":"DEFECT","items_purchased":["ClockworkSouvenir","Flash of Steel","Loop","Glacier","Skim","Tempest","DollysMirror","Incense Burner","Loop","White Noise"],"campfire_rested":0,"item_purchase_floors":[13,13,21,28,36,36,36,45,45,45],"current_hp_per_floor":[62,57,57,57,57,57,53,53,53,52,51,51,51,58,58,65,69,69,69,69,69,69,76,76,76,76,76,76,76,76,76,76,76,81,81,81,81,81,81,81,81,74,74,90,90,100,100,100,100,100],"gold":98,"neow_bonus":"BOSS_RELIC","is_daily":false,"chose_seed":false,"campfire_upgraded":5,"win_rate":0.0,"timestamp":1610189548,"path_taken":["M","M","M","?","?","R","E","M","T","?","M","R","?","M","R","BOSS","M","M","M","$","M","E","M","?","T","R","?","E","M","E","R","BOSS","M","$","M","M","M","E","?","E","T","M","$","M","M","E","R","BOSS"],"items_purchased_type":["Relic","Card","Card","Card","Card","Card","Relic","Relic","Card","Card"],"build_version":"2020-12-22","purchased_purges":4,"victory":true,"max_hp_per_floor":[75,75,75,75,69,69,69,69,69,69,69,69,69,69,69,69,69,69,69,69,69,69,76,76,76,76,76,76,76,76,76,76,76,81,81,81,81,81,81,81,81,95,95,95,95,100,100,100,100,100],"relic_stats":{"Blood Vial":0,"Centennial Puzzle":[21],"Busted Crown":42,"counters":[30,132],"Mummified Hand":[112],"Snecko Eye":[301,291,317,306],"Eternal Feather":0,"Orichalcum":[48],"MawBank":36,"obtain_stats":[{"Tiny House":34,"Golden Idol":5,"Vajra":7,"Oddly Smooth Stone":26,"Eternal Feather":40,"Mango":42,"Incense Burner":45,"Orichalcum":9,"MawBank":10,"ClockworkSouvenir":13,"Blood Vial":48,"Centennial Puzzle":29,"CaptainsWheel":31,"Busted Crown":17,"DollysMirror":36,"Mummified Hand":43,"Strawberry":23,"Snecko Eye":0,"Cracked Core":0},{"Tiny House":19,"Golden Idol":3,"Vajra":4,"Oddly Smooth Stone":15,"Eternal Feather":24,"Mango":25,"Incense Burner":26,"Orichalcum":5,"MawBank":6,"ClockworkSouvenir":7,"Blood Vial":29,"Centennial Puzzle":16,"CaptainsWheel":18,"Busted Crown":9,"DollysMirror":20,"Mummified Hand":25,"Strawberry":14,"Snecko Eye":0,"Cracked Core":0},{"Tiny House":90,"Golden Idol":13,"Vajra":16,"Oddly Smooth Stone":63,"Eternal Feather":110,"Mango":115,"Incense Burner":119,"Orichalcum":18,"MawBank":23,"ClockworkSouvenir":26,"Blood Vial":127,"Centennial Puzzle":69,"CaptainsWheel":77,"Busted Crown":37,"DollysMirror":95,"Mummified Hand":115,"Strawberry":57,"Snecko Eye":0,"Cracked Core":0}]},"card_choices":[{"not_picked":["Stack","Beam Cell"],"picked":"Cold Snap","floor":1},{"not_picked":["Barrage","Steam Power"],"picked":"Conserve Battery","floor":2},{"not_picked":["Barrage","Gash"],"picked":"Reinforced Body","floor":3},{"not_picked":["Rebound","Undo","Beam Cell"],"picked":"SKIP","floor":7},{"not_picked":["Ball Lightning","Cold Snap"],"picked":"Coolheaded","floor":8},{"not_picked":["Gash","Melter"],"picked":"Self Repair","floor":10},{"not_picked":["Rebound","Lockon"],"picked":"Amplify","floor":11},{"not_picked":["Hologram","Chaos","Cold Snap"],"picked":"SKIP","floor":14},{"not_picked":[],"picked":"Self Repair","floor":18},{"not_picked":["Rebound"],"picked":"SKIP","floor":19},{"not_picked":[],"picked":"Rebound","floor":19},{"not_picked":["Sweeping Beam"],"picked":"SKIP","floor":20},{"not_picked":[],"picked":"Hologram","floor":22},{"not_picked":["Aggregate"],"picked":"SKIP","floor":23},{"not_picked":["Streamline"],"picked":"SKIP","floor":24},{"not_picked":["Turbo"],"picked":"SKIP","floor":29},{"not_picked":["Aggregate"],"picked":"SKIP","floor":30},{"not_picked":[],"picked":"Coolheaded","floor":31},{"not_picked":[],"picked":"Creative AI","floor":33},{"not_picked":["Beam Cell+1"],"picked":"SKIP","floor":35},{"not_picked":[],"picked":"Tempest","floor":37},{"not_picked":[],"picked":"Heatsinks+1","floor":38},{"not_picked":["Beam Cell+1"],"picked":"SKIP","floor":39},{"not_picked":[],"picked":"Defragment+1","floor":40},{"not_picked":[],"picked":"Self Repair+1","floor":42},{"not_picked":[],"picked":"Chill","floor":44},{"not_picked":["Leap+1"],"picked":"SKIP","floor":46},{"not_picked":["Doom and Gloom"],"picked":"SKIP","floor":47},{"not_picked":["Steam Power+1"],"picked":"SKIP","floor":48}],"player_experience":25445,"relics_obtained":[{"floor":7,"key":"Vajra"},{"floor":9,"key":"Orichalcum"},{"floor":10,"key":"MawBank"},{"floor":23,"key":"Strawberry"},{"floor":26,"key":"Oddly Smooth Stone"},{"floor":29,"key":"Centennial Puzzle"},{"floor":31,"key":"CaptainsWheel"},{"floor":40,"key":"Eternal Feather"},{"floor":42,"key":"Mango"},{"floor":43,"key":"Mummified Hand"},{"floor":48,"key":"Blood Vial"}],"event_choices":[{"damage_healed":0,"gold_gain":0,"cards_transformed":["Strike_B"],"player_choice":"Change","damage_taken":0,"max_hp_gain":0,"max_hp_loss":0,"event_name":"Living Wall","floor":4,"gold_loss":0,"cards_obtained":["Meteor Strike"]},{"damage_healed":0,"gold_gain":0,"player_choice":"Lose Max HP","damage_taken":0,"relics_obtained":["Golden Idol"],"max_hp_gain":0,"max_hp_loss":6,"event_name":"Golden Idol","floor":5,"gold_loss":0},{"damage_healed":0,"gold_gain":0,"player_choice":"Searched \u00272\u0027 times","damage_taken":0,"max_hp_gain":0,"max_hp_loss":0,"event_name":"Dead Adventurer","floor":10,"gold_loss":0},{"damage_healed":0,"gold_gain":0,"cards_transformed":["Defend_B"],"player_choice":"Transformed","damage_taken":0,"max_hp_gain":0,"max_hp_loss":0,"event_name":"Transmorgrifier","floor":25,"gold_loss":0,"cards_obtained":["Scrape"]},{"damage_healed":0,"gold_gain":333,"player_choice":"Gave Idol","damage_taken":0,"max_hp_gain":0,"max_hp_loss":0,"event_name":"The Moai Head","floor":41,"relics_lost":["Golden Idol"],"gold_loss":0}],"is_beta":false,"boss_relics":[{"not_picked":["Velvet Choker","Runic Dome"],"picked":"Busted Crown"},{"not_picked":["Sozu","Philosopher\u0027s Stone"],"picked":"Tiny House"}],"items_purged_floors":[13,21,28,45],"is_endless":false,"potions_floor_spawned":[3,7,8,11,16,19,22,23,29,31,35,42,44,46,47],"ascension_level":2}}