{"host":"6dypmz777xraikqf","time":1610213087,"event":{"mods":["AchievementEnabler","BaseMod","BetterRewards","Colored Map","Colored Powertips","Downfall","Highlight Path","Hubris","Infinite Spire","Minty Spire (QoL Compilation)","Replay The Spire","StSLib"],"gold_per_floor":[109,127,142,67,81,95,122,122,122,397,428,447,181,200,200,297,297,309,321,333,350,365,441,356,370,396,396,396,413,413,430,430,612,612,671,57,71,91,141,185,185,231,231,258,360,360,393,431,431,558,658,658],"floor_reached":51,"playtime":4348,"items_purged":["Strike_G","Regret","Defend_G"],"score":1853,"play_id":"50fa8486-ddc9-4505-8e4b-19fe2e5a9a6d","local_time":"20210109172447","is_ascension_mode":true,"campfire_choices":[{"data":"Cloak And Dagger","floor":8,"key":"SMITH"},{"data":"expansioncontent:DefensiveStance","floor":15,"key":"SMITH"},{"data":"Cloak And Dagger","floor":30,"key":"SMITH"},{"data":"Replay:Bag of Tricks","floor":32,"key":"SMITH"},{"data":"ReplayTheSpireMod:Scrap Shanks","floor":41,"key":"SMITH"},{"floor":49,"key":"RECALL"}],"circlet_count":0,"master_deck":["Strike_G","Strike_G","Defend_G","Defend_G","Survivor","Neutralize","Deflect+1","hubris:Sniper+1","Venomology+1","Hidden Blade","Cloak And Dagger+1","Footwork","Replay:Bag of Tricks+1","Acrobatics","Cloak And Dagger+1","Escape Plan+1","Hidden Blade+1","expansioncontent:DefensiveStance+1","Fluid Movement","Cloak And Dagger+1","ReplayTheSpireMod:Necrosis+1","Backflip+1","Backflip+1","Pot Of Greed+1","Pot Of Greed+1","Pot Of Greed+1","Prepared+1","Blade Dance+1","ReplayTheSpireMod:Scrap Shanks+1","Deep Breath+1","Calculated Gamble+1","Hidden Blade+1","Setup+1","Cloak And Dagger+1","Slice","Swift Strike","Replay:SS_fish_2+1","Pot Of Greed+1","Slice+1","Concentrate+1","Shame","Envenom","ReplayTheSpireMod:Black Plague+1"],"relics":["Astrolabe","Iron Hammer","Meat on the Bone","Toxic Egg 2","Busted Crown","hubris:MobiusCoin","Grinning Jar","Nunchaku","infinitespire:EvilPickle","Coffee Dripper","hubris:BundleOfHerbs","Turnip","infinitespire:FocusingShard","Toy Ornithopter","MealTicket","Mummified Hand","ReplayTheSpireMod:SealedPack"],"acts_visited":["Exordium","TheCity","TheBeyond","Exordium"],"potions_floor_usage":[3,5,6,7,11,11,11,12,14,16,16,18,19,19,20,20,21,22,22,23,23,25,29,33,33,33,33,38,39,40,42,44,45,47,48,48,50,50,50,50],"damage_taken":[{"damage":2,"enemies":"Cultist","floor":1,"turns":6},{"damage":1,"enemies":"2 Louse","floor":2,"turns":3},{"damage":1,"enemies":"Small Slimes","floor":3,"turns":4},{"damage":0,"enemies":"2 Fungi Beasts","floor":5,"turns":5},{"damage":0,"enemies":"3 Louse","floor":6,"turns":4},{"damage":2,"enemies":"Lagavulin","floor":7,"turns":6},{"damage":0,"enemies":"3 Sentries","floor":11,"turns":6},{"damage":0,"enemies":"Lots of Slimes","floor":12,"turns":1},{"damage":0,"enemies":"2 Fungi Beasts","floor":14,"turns":4},{"damage":0,"enemies":"The Guardian","floor":16,"turns":9},{"damage":0,"enemies":"Spheric Guardian","floor":18,"turns":6},{"damage":0,"enemies":"Shell Parasite","floor":19,"turns":2},{"damage":0,"enemies":"Shelled Parasite and Fungi","floor":20,"turns":6},{"damage":2,"enemies":"Snake Plant","floor":21,"turns":7},{"damage":0,"enemies":"Centurion and Healer","floor":22,"turns":9},{"damage":7,"enemies":"Slavers","floor":23,"turns":7},{"damage":0,"enemies":"Snecko","floor":25,"turns":7},{"damage":17,"enemies":"3 Cultists","floor":29,"turns":6},{"damage":1,"enemies":"Chosen and Byrds","floor":31,"turns":5},{"damage":0,"enemies":"Pondfish","floor":33,"turns":8},{"damage":10,"enemies":"3 Darklings","floor":35,"turns":6},{"damage":2,"enemies":"3 Shapes","floor":37,"turns":4},{"damage":2,"enemies":"Writhing Mass","floor":38,"turns":5},{"damage":0,"enemies":"Mind Bloom Boss Battle","floor":39,"turns":4},{"damage":0,"enemies":"Giant Head","floor":40,"turns":4},{"damage":0,"enemies":"Nemesis","floor":42,"turns":6},{"damage":0,"enemies":"3 Darklings","floor":44,"turns":3},{"damage":0,"enemies":"Nightmare","floor":45,"turns":8},{"damage":0,"enemies":"Sphere and 2 Shapes","floor":47,"turns":4},{"damage":0,"enemies":"Transient","floor":48,"turns":5},{"damage":88,"enemies":"Time Eater","floor":50,"turns":11}],"seed_played":"6440478423385871337","potions_obtained":[{"floor":2,"key":"Weak Potion"},{"floor":7,"key":"DuplicationPotion"},{"floor":11,"key":"Explosive Potion"},{"floor":16,"key":"SkillPotion"},{"floor":19,"key":"Energy Potion"},{"floor":21,"key":"SteroidPotion"},{"floor":23,"key":"Dexterity Potion"},{"floor":31,"key":"DistilledChaos"},{"floor":33,"key":"Weak Potion"},{"floor":38,"key":"PowerPotion"},{"floor":42,"key":"BlessingOfTheForge"},{"floor":48,"key":"SteroidPotion"}],"is_trial":false,"path_per_floor":["M","M","M","$","M","M","E","R","T","?","E","M","$","M","R","B",null,"M","M","M","M","M","E","?","M","T","?","?","M","R","M","R","B",null,"M","$","M","M","?","E","R","E","T","M","NM","?","M","M","R","B",null],"character_chosen":"THE_SILENT","items_purchased":["expansioncontent:DefensiveStance","Fluid Movement","Blade Dance+1","ReplayTheSpireMod:Scrap Shanks","Deep Breath+1","hubris:BundleOfHerbs"],"campfire_rested":0,"item_purchase_floors":[13,13,36,36,36,36],"current_hp_per_floor":[61,60,59,59,59,59,57,57,57,57,57,57,57,57,57,57,67,67,67,67,65,65,58,58,58,58,58,58,41,41,40,40,40,63,53,53,69,67,67,67,67,67,67,70,70,60,65,70,70,31,60,60],"gold":658,"neow_bonus":"BOSS_RELIC","is_daily":false,"chose_seed":false,"campfire_upgraded":5,"win_rate":0.0,"timestamp":1610213087,"path_taken":["M","M","M","?","M","M","E","R","T","?","E","M","$","M","R","BOSS","M","M","?","M","M","E","?","M","T","?","?","M","R","M","R","BOSS","M","$","?","M","?","E","R","E","T","M","NM","?","M","M","R","BOSS"],"items_purchased_type":["Card","Card","Card","Card","Card","Relic"],"build_version":"2020-12-22","purchased_purges":3,"victory":false,"max_hp_per_floor":[70,70,70,70,70,70,70,70,70,70,70,70,70,70,70,70,70,70,70,70,70,70,70,70,70,70,70,70,70,70,70,70,70,70,70,70,70,70,70,70,70,70,70,70,70,70,70,70,70,70,70,70],"card_choices":[{"not_picked":["PiercingWail","Tactician"],"picked":"Hidden Blade","floor":1},{"not_picked":["Deadly Poison","Slice"],"picked":"Cloak And Dagger","floor":2},{"not_picked":["Hidden Blade","Sucker Punch"],"picked":"Footwork","floor":3},{"not_picked":["PiercingWail","Backflip"],"picked":"Replay:Bag of Tricks","floor":5},{"not_picked":["Underhanded Strike","Well Laid Plans"],"picked":"Acrobatics","floor":6},{"not_picked":["Quick Slash","Slice"],"picked":"Cloak And Dagger","floor":7},{"not_picked":["Well Laid Plans","Toxin Wave+1"],"picked":"Escape Plan+1","floor":11},{"not_picked":["hubris:Sniper+1","Masterful Stab"],"picked":"Hidden Blade+1","floor":12},{"not_picked":["Expertise+1","Predator"],"picked":"Cloak And Dagger+1","floor":14},{"not_picked":["A Thousand Cuts","Venomology+1"],"picked":"ReplayTheSpireMod:Necrosis+1","floor":16},{"not_picked":["Underhanded Strike"],"picked":"SKIP","floor":18},{"not_picked":["Outmaneuver+1"],"picked":"SKIP","floor":19},{"not_picked":[],"picked":"Backflip+1","floor":20},{"not_picked":[],"picked":"Backflip+1","floor":21},{"not_picked":["Underhanded Strike"],"picked":"SKIP","floor":22},{"not_picked":["ReplayTheSpireMod:Exploit Weakness+1"],"picked":"SKIP","floor":23},{"not_picked":["Die Die Die"],"picked":"SKIP","floor":25},{"not_picked":["Cloak And Dagger+1"],"picked":"SKIP","floor":29},{"not_picked":["Poisoned Stab"],"picked":"SKIP","floor":31},{"not_picked":[],"picked":"Prepared+1","floor":35},{"not_picked":[],"picked":"Calculated Gamble+1","floor":37},{"not_picked":["Backstab"],"picked":"SKIP","floor":38},{"not_picked":[],"picked":"Hidden Blade+1","floor":39},{"not_picked":["PiercingWail+1"],"picked":"SKIP","floor":40},{"not_picked":[],"picked":"Setup+1","floor":42},{"not_picked":[],"picked":"Cloak And Dagger+1","floor":44},{"not_picked":[],"picked":"Slice","floor":45},{"not_picked":[],"picked":"Swift Strike","floor":46},{"not_picked":[],"picked":"Replay:SS_fish_2+1","floor":46},{"not_picked":[],"picked":"Slice+1","floor":47},{"not_picked":[],"picked":"Concentrate+1","floor":48},{"not_picked":[],"picked":"Envenom","floor":51},{"not_picked":[],"picked":"ReplayTheSpireMod:Black Plague","floor":51}],"player_experience":144346,"relics_obtained":[{"floor":7,"key":"Iron Hammer"},{"floor":9,"key":"Meat on the Bone"},{"floor":11,"key":"Toxic Egg 2"},{"floor":23,"key":"hubris:MobiusCoin"},{"floor":26,"key":"Nunchaku"},{"floor":39,"key":"Turnip"},{"floor":40,"key":"infinitespire:FocusingShard"},{"floor":42,"key":"Toy Ornithopter"},{"floor":43,"key":"MealTicket"},{"floor":45,"key":"Mummified Hand"}],"event_choices":[{"damage_healed":0,"gold_gain":275,"player_choice":"Desecrate","damage_taken":0,"max_hp_gain":0,"max_hp_loss":0,"event_name":"Golden Shrine","floor":10,"gold_loss":0,"cards_obtained":["Regret"]},{"damage_healed":0,"gold_gain":0,"player_choice":"Obtained Relic","damage_taken":0,"relics_obtained":["Grinning Jar"],"max_hp_gain":0,"max_hp_loss":0,"event_name":"Addict","floor":24,"gold_loss":85},{"cards_removed":["Defend_G"],"damage_healed":0,"gold_gain":0,"player_choice":"Purged","damage_taken":0,"max_hp_gain":0,"max_hp_loss":0,"event_name":"Purifier","floor":28,"gold_loss":0},{"damage_healed":0,"gold_gain":0,"player_choice":"Fight","damage_taken":0,"max_hp_gain":0,"max_hp_loss":0,"event_name":"MindBloom","floor":39,"gold_loss":0},{"damage_healed":0,"gold_gain":0,"player_choice":"Memory 3","damage_taken":10,"max_hp_gain":0,"max_hp_loss":0,"event_name":"SensoryStone","floor":46,"gold_loss":0}],"is_beta":false,"boss_relics":[{"not_picked":["Snecko Scales","hubris:GrandSneckoEye"],"picked":"Busted Crown"},{"not_picked":["infinitespire:Cupcake","hubris:Stopwatch"],"picked":"Coffee Dripper"},{"not_picked":["Replay:Drink Me","Snecko Eye"],"picked":"ReplayTheSpireMod:SealedPack"}],"items_purged_floors":[4,13,36],"is_endless":true,"potions_floor_spawned":[2,7,11,16,19,21,23,31,33,38,40,42,47,48],"ascension_level":8}}