{"host":"fxh4234sf5pb3xr6","time":1610167215,"event":{"mods":["AchievementEnabler","BaseMod","Colored Map","Colored Powertips","Minty Spire (QoL Compilation)","Rare Cards Sparkle","StSLib"],"gold_per_floor":[117,128,128,128,143,173,173,173,173],"floor_reached":8,"playtime":407,"items_purged":[],"score":70,"play_id":"9a36c6f9-3b5b-43f1-a1fb-83bb491a5806","local_time":"20210108234015","is_ascension_mode":true,"campfire_choices":[{"floor":7,"key":"REST"}],"circlet_count":0,"master_deck":["Strike_G","Strike_G","Strike_G","Strike_G","Strike_G","Defend_G","Defend_G","Defend_G","Defend_G","Survivor","Neutralize","Bullet Time","Poisoned Stab","Skewer","Cloak And Dagger","Dagger Spray"],"relics":["Ring of the Snake","MealTicket","Sundial"],"acts_visited":["Exordium"],"potions_floor_usage":[8],"damage_taken":[{"damage":0,"enemies":"2 Louse","floor":1,"turns":3},{"damage":0,"enemies":"Jaw Worm","floor":2,"turns":5},{"damage":0,"enemies":"Cultist","floor":5,"turns":2},{"damage":31,"enemies":"3 Sentries","floor":6,"turns":12},{"damage":35,"enemies":"Lagavulin","floor":8,"turns":8}],"seed_played":"5901157739767525771","potions_obtained":[{"floor":2,"key":"Energy Potion"},{"floor":6,"key":"Weak Potion"}],"is_trial":false,"path_per_floor":["M","M","?","?","M","E","R","E"],"character_chosen":"THE_SILENT","items_purchased":[],"campfire_rested":1,"item_purchase_floors":[],"current_hp_per_floor":[70,70,45,45,45,14,35,0,0],"gold":173,"neow_bonus":"ONE_RANDOM_RARE_CARD","is_daily":false,"chose_seed":false,"campfire_upgraded":0,"win_rate":0.0,"timestamp":1610167215,"path_taken":["M","M","?","?","M","E","R","E"],"items_purchased_type":[],"build_version":"2020-12-22","purchased_purges":0,"victory":false,"max_hp_per_floor":[70,70,70,70,70,70,70,70,70],"card_choices":[{"not_picked":["Underhanded Strike","Choke","Bane"],"picked":"SKIP","floor":1},{"not_picked":["Backflip","Tactician"],"picked":"Poisoned Stab","floor":2},{"not_picked":["Expertise","Slice"],"picked":"Cloak And Dagger","floor":5},{"not_picked":["Eviscerate","Dagger Throw"],"picked":"Dagger Spray","floor":6}],"player_experience":336375,"relics_obtained":[{"floor":6,"key":"Sundial"}],"event_choices":[{"damage_healed":0,"gold_gain":0,"player_choice":"Success","damage_taken":25,"relics_obtained":["MealTicket"],"max_hp_gain":0,"max_hp_loss":0,"event_name":"Scrap Ooze","floor":3,"gold_loss":0},{"damage_healed":0,"gold_gain":0,"cards_transformed":["Defend_G"],"player_choice":"Transformed","damage_taken":0,"max_hp_gain":0,"max_hp_loss":0,"event_name":"Transmorgrifier","floor":4,"gold_loss":0,"cards_obtained":["Skewer"]}],"is_beta":false,"boss_relics":[],"items_purged_floors":[],"is_endless":false,"potions_floor_spawned":[2,6],"killed_by":"Lagavulin","ascension_level":5}}