{"host":"ln76an1o32p2wxtf","time":1610172518,"event":{"mods":["AchievementEnabler","Act Like it!","BaseMod","BetterRewards","Colored Powertips","Energized Spire","GifTheSpireLib","Infinite Spire","Minty Spire (QoL Compilation)","Shop Mod","StSLib"],"gold_per_floor":[109,59,59,159,169,204,204,223,247,272,272],"floor_reached":10,"playtime":259,"items_purged":[],"score":106,"play_id":"4cb65c13-3d51-4c2c-8aaf-1fd9dee3638b","local_time":"20210109140838","is_ascension_mode":true,"campfire_choices":[{"floor":7,"key":"RECALL"}],"circlet_count":0,"master_deck":["Strike_G","Strike_G","Strike_G","Strike_G","Defend_G","Defend_G","Defend_G","Defend_G","Defend_G","Survivor","Neutralize","Accuracy"],"relics":["Cracked Core","NeowsBlessing","infinitespire:Cubic Diamond","Strawberry","infinitespire:BottledMercury"],"acts_visited":["Exordium"],"potions_floor_usage":[10,10],"damage_taken":[{"damage":0,"enemies":"Jaw Worm","floor":1,"turns":1},{"damage":0,"enemies":"2 Louse","floor":5,"turns":1},{"damage":0,"enemies":"3 Sentries","floor":6,"turns":1},{"damage":0,"enemies":"Small Slimes","floor":8,"turns":5},{"damage":56,"enemies":"Gremlin Nob","floor":10,"turns":7}],"seed_played":"4956657685455571123","potions_obtained":[{"floor":1,"key":"Explosive Potion"},{"floor":5,"key":"GamblersBrew"},{"floor":10,"key":"Explosive Potion"}],"is_trial":false,"path_per_floor":["M","?","?","?","M","E","R","M","T","E"],"character_chosen":"THE_SILENT","items_purchased":[],"campfire_rested":0,"item_purchase_floors":[],"current_hp_per_floor":[70,70,70,70,70,77,77,77,77,21,21],"gold":272,"neow_bonus":"THREE_ENEMY_KILL","is_daily":false,"chose_seed":false,"campfire_upgraded":0,"win_rate":0.0,"timestamp":1610172518,"path_taken":["M","?","?","?","?","E","R","M","T","E"],"items_purchased_type":[],"build_version":"2020-12-22","purchased_purges":0,"victory":false,"max_hp_per_floor":[70,70,70,70,70,77,77,77,77,77,77],"card_choices":[{"not_picked":["Concentrate","Dagger Spray","Terror"],"picked":"SKIP","floor":1},{"not_picked":["Acrobatics","Blur"],"picked":"Accuracy","floor":5},{"not_picked":["Quick Slash","Catalyst","Riddle With Holes"],"picked":"SKIP","floor":6},{"not_picked":["Escape Plan","Riddle With Holes","Dagger Throw"],"picked":"SKIP","floor":8}],"player_experience":717571,"relics_obtained":[{"floor":6,"key":"Strawberry"},{"floor":10,"key":"infinitespire:BottledMercury"}],"event_choices":[{"cards_removed":["Strike_G"],"damage_healed":0,"gold_gain":0,"player_choice":"Card Removal","damage_taken":0,"max_hp_gain":0,"max_hp_loss":0,"event_name":"The Cleric","floor":2,"gold_loss":50},{"damage_healed":0,"gold_gain":100,"player_choice":"Pray","damage_taken":0,"max_hp_gain":0,"max_hp_loss":0,"event_name":"Golden Shrine","floor":4,"gold_loss":0}],"is_beta":false,"boss_relics":[],"items_purged_floors":[],"is_endless":false,"potions_floor_spawned":[1,5,10],"killed_by":"Gremlin Nob","ascension_level":1}}