{"host":"3rixevx6n8b56xaj","time":1610163473,"event":{"mods":["2.2 Compatiblity","AchievementEnabler","Arknights The Spire","BaseMod","Colored Map","DeckTracker","Friendly Minions","Minty Spire (QoL Compilation)","Poor People Problems","StSLib","SuperFastMode"],"gold_per_floor":[13,29,129,149,163,163,338,354,354,354,228,228,239,264,264,364,364,381,381,55,68,78,91,125,125,125,145,145,145],"floor_reached":28,"playtime":872,"items_purged":["Doubt","Strike_P"],"score":242,"play_id":"8747f5a5-0f00-488f-a58c-5e823ca069f7","local_time":"20210109123753","is_ascension_mode":false,"campfire_choices":[{"data":"Eruption","floor":6,"key":"SMITH"},{"data":"TalkToTheHand","floor":10,"key":"SMITH"},{"data":"EmptyFist","floor":12,"key":"SMITH"},{"floor":15,"key":"RECALL"}],"circlet_count":0,"master_deck":["Strike_P","Defend_P","Eruption+1","Vigilance","TalkToTheHand+1","EmptyFist+1","Evaluate+1","InnerPeace+1","Prostrate+1","Devotion","Alpha+1","CarveReality+1","Crescendo+1","MentalFortress","Prostrate+1","Brilliance","Necronomicurse","FollowUp"],"relics":["PureWater","Toxic Egg 2","TungstenRod","Astrolabe","Lantern","Bottled Lightning","Necronomicon"],"acts_visited":["Exordium","TheCity"],"potions_floor_usage":[22,24,28,28],"damage_taken":[{"damage":0,"enemies":"Jaw Worm","floor":1,"turns":4},{"damage":0,"enemies":"Cultist","floor":2,"turns":3},{"damage":1,"enemies":"2 Louse","floor":4,"turns":2},{"damage":6,"enemies":"Large Slime","floor":5,"turns":5},{"damage":10,"enemies":"Gremlin Gang","floor":8,"turns":6},{"damage":5,"enemies":"3 Louse","floor":13,"turns":3},{"damage":11,"enemies":"3 Sentries","floor":14,"turns":8},{"damage":15,"enemies":"The Guardian","floor":16,"turns":8},{"damage":6,"enemies":"3 Byrds","floor":18,"turns":4},{"damage":0,"enemies":"Chosen","floor":21,"turns":4},{"damage":11,"enemies":"Shelled Parasite and Fungi","floor":22,"turns":4},{"damage":3,"enemies":"3 Cultists","floor":23,"turns":3},{"damage":35,"enemies":"Gremlin Leader","floor":24,"turns":4},{"damage":7,"enemies":"Centurion and Healer","floor":27,"turns":4},{"damage":7,"enemies":"Book of Stabbing","floor":28,"turns":3}],"seed_played":"2168718302505428225","potions_obtained":[{"floor":1,"key":"Dexterity Potion"},{"floor":14,"key":"DuplicationPotion"},{"floor":16,"key":"PowerPotion"},{"floor":22,"key":"Fruit Juice"},{"floor":27,"key":"SkillPotion"}],"is_trial":false,"path_per_floor":["M","M","?","M","M","R","?","M","T","R","$","R","M","E","R","B",null,"M","?","$","M","M","M","E","?","T","M","E"],"character_chosen":"WATCHER","items_purchased":["Evaluate+1","MentalFortress","Lantern"],"campfire_rested":0,"item_purchase_floors":[11,20,20],"current_hp_per_floor":[72,72,72,71,65,65,65,55,55,55,55,55,50,39,39,24,72,66,66,66,66,60,57,22,10,10,3,0,0],"gold":145,"neow_bonus":"REMOVE_TWO","is_daily":false,"chose_seed":false,"campfire_upgraded":3,"win_rate":0.0,"timestamp":1610163473,"path_taken":["M","M","?","?","M","R","?","M","T","R","$","R","M","E","R","BOSS","M","?","$","M","?","M","E","?","T","M","E"],"items_purchased_type":["Card","Card","Relic"],"build_version":"2020-12-22","purchased_purges":2,"victory":false,"max_hp_per_floor":[72,72,72,72,72,72,72,72,72,72,72,72,72,72,72,72,72,72,72,72,72,77,77,77,77,77,77,77,77],"card_choices":[{"not_picked":["BowlingBash","EmptyMind"],"picked":"TalkToTheHand","floor":1},{"not_picked":["LikeWater","Study"],"picked":"EmptyFist","floor":2},{"not_picked":["Perseverance","Protect","SashWhip"],"picked":"SKIP","floor":4},{"not_picked":["Conclude","FlyingSleeves","ThirdEye"],"picked":"SKIP","floor":5},{"not_picked":["Consecrate","Meditate","ReachHeaven"],"picked":"SKIP","floor":8},{"not_picked":["MasterReality","Protect+1"],"picked":"InnerPeace+1","floor":13},{"not_picked":["Weave","LikeWater"],"picked":"Prostrate+1","floor":14},{"not_picked":["LessonLearned","Ragnarok"],"picked":"Devotion","floor":16},{"not_picked":["ReachHeaven","Consecrate","Weave"],"picked":"SKIP","floor":18},{"not_picked":["JustLucky+1","ForeignInfluence+1","PathToVictory+1"],"picked":"SKIP","floor":21},{"not_picked":["Consecrate","ThirdEye+1","BattleHymn+1"],"picked":"SKIP","floor":22},{"not_picked":["CrushJoints","ThirdEye+1"],"picked":"Prostrate+1","floor":23},{"not_picked":["Protect+1","Crescendo+1"],"picked":"Brilliance","floor":24},{"not_picked":["Prostrate+1","Worship+1"],"picked":"FollowUp","floor":27}],"player_experience":607548,"relics_obtained":[{"floor":9,"key":"Toxic Egg 2"},{"floor":14,"key":"TungstenRod"},{"floor":24,"key":"Bottled Lightning"},{"floor":25,"key":"Necronomicon"}],"event_choices":[{"damage_healed":0,"gold_gain":100,"player_choice":"Gold","damage_taken":0,"max_hp_gain":0,"max_hp_loss":0,"event_name":"Wheel of Change","floor":3,"gold_loss":0},{"damage_healed":0,"gold_gain":175,"player_choice":"AGREE","damage_taken":0,"max_hp_gain":0,"max_hp_loss":0,"event_name":"Liars Game","floor":7,"gold_loss":0,"cards_obtained":["Doubt"]},{"damage_healed":0,"gold_gain":0,"player_choice":"Got Potions","damage_taken":0,"max_hp_gain":0,"max_hp_loss":0,"event_name":"Lab","floor":19,"gold_loss":0},{"damage_healed":0,"gold_gain":0,"player_choice":"Obtained Book","damage_taken":16,"max_hp_gain":0,"max_hp_loss":0,"event_name":"Cursed Tome","floor":25,"gold_loss":0}],"is_beta":false,"boss_relics":[{"not_picked":["Sozu","SacredBark"],"picked":"Astrolabe"}],"items_purged_floors":[11,20],"is_endless":false,"potions_floor_spawned":[1,14,16,22,27],"killed_by":"Book of Stabbing","ascension_level":0}}