{"host":"oeotdbd679q6m6vu","time":1610222296,"event":{"mods":["Act Like it!","BaseMod","Colored Map","Friendly Minions","Gensokyo","GifTheSpireLib","Highlight Path","HololiveMod","Kiyohime£®«Âºß£©","Lobotomy","Marisa£®ÏF”Í°°ƒß¿Ì…≥£©","Minty Spire (QoL Compilation)","Prisma Mod","READ ME - Guardian Mod","Rare Cards Sparkle","Reimu£®≤©¿ˆ¡È√Œ£©","StSLib","The Animator","Youmu£®ªÍ∆«—˝√Œ£©"],"gold_per_floor":[117,18,18,18,36,68,68,68,93,105,105,116,143,158,158,263,263,273,273,273,34,34,34,60,60,60,60,60],"floor_reached":27,"playtime":1424,"items_purged":[],"score":312,"play_id":"d901b933-491e-45ba-9f88-527d0445af81","local_time":"20210109145816","is_ascension_mode":false,"campfire_choices":[{"data":"PowerUp","floor":11,"key":"SMITH"},{"data":"UltimateShortwave","floor":15,"key":"SMITH"},{"data":"Night Terror","floor":23,"key":"SMITH"},{"data":"1","floor":25,"key":"LIFT"}],"circlet_count":0,"master_deck":["Strike_MRS+1","Strike_MRS+1","Strike_MRS+1","Strike_MRS+1","Defend_MRS","Defend_MRS","MasterSpark+1","UpSweep","PowerUp+1","UltimateShortwave+1","IllusionStar","FinalSpark","StarBarrage","Gensokyo:FourOfAKind","Gensokyo:FourOfAKind","Gensokyo:FourOfAKind","Gensokyo:FourOfAKind","Gensokyo:Shovel","Night Terror+1","Acceleration+1","PowerUp"],"relics":["MiniHakkero","Gensokyo:MarisaImprobabilityPotion","Calipers","Nunchaku","Art of War","AmplifyWand","SlaversCollar","Gensokyo:ChorusOfJoy","Toolbox","Girya","Dream Catcher"],"acts_visited":["Exordium","Gensokyo:Gensokyo"],"potions_floor_usage":[13],"damage_taken":[{"damage":2,"enemies":"Gensokyo:Gryphon","floor":1,"turns":3},{"damage":8,"enemies":"Gensokyo:2_Kodama","floor":5,"turns":4},{"damage":13,"enemies":"Gensokyo:Mamizou","floor":6,"turns":7},{"damage":0,"enemies":"Gensokyo:Python","floor":10,"turns":2},{"damage":0,"enemies":"Gensokyo:VengefulSpirit","floor":12,"turns":2},{"damage":5,"enemies":"Gensokyo:Cirno","floor":13,"turns":5},{"damage":0,"enemies":"Gensokyo:LivingMonolith","floor":14,"turns":2},{"damage":5,"enemies":"Gensokyo:Reimu","floor":16,"turns":8},{"damage":0,"enemies":"Gensokyo:Chomper","floor":18,"turns":3},{"damage":43,"enemies":"Gensokyo:Tenshi","floor":24,"turns":4},{"damage":0,"enemies":"Gensokyo:Reisen","floor":27,"turns":2}],"seed_played":"-8855464434461760808","potions_obtained":[{"floor":5,"key":"SpeedPotion"},{"floor":6,"key":"SteroidPotion"},{"floor":13,"key":"FairyPotion"}],"is_trial":false,"path_per_floor":["M","COS","?","?","M","E","T","R","T","M","R","M","E","M","R","B",null,"M","?","?","COS","?","R","E","R","T","E"],"character_chosen":"MARISA","items_purchased":[],"campfire_rested":0,"item_purchase_floors":[],"current_hp_per_floor":[52,52,52,30,22,9,9,9,9,9,9,9,4,4,4,22,75,75,75,53,53,48,48,5,5,5,5,5],"gold":60,"neow_bonus":"REMOVE_TWO","is_daily":false,"chose_seed":false,"campfire_upgraded":3,"win_rate":0.0,"timestamp":1610222296,"path_taken":["M","COS","?","?","M","E","?","R","T","M","R","M","E","M","R","BOSS","M","?","?","COS","?","R","E","R","T","E"],"items_purchased_type":[],"build_version":"2020-12-22","purchased_purges":0,"victory":false,"max_hp_per_floor":[75,75,75,75,75,75,75,75,75,75,75,75,75,75,75,75,75,75,75,53,53,53,53,53,53,53,53,53],"card_choices":[{"not_picked":["NonDirectionalLaser","SporeBomb"],"picked":"6A","floor":1},{"not_picked":["6A","OrrerysSun"],"picked":"PowerUp","floor":5},{"not_picked":["CollectingQuirk","SuperNova"],"picked":"UltimateShortwave","floor":6},{"not_picked":["Orbital","MeteoricShower"],"picked":"IllusionStar","floor":6},{"not_picked":["GalacticHalo","AsteroidBelt","LuminesStrike"],"picked":"SKIP","floor":10},{"not_picked":["NonDirectionalLaser","SatelliteIllusion","6A"],"picked":"SKIP","floor":12},{"not_picked":["IllusionStar","GalacticHalo","GravityBeat"],"picked":"SKIP","floor":13},{"not_picked":["BlazeAway","SporeBomb","ShootingEcho"],"picked":"SKIP","floor":14},{"not_picked":["CollectingQuirk","JA"],"picked":"FinalSpark","floor":16},{"not_picked":["Acceleration","MeteoricShower"],"picked":"StarBarrage","floor":18},{"not_picked":["GravityBeat+1","ShootingEcho+1"],"picked":"Acceleration+1","floor":24},{"not_picked":["GalacticHalo","UnstableBomb+1"],"picked":"PowerUp","floor":24}],"player_experience":328340,"relics_obtained":[{"floor":6,"key":"Calipers"},{"floor":9,"key":"Nunchaku"},{"floor":13,"key":"AmplifyWand"},{"floor":24,"key":"Girya"},{"floor":26,"key":"Dream Catcher"}],"event_choices":[],"is_beta":false,"boss_relics":[{"not_picked":["Pandora\u0027s Box","Sozu"],"picked":"SlaversCollar"}],"items_purged_floors":[],"is_endless":false,"potions_floor_spawned":[5,6,13],"killed_by":"Gensokyo:Reisen","ascension_level":0}}