{"host":"mydft8i2zzydgggw","time":1610179371,"event":{"mods":["AchievementEnabler","BaseMod","BetterRewards","Colored Map","Colored Powertips","DeckTracker","Keyboard Shortcuts","Minty Spire (QoL Compilation)","Rare Cards Sparkle","StSLib","SuperFastMode","The Poker Player","everything is the same but u backflip on backflip"],"gold_per_floor":[115,115,131,131,8,41,41,41,41,75,75,119,119,21,21,147,147,166,91,115,115,133,133,172,172,199,239,239,258,40,74,74,205,268,288,288,308,641,414,440,490,504,504,504,504,515,515,527,527,527,527],"floor_reached":50,"playtime":1674,"items_purged":["Strike_R","Strike_R","Bash"],"score":769,"play_id":"e63f25be-a21f-4405-b3ec-6d472ab42678","local_time":"20210109170251","is_ascension_mode":true,"campfire_choices":[{"data":"Body Slam","floor":7.0,"key":"SMITH"},{"data":"Shrug It Off","floor":13.0,"key":"SMITH"},{"floor":15.0,"key":"REST"},{"data":"Entrench","floor":23,"key":"SMITH"},{"data":"Armaments","floor":25,"key":"SMITH"},{"data":"Pommel Strike","floor":28,"key":"SMITH"},{"data":"Offering","floor":32,"key":"SMITH"},{"floor":45,"key":"REST"},{"floor":49,"key":"REST"}],"circlet_count":0,"master_deck":["Defend_R","Defend_R","Defend_R+1","Defend_R","Body Slam+1","Shrug It Off+1","Second Wind","Pommel Strike+1","Armaments+1","Offering+1","Entrench+1","Body Slam+1","Ghostly Armor","Double Tap","Power Through","Pommel Strike+1","PanicButton","PanicButton","Infernal Blade+1"],"relics":["Burning Blood","NeowsBlessing","Blue Candle","Bronze Scales","Bottled Lightning","Eternal Feather","Bird Faced Urn","Runic Cube","Dream Catcher","Toy Ornithopter","MealTicket","Sundial","Tiny House","Happy Flower","Girya"],"acts_visited":["Exordium","TheCity","TheBeyond"],"potions_floor_usage":[16,16,24,27,33,33,40,46,47],"damage_taken":[{"damage":0.0,"enemies":"Cultist","floor":1.0,"turns":1.0},{"damage":0.0,"enemies":"Small Slimes","floor":3.0,"turns":1.0},{"damage":0.0,"enemies":"Gremlin Nob","floor":6.0,"turns":1.0},{"damage":41.0,"enemies":"Lagavulin","floor":10.0,"turns":9.0},{"damage":29.0,"enemies":"Gremlin Nob","floor":12.0,"turns":5.0},{"damage":22,"enemies":"Hexaghost","floor":16,"turns":10},{"damage":7,"enemies":"Shell Parasite","floor":18,"turns":3},{"damage":13,"enemies":"Chosen","floor":20,"turns":4},{"damage":26,"enemies":"Snecko","floor":22,"turns":6},{"damage":17,"enemies":"Book of Stabbing","floor":24,"turns":5},{"damage":19,"enemies":"Slavers","floor":27,"turns":5},{"damage":16,"enemies":"Centurion and Healer","floor":29,"turns":4},{"damage":6,"enemies":"Book of Stabbing","floor":31,"turns":4},{"damage":37,"enemies":"Collector","floor":33,"turns":5},{"damage":6,"enemies":"Orb Walker","floor":35,"turns":1},{"damage":6,"enemies":"3 Shapes","floor":37,"turns":2},{"damage":31,"enemies":"Giant Head","floor":40,"turns":5},{"damage":6,"enemies":"Mind Bloom Boss Battle","floor":41,"turns":1},{"damage":39,"enemies":"Sphere and 2 Shapes","floor":42,"turns":8},{"damage":16,"enemies":"Transient","floor":46,"turns":5},{"damage":0,"enemies":"Reptomancer","floor":47,"turns":2},{"damage":34,"enemies":"3 Darklings","floor":48,"turns":14},{"damage":107,"enemies":"Time Eater","floor":50,"turns":10}],"seed_played":"-4997912416377343590","potions_obtained":[{"floor":6.0,"key":"Fire Potion"},{"floor":12.0,"key":"SpeedPotion"},{"floor":20,"key":"BloodPotion"},{"floor":24,"key":"Energy Potion"},{"floor":29,"key":"Dexterity Potion"},{"floor":31,"key":"GamblersBrew"},{"floor":34,"key":"SmokeBomb"},{"floor":35,"key":"DistilledChaos"},{"floor":42,"key":"AttackPotion"}],"is_trial":false,"path_per_floor":["M","?","M","?","$","E","R","T","T","E","?","E","R","$","R","B",null,"M","?","M","?","M","R","E","R","T","E","R","M","$","E","R","B",null,"M","?","M","?","$","E","?","M","T","?","R","M","E","M","R","B"],"character_chosen":"IRONCLAD","items_purchased":["Shrug It Off","Armaments","SkillPotion","Ghostly Armor","Block Potion","FairyPotion"],"campfire_rested":3,"item_purchase_floors":[5,14,14,30,30,39],"current_hp_per_floor":[80,80,80,73,73,79,79,79,79,44,44,21,27,27,55,39,74,73,73,66,66,46,52,55,61,61,53,59,49,64,64,70,49,79,79,79,79,79,79,54,54,21,21,11,43,38,49,21,53,0,0],"gold":527,"neow_bonus":"THREE_ENEMY_KILL","is_daily":false,"chose_seed":false,"campfire_upgraded":6,"win_rate":0.0,"timestamp":1610179371,"path_taken":["M","?","?","?","$","E","R","?","T","E","?","E","R","$","R","BOSS","M","?","M","?","M","R","E","R","T","E","R","M","$","E","R","BOSS","M","?","?","?","$","E","?","M","T","?","R","M","E","M","R","BOSS"],"items_purchased_type":["Card","Card","Potion","Card","Potion","Potion"],"build_version":"2020-12-22","purchased_purges":3,"victory":false,"max_hp_per_floor":[80,80,80,80,80,80,80,80,80,80,74,74,74,74,74,74,74,74,74,74,74,74,74,74,74,74,74,74,74,74,74,74,74,79,79,79,79,79,79,79,79,79,79,79,79,79,79,79,79,79,79],"card_choices":[{"not_picked":["Heavy Blade","Sentinel"],"picked":"Body Slam","floor":1.0},{"not_picked":["Blood for Blood","Twin Strike","Searing Blow"],"picked":"SKIP","floor":3.0},{"not_picked":["Reaper","Anger","Fire Breathing"],"picked":"SKIP","floor":6.0},{"not_picked":["Rampage","Entrench"],"picked":"Second Wind","floor":10.0},{"not_picked":["Clash","Entrench"],"picked":"Pommel Strike","floor":12.0},{"not_picked":["Reaper","Berserk"],"picked":"Offering","floor":16},{"not_picked":["Anger","Flex"],"picked":"Entrench","floor":18},{"not_picked":["Armaments+1","Seeing Red"],"picked":"Body Slam+1","floor":20},{"not_picked":["Iron Wave+1","Armaments","Sword Boomerang"],"picked":"SKIP","floor":22},{"not_picked":["Iron Wave","Dropkick","Burning Pact+1"],"picked":"SKIP","floor":24},{"not_picked":["Bludgeon","Clothesline","Entrench"],"picked":"SKIP","floor":27},{"not_picked":["Havoc","Spot Weakness","Cleave"],"picked":"SKIP","floor":29},{"not_picked":["Havoc","Intimidate+1","Clash"],"picked":"SKIP","floor":31},{"not_picked":["Corruption","Barricade"],"picked":"Double Tap","floor":33},{"not_picked":["Inflame","Spot Weakness"],"picked":"Power Through","floor":34},{"not_picked":["Fire Breathing","Pommel Strike+1","Thunderclap"],"picked":"SKIP","floor":35},{"not_picked":["Wild Strike+1","Pommel Strike","Thunderclap+1"],"picked":"SKIP","floor":37},{"not_picked":["Cleave","Clothesline","Armaments+1"],"picked":"SKIP","floor":40},{"not_picked":["Battle Trance","Shockwave"],"picked":"Pommel Strike+1","floor":41},{"not_picked":["Offering","Rage","Wild Strike+1"],"picked":"SKIP","floor":42},{"not_picked":["Dramatic Entrance","Metamorphosis"],"picked":"PanicButton","floor":44},{"not_picked":["Madness","Bandage Up"],"picked":"PanicButton","floor":44},{"not_picked":["Wild Strike","Pommel Strike","Body Slam"],"picked":"SKIP","floor":46},{"not_picked":["Heavy Blade","Anger","Clothesline"],"picked":"SKIP","floor":48},{"not_picked":["Warcry","Bloodletting"],"picked":"Infernal Blade+1","floor":49}],"player_experience":154716,"relics_obtained":[{"floor":6.0,"key":"Blue Candle"},{"floor":8.0,"key":"Bronze Scales"},{"floor":9.0,"key":"Bottled Lightning"},{"floor":10.0,"key":"Eternal Feather"},{"floor":12.0,"key":"Bird Faced Urn"},{"floor":24,"key":"Dream Catcher"},{"floor":26,"key":"Toy Ornithopter"},{"floor":27,"key":"MealTicket"},{"floor":31,"key":"Sundial"},{"floor":40,"key":"Happy Flower"},{"floor":41,"key":"Girya"}],"event_choices":[{"cards_removed":["Strike_R"],"damage_healed":0.0,"max_hp_gain":0.0,"max_hp_loss":0.0,"gold_gain":0.0,"event_name":"Purifier","player_choice":"Purged","floor":2.0,"gold_loss":0.0,"damage_taken":0.0},{"cards_removed":["Strike_R"],"damage_healed":0.0,"max_hp_gain":0.0,"max_hp_loss":0.0,"gold_gain":0.0,"event_name":"Golden Wing","player_choice":"Card Removal","floor":4.0,"gold_loss":0.0,"damage_taken":7.0},{"damage_healed":0.0,"max_hp_gain":0.0,"max_hp_loss":6.0,"gold_gain":0.0,"event_name":"Golden Idol","player_choice":"Lose Max HP","floor":11.0,"gold_loss":0.0,"damage_taken":0.0,"relics_obtained":["Golden Idol"]},{"cards_removed":["Strike_R"],"damage_healed":0,"gold_gain":0,"player_choice":"Gave Gold","damage_taken":0,"max_hp_gain":0,"max_hp_loss":0,"event_name":"Beggar","floor":19,"gold_loss":75},{"damage_healed":0,"gold_gain":0,"player_choice":"Ignored","damage_taken":0,"max_hp_gain":0,"max_hp_loss":0,"event_name":"Vampires","floor":21,"gold_loss":0},{"damage_healed":0,"gold_gain":0,"player_choice":"Ignored","damage_taken":0,"max_hp_gain":0,"max_hp_loss":0,"event_name":"SecretPortal","floor":36,"gold_loss":0},{"damage_healed":0,"gold_gain":333,"player_choice":"Gave Idol","damage_taken":0,"max_hp_gain":0,"max_hp_loss":0,"event_name":"The Moai Head","floor":38,"relics_lost":["Golden Idol"],"gold_loss":0},{"damage_healed":0,"gold_gain":0,"player_choice":"Fight","damage_taken":0,"max_hp_gain":0,"max_hp_loss":0,"event_name":"MindBloom","floor":41,"gold_loss":0},{"damage_healed":0,"gold_gain":0,"player_choice":"Memory 3","damage_taken":10,"max_hp_gain":0,"max_hp_loss":0,"event_name":"SensoryStone","floor":44,"gold_loss":0}],"is_beta":false,"boss_relics":[{"not_picked":["Black Blood","Busted Crown"],"picked":"Runic Cube"},{"not_picked":["Coffee Dripper","Snecko Eye"],"picked":"Tiny House"}],"items_purged_floors":[5,30,39],"is_endless":false,"potions_floor_spawned":[6,12,20,24,29,31,35,42],"killed_by":"Time Eater","ascension_level":3}}