{"host":"08t08ld674si40tv","time":1610179655,"event":{"mods":["AchievementEnabler","BaseMod","Colored Map","Minty Spire (QoL Compilation)","StSLib","SuperFastMode"],"gold_per_floor":[168,180,180,193,39,39,71,96,96,429,442,460,471,502,502,576,576,592,622,537,549,168,201,212,247,329,28,43,60,60,73,73,146,146,157,170,184,199,218,250,96,96,96,128,350,363,393,393,393,393,393,393,393,8100,8127,8127],"floor_reached":57,"playtime":2479,"items_purged":["Strike_G","Sucker Punch","Sucker Punch","Masterful Stab","Cloak And Dagger+1"],"score":3237,"play_id":"959f53e0-7cf5-4c1c-bf36-65bc7c56e7a1","local_time":"20210109170735","is_ascension_mode":true,"campfire_choices":[{"data":"Noxious Fumes","floor":6,"key":"SMITH"},{"data":"Catalyst","floor":15,"key":"SMITH"},{"data":"Well Laid Plans","floor":30,"key":"SMITH"},{"data":"Footwork","floor":32,"key":"SMITH"},{"floor":42,"key":"RECALL"},{"data":"Deadly Poison","floor":49,"key":"SMITH"},{"data":"Survivor","floor":53,"key":"SMITH"}],"circlet_count":0,"master_deck":["AscendersBane","Survivor+1","Neutralize+1","Catalyst+1","Deadly Poison+1","Noxious Fumes+1","Footwork+1","Prepared+1","Malaise+1","Dodge and Roll+1","Blur+1","Deflect+1","Leg Sweep+1","After Image+1","Well Laid Plans+1","Crippling Poison+1","Acrobatics+1","Burst+1","Bouncing Flask+1","Escape Plan+1","Backflip+1","Malaise+1","Reflex+1"],"relics":["Ring of the Snake","Incense Burner","Black Star","Meat on the Bone","Toy Ornithopter","Odd Mushroom","HornCleat","Orichalcum","Old Coin","Regal Pillow","Toxic Egg 2","Pandora\u0027s Box","Red Mask","StrikeDummy","OrangePellets","Nunchaku","Singing Bowl","MealTicket","Omamori","The Courier","Chemical X","HoveringKite","Bird Faced Urn","Snake Skull","Mummified Hand","White Beast Statue","Gremlin Horn","Prayer Wheel","Torii","Turnip","TwistedFunnel","Akabeko","Sundial","Pantograph","Blue Candle","Eternal Feather","Lantern","Thread and Needle","Paper Crane","Tough Bandages","Whetstone"],"acts_visited":["Exordium","TheCity","TheBeyond","TheEnding"],"potions_floor_usage":[7,7,19,19,23,35,47,50,56,56],"damage_taken":[{"damage":1,"enemies":"2 Louse","floor":1,"turns":4},{"damage":2,"enemies":"Small Slimes","floor":2,"turns":5},{"damage":0,"enemies":"Jaw Worm","floor":4,"turns":5},{"damage":8,"enemies":"3 Sentries","floor":7,"turns":9},{"damage":3,"enemies":"The Mushroom Lair","floor":8,"turns":5},{"damage":7,"enemies":"Lagavulin","floor":10,"turns":7},{"damage":15,"enemies":"Exordium Wildlife","floor":11,"turns":5},{"damage":7,"enemies":"Lots of Slimes","floor":12,"turns":4},{"damage":0,"enemies":"Large Slime","floor":13,"turns":5},{"damage":10,"enemies":"3 Sentries","floor":14,"turns":7},{"damage":1,"enemies":"Hexaghost","floor":16,"turns":8},{"damage":12,"enemies":"2 Thieves","floor":18,"turns":4},{"damage":15,"enemies":"Masked Bandits","floor":19,"turns":7},{"damage":0,"enemies":"3 Byrds","floor":21,"turns":4},{"damage":4,"enemies":"Gremlin Leader","floor":23,"turns":6},{"damage":0,"enemies":"Centurion and Healer","floor":24,"turns":7},{"damage":6,"enemies":"Book of Stabbing","floor":25,"turns":6},{"damage":0,"enemies":"Snake Plant","floor":28,"turns":4},{"damage":16,"enemies":"Shelled Parasite and Fungi","floor":29,"turns":4},{"damage":0,"enemies":"3 Cultists","floor":31,"turns":4},{"damage":6,"enemies":"Champ","floor":33,"turns":8},{"damage":4,"enemies":"3 Shapes","floor":35,"turns":5},{"damage":0,"enemies":"Orb Walker","floor":36,"turns":2},{"damage":0,"enemies":"Spire Growth","floor":37,"turns":5},{"damage":0,"enemies":"Maw","floor":38,"turns":5},{"damage":6,"enemies":"3 Darklings","floor":39,"turns":4},{"damage":14,"enemies":"Nemesis","floor":40,"turns":5},{"damage":7,"enemies":"Giant Head","floor":44,"turns":6},{"damage":0,"enemies":"Jaw Worm Horde","floor":46,"turns":3},{"damage":9,"enemies":"Nemesis","floor":47,"turns":5},{"damage":0,"enemies":"Time Eater","floor":50,"turns":5},{"damage":0,"enemies":"Donu and Deca","floor":51,"turns":8},{"damage":0,"enemies":"Shield and Spear","floor":55,"turns":7},{"damage":26,"enemies":"The Heart","floor":56,"turns":8}],"seed_played":"-1929923296204763792","potions_obtained":[{"floor":1,"key":"Block Potion"},{"floor":2,"key":"Regen Potion"},{"floor":13,"key":"Energy Potion"},{"floor":14,"key":"Dexterity Potion"},{"floor":19,"key":"Energy Potion"},{"floor":28,"key":"CunningPotion"},{"floor":33,"key":"Fruit Juice"},{"floor":36,"key":"Explosive Potion"},{"floor":38,"key":"AttackPotion"},{"floor":40,"key":"SkillPotion"},{"floor":47,"key":"Weak Potion"},{"floor":55,"key":"Poison Potion"}],"is_trial":false,"path_per_floor":["M","M","?","M","$","R","E","?","T","E","M","M","M","E","R","B",null,"M","?","?","M","$","E","M","E","T","$","M","M","R","M","R","B",null,"M","M","M","M","M","E","$","R","T","E","?","M","E","?","R","B","B",null,"R","$","E","B",null],"character_chosen":"THE_SILENT","items_purchased":["Noxious Fumes","OrangePellets","GhostInAJar","Chemical X","Bouncing Flask+1","Malaise+1","Torii","Turnip","TwistedFunnel","Akabeko","Sundial","Pantograph","Blue Candle","Eternal Feather","Lantern","Thread and Needle","Paper Crane"],"campfire_rested":0,"item_purchase_floors":[5,22,22,27,27,41,54,54,54,54,54,54,54,54,54,54,54],"current_hp_per_floor":[43,41,46,46,46,46,53,50,50,43,40,45,45,47,47,46,65,53,48,48,48,48,51,53,47,47,62,62,48,48,50,50,46,72,80,80,82,84,80,68,83,83,83,82,82,90,91,91,91,100,100,100,100,100,102,79],"gold":8127,"neow_bonus":"ONE_RARE_RELIC","is_daily":false,"chose_seed":false,"campfire_upgraded":6,"win_rate":0.0,"timestamp":1610179655,"path_taken":["M","M","?","M","$","R","E","?","T","E","M","M","M","E","R","BOSS","M","?","?","M","?","E","M","E","T","$","M","M","R","?","R","BOSS","M","M","M","M","M","E","$","R","T","E","?","M","E","?","R","BOSS","BOSS","R","$","E","BOSS"],"items_purchased_type":["Card","Relic","Potion","Relic","Card","Card","Relic","Relic","Relic","Relic","Relic","Relic","Relic","Relic","Relic","Relic","Relic"],"build_version":"2020-12-22","purchased_purges":5,"victory":true,"max_hp_per_floor":[66,66,71,71,71,71,71,71,71,71,71,71,71,71,71,71,71,71,71,71,71,71,73,75,75,75,75,75,77,77,79,79,81,81,88,88,90,92,94,96,96,96,96,96,96,98,100,100,100,100,100,100,100,100,102,102],"card_choices":[{"not_picked":["Flying Knee","Prepared"],"picked":"Catalyst","floor":1},{"not_picked":["Heel Hook","Dagger Throw"],"picked":"Deadly Poison","floor":2},{"not_picked":["Flying Knee","Dagger Spray","Blade Dance"],"picked":"SKIP","floor":4},{"not_picked":["Glass Knife","Choke","Deflect"],"picked":"SKIP","floor":7},{"not_picked":["Cloak And Dagger","Dash","Poisoned Stab"],"picked":"SKIP","floor":10},{"not_picked":["Slice","Prepared","Dagger Spray"],"picked":"SKIP","floor":11},{"not_picked":["Underhanded Strike","Quick Slash","Dodge and Roll"],"picked":"SKIP","floor":12},{"not_picked":["Outmaneuver","Underhanded Strike"],"picked":"Footwork","floor":13},{"not_picked":["Slice","PiercingWail+1"],"picked":"Prepared+1","floor":14},{"not_picked":["Venomology+1","Wraith Form v2"],"picked":"Malaise+1","floor":16},{"not_picked":["Underhanded Strike","Poisoned Stab"],"picked":"Well Laid Plans","floor":18},{"not_picked":["Deadly Poison+1","Endless Agony"],"picked":"Crippling Poison+1","floor":19},{"not_picked":["Deadly Poison+1","Bane"],"picked":"Acrobatics+1","floor":21},{"not_picked":["Glass Knife","Masterful Stab","Endless Agony"],"picked":"Singing Bowl","floor":23},{"not_picked":["Flying Knee","Poisoned Stab+1","Outmaneuver+1"],"picked":"Singing Bowl","floor":24},{"not_picked":["Choke","Outmaneuver+1"],"picked":"Burst+1","floor":25},{"not_picked":["Masterful Stab","Predator"],"picked":"Escape Plan+1","floor":28},{"not_picked":["Slice","Flying Knee","Riddle With Holes"],"picked":"Singing Bowl","floor":29},{"not_picked":["Accuracy","Bane","Poisoned Stab"],"picked":"Singing Bowl","floor":31},{"not_picked":["Phantasmal Killer+1","Wraith Form v2","Tools of the Trade"],"picked":"Singing Bowl","floor":33},{"not_picked":["Blade Dance+1","Slice","Choke"],"picked":"Singing Bowl","floor":35},{"not_picked":["Cloak And Dagger+1","Flying Knee+1"],"picked":"Backflip+1","floor":36},{"not_picked":["Backstab","Crippling Poison+1","Caltrops"],"picked":"Singing Bowl","floor":37},{"not_picked":["Flying Knee","Bane","Endless Agony"],"picked":"Singing Bowl","floor":38},{"not_picked":["Backflip+1","Underhanded Strike","Dagger Throw"],"picked":"Singing Bowl","floor":39},{"not_picked":["Noxious Fumes","Terror+1","Outmaneuver+1"],"picked":"Singing Bowl","floor":40},{"not_picked":["Phantasmal Killer+1","Bane+1"],"picked":"Reflex+1","floor":44},{"not_picked":["Choke+1","Poisoned Stab","Blade Dance+1"],"picked":"Singing Bowl","floor":46},{"not_picked":["Sucker Punch+1","Poisoned Stab+1","Reflex+1"],"picked":"Singing Bowl","floor":47},{"not_picked":["Calculated Gamble+1","Bullet Time+1","Noxious Fumes"],"picked":"Singing Bowl","floor":55}],"player_experience":205249,"relics_obtained":[{"floor":7,"key":"Meat on the Bone"},{"floor":7,"key":"Toy Ornithopter"},{"floor":8,"key":"Odd Mushroom"},{"floor":9,"key":"HornCleat"},{"floor":10,"key":"Orichalcum"},{"floor":10,"key":"Old Coin"},{"floor":14,"key":"Regal Pillow"},{"floor":14,"key":"Toxic Egg 2"},{"floor":19,"key":"Red Mask"},{"floor":23,"key":"Nunchaku"},{"floor":23,"key":"Singing Bowl"},{"floor":25,"key":"MealTicket"},{"floor":25,"key":"Omamori"},{"floor":26,"key":"The Courier"},{"floor":40,"key":"Bird Faced Urn"},{"floor":40,"key":"Snake Skull"},{"floor":44,"key":"Mummified Hand"},{"floor":44,"key":"White Beast Statue"},{"floor":47,"key":"Gremlin Horn"},{"floor":47,"key":"Prayer Wheel"},{"floor":55,"key":"Tough Bandages"},{"floor":55,"key":"Whetstone"}],"event_choices":[{"damage_healed":0,"gold_gain":0,"player_choice":"Donut","damage_taken":0,"max_hp_gain":5,"max_hp_loss":0,"event_name":"Big Fish","floor":3,"gold_loss":0},{"damage_healed":0,"gold_gain":0,"player_choice":"Fought Mushrooms","damage_taken":0,"max_hp_gain":0,"max_hp_loss":0,"event_name":"Mushrooms","floor":8,"gold_loss":0},{"damage_healed":0,"gold_gain":0,"player_choice":"Fought Bandits","damage_taken":0,"max_hp_gain":0,"max_hp_loss":0,"event_name":"Masked Bandits","floor":19,"gold_loss":0},{"damage_healed":0,"gold_gain":0,"player_choice":"Obtained Relic","damage_taken":0,"relics_obtained":["StrikeDummy"],"max_hp_gain":0,"max_hp_loss":0,"event_name":"Addict","floor":20,"gold_loss":85},{"damage_healed":0,"gold_gain":222,"player_choice":"Wore Mask","damage_taken":0,"max_hp_gain":0,"max_hp_loss":0,"event_name":"Tomb of Lord Red Mask","floor":45,"gold_loss":0},{"damage_healed":0,"gold_gain":0,"player_choice":"Forge","damage_taken":0,"max_hp_gain":0,"max_hp_loss":0,"event_name":"Accursed Blacksmith","floor":48,"gold_loss":0,"cards_upgraded":["After Image"]}],"is_beta":false,"boss_relics":[{"not_picked":["Astrolabe","Fusion Hammer"],"picked":"Pandora\u0027s Box"},{"not_picked":["Ring of the Serpent","Velvet Choker"],"picked":"HoveringKite"}],"items_purged_floors":[5,22,27,41,54],"is_endless":false,"potions_floor_spawned":[1,2,4,13,14,19,28,29,31,33,36,38,40,44,46,47,55],"ascension_level":20}}