{"host":"vlqejv0notyktumz","time":1610172576,"event":{"mods":["AchievementEnabler","BaseMod","Googly Eyes","Minty Spire (QoL Compilation)"],"gold_per_floor":[113,113,133,133,147,147,147,147,147,180,59,59,59,78,78,176,176,188,188,207,107,121,121,46,46,73,73,91,107,57,75,75,174,174,174,49,99,99,117,117,130,130,130,144,144,157,157,157,157,157],"floor_reached":51,"playtime":1430,"items_purged":["Strike_P","Strike_P","Strike_P"],"score":705,"play_id":"d73f7311-fb11-4683-b3b6-abe5df01419e","local_time":"20210109000936","is_ascension_mode":true,"campfire_choices":[{"data":"ThirdEye","floor":6,"key":"SMITH"},{"data":"Swivel","floor":8,"key":"SMITH"},{"data":"Eruption","floor":12,"key":"SMITH"},{"data":"TalkToTheHand","floor":15,"key":"SMITH"},{"data":"BattleHymn","floor":23,"key":"SMITH"},{"data":"Vigilance","floor":25,"key":"SMITH"},{"data":"Devotion","floor":27,"key":"SMITH"},{"floor":32,"key":"REST"},{"data":"1","floor":40,"key":"LIFT"},{"floor":42,"key":"REST"},{"data":"2","floor":45,"key":"LIFT"},{"floor":47,"key":"REST"},{"data":"3","floor":49,"key":"LIFT"}],"circlet_count":0,"master_deck":["Defend_P","Defend_P","Eruption+1","Vigilance+1","Swivel+1","SandsOfTime","ThirdEye+1","TalkToTheHand+1","Prostrate+1","Devotion+1","BattleHymn+1","Protect+1","Halt+1","TalkToTheHand+1","SandsOfTime+1","EmptyFist","Devotion","Pray+1","EmptyFist+1","Protect+1","Parasite"],"relics":["HolyWater","Akabeko","White Beast Statue","Toxic Egg 2","Meat on the Bone","Juzu Bracelet","Sozu","Girya","Oddly Smooth Stone"],"acts_visited":["Exordium","TheCity","TheBeyond"],"potions_floor_usage":[5,10,16,16,22,28,28,35],"damage_taken":[{"damage":5,"enemies":"Jaw Worm","floor":1,"turns":4},{"damage":0,"enemies":"2 Louse","floor":3,"turns":2},{"damage":0,"enemies":"Small Slimes","floor":5,"turns":2},{"damage":30,"enemies":"Gremlin Nob","floor":10,"turns":4},{"damage":1,"enemies":"2 Fungi Beasts","floor":14,"turns":3},{"damage":35,"enemies":"Slime Boss","floor":16,"turns":9},{"damage":6,"enemies":"2 Thieves","floor":18,"turns":4},{"damage":0,"enemies":"Chosen","floor":20,"turns":3},{"damage":16,"enemies":"Centurion and Healer","floor":22,"turns":4},{"damage":14,"enemies":"Shelled Parasite and Fungi","floor":28,"turns":4},{"damage":8,"enemies":"Snake Plant","floor":29,"turns":4},{"damage":0,"enemies":"Snecko","floor":31,"turns":4},{"damage":28,"enemies":"Automaton","floor":33,"turns":6},{"damage":0,"enemies":"3 Shapes","floor":35,"turns":2},{"damage":19,"enemies":"Mind Bloom Boss Battle","floor":37,"turns":6},{"damage":12,"enemies":"Orb Walker","floor":39,"turns":2},{"damage":8,"enemies":"Maw","floor":41,"turns":5},{"damage":10,"enemies":"Jaw Worm Horde","floor":44,"turns":4},{"damage":14,"enemies":"Writhing Mass","floor":46,"turns":5},{"damage":43,"enemies":"Time Eater","floor":50,"turns":10}],"seed_played":"2581357133018352885","potions_obtained":[{"floor":1,"key":"ColorlessPotion"},{"floor":5,"key":"Swift Potion"},{"floor":10,"key":"Dexterity Potion"},{"floor":14,"key":"EntropicBrew"},{"floor":16,"key":"SmokeBomb"},{"floor":22,"key":"StancePotion"},{"floor":28,"key":"Fruit Juice"},{"floor":29,"key":"Ancient Potion"}],"is_trial":false,"path_per_floor":["M","?","M","?","M","R","?","R","T","E","$","R","$","M","R","B",null,"M","?","M","$","M","R","?","R","T","R","M","M","$","M","R","B",null,"M","$","?","?","M","R","M","R","T","M","R","M","R","?","R","B",null],"character_chosen":"WATCHER","items_purchased":["Crescendo+1","EmptyFist"],"campfire_rested":3,"item_purchase_floors":[11,30],"current_hp_per_floor":[67,72,72,60,60,60,60,60,60,30,30,30,30,41,41,18,72,66,66,66,66,50,50,50,50,50,50,53,45,45,45,68,40,77,77,77,58,58,46,46,50,73,73,63,63,49,72,72,72,41],"gold":157,"neow_bonus":"RANDOM_COMMON_RELIC","is_daily":false,"chose_seed":false,"campfire_upgraded":7,"win_rate":0.0,"timestamp":1610172576,"path_taken":["M","?","M","?","M","R","?","R","T","E","$","R","$","?","R","BOSS","M","?","M","$","M","R","?","R","T","R","M","M","?","M","R","BOSS","M","$","?","?","M","R","M","R","T","M","R","M","R","?","R","BOSS"],"items_purchased_type":["Card","Card"],"build_version":"2020-12-22","purchased_purges":3,"victory":true,"max_hp_per_floor":[72,72,72,72,72,72,72,72,72,72,72,72,72,72,72,72,72,72,72,72,72,72,72,72,72,72,72,77,77,77,77,77,77,77,77,77,77,77,77,77,77,77,77,77,77,77,77,77,77,77],"card_choices":[{"not_picked":["Evaluate","FlyingSleeves"],"picked":"Swivel","floor":1},{"not_picked":["CarveReality","Indignation"],"picked":"SandsOfTime","floor":3},{"not_picked":["ForeignInfluence","SashWhip"],"picked":"ThirdEye","floor":5},{"not_picked":["Scrawl+1","Pray+1"],"picked":"TalkToTheHand","floor":10},{"not_picked":["ForeignInfluence+1","FearNoEvil"],"picked":"Prostrate+1","floor":14},{"not_picked":["DeusExMachina+1","DevaForm"],"picked":"Devotion","floor":16},{"not_picked":["ThirdEye+1","Vengeance+1"],"picked":"BattleHymn","floor":18},{"not_picked":["FlyingSleeves+1","Meditate+1"],"picked":"Protect+1","floor":20},{"not_picked":["PathToVictory+1","Prostrate+1"],"picked":"Halt+1","floor":22},{"not_picked":["DeceiveReality+1","Indignation+1"],"picked":"TalkToTheHand+1","floor":28},{"not_picked":["ThirdEye+1","CrushJoints"],"picked":"SandsOfTime+1","floor":29},{"not_picked":["Study","Swivel+1","JustLucky+1"],"picked":"SKIP","floor":31},{"not_picked":["ConjureBlade+1","DeusExMachina+1"],"picked":"Devotion","floor":33},{"not_picked":["CrushJoints+1","SashWhip"],"picked":"Pray+1","floor":37},{"not_picked":["Consecrate+1","SashWhip","Crescendo+1"],"picked":"SKIP","floor":39},{"not_picked":["Adaptation","WreathOfFlame+1"],"picked":"EmptyFist+1","floor":41},{"not_picked":["Weave+1","Consecrate+1"],"picked":"Protect+1","floor":44},{"not_picked":["EmptyBody+1","Judgement+1","CrushJoints+1"],"picked":"SKIP","floor":46}],"player_experience":309163,"relics_obtained":[{"floor":9,"key":"Toxic Egg 2"},{"floor":10,"key":"Meat on the Bone"},{"floor":26,"key":"Juzu Bracelet"},{"floor":37,"key":"Girya"},{"floor":43,"key":"Oddly Smooth Stone"}],"event_choices":[{"damage_healed":24,"gold_gain":0,"player_choice":"Banana","damage_taken":0,"max_hp_gain":0,"max_hp_loss":0,"event_name":"Big Fish","floor":2,"gold_loss":0},{"damage_healed":0,"gold_gain":0,"player_choice":"Success","damage_taken":12,"relics_obtained":["White Beast Statue"],"max_hp_gain":0,"max_hp_loss":0,"event_name":"Scrap Ooze","floor":4,"gold_loss":0},{"cards_removed":["Defend_P"],"damage_healed":0,"gold_gain":0,"player_choice":"Purged","damage_taken":0,"max_hp_gain":0,"max_hp_loss":0,"event_name":"Purifier","floor":7,"gold_loss":0},{"damage_healed":0,"gold_gain":0,"player_choice":"Ignored","damage_taken":0,"max_hp_gain":0,"max_hp_loss":0,"event_name":"Ghosts","floor":19,"gold_loss":0},{"cards_removed":["Strike_P"],"damage_healed":0,"gold_gain":0,"player_choice":"Gave Gold","damage_taken":0,"max_hp_gain":0,"max_hp_loss":0,"event_name":"Beggar","floor":24,"gold_loss":75},{"damage_healed":0,"gold_gain":0,"player_choice":"Fight","damage_taken":0,"max_hp_gain":0,"max_hp_loss":0,"event_name":"MindBloom","floor":37,"gold_loss":0},{"cards_removed":["Defend_P"],"damage_healed":0,"gold_gain":0,"player_choice":"Offered Basic","damage_taken":0,"max_hp_gain":0,"max_hp_loss":0,"event_name":"Bonfire Elementals","floor":38,"gold_loss":0},{"cards_removed":["Crescendo"],"damage_healed":0,"gold_gain":0,"player_choice":"Removed Skill","damage_taken":0,"max_hp_gain":0,"max_hp_loss":0,"event_name":"Falling","floor":48,"gold_loss":0}],"is_beta":false,"boss_relics":[{"not_picked":["Ectoplasm","Coffee Dripper"],"picked":"HolyWater"},{"not_picked":["Snecko Eye","SlaversCollar"],"picked":"Sozu"}],"items_purged_floors":[11,21,36],"is_endless":false,"potions_floor_spawned":[1,5,10,14,16,18,20,22,28,29,31,33,35,37,39,41,44,46],"ascension_level":2}}