{"host":"g01l53quoe6lrer0","time":1610198662,"event":{"mods":["2.2 Compatiblity","AchievementEnabler","BaseMod","Colored Map","Highlight Path","Keyboard Shortcuts","Minty Spire (QoL Compilation)","Permanent Neow","StSLib","SuperFastMode","everything is the same but u backflip on backflip"],"gold_per_floor":[115,127,146,157,175,175,185,219,242,261,280,306,306,324,324,401,401,374,424,424,424,440,440,453,453,453,468,468,336,349,0,0,0,0],"floor_reached":33,"playtime":1202,"items_purged":["Shame"],"score":500,"play_id":"7152a85c-5e2a-4bb6-8082-c69aa0ffdff3","local_time":"20210109222422","is_ascension_mode":true,"campfire_choices":[{"data":"Uppercut","floor":6.0,"key":"SMITH"},{"data":"Rupture","floor":13.0,"key":"SMITH"},{"data":"Bloodletting","floor":15.0,"key":"SMITH"},{"data":"Armaments","floor":23,"key":"SMITH"},{"data":"Corruption","floor":25,"key":"SMITH"},{"data":"Disarm","floor":28,"key":"SMITH"},{"data":"Fire Breathing","floor":32,"key":"SMITH"}],"circlet_count":0,"master_deck":["AscendersBane","Strike_R+1","Strike_R+1","Strike_R+1","Strike_R+1","Strike_R+1","Defend_R+1","Defend_R+1","Defend_R+1","Defend_R+1","Bash","Clothesline","Bloodletting+1","Battle Trance","Uppercut+1","Armaments+1","Reaper","Shrug It Off","Rupture+1","Dual Wield","Corruption+1","Spot Weakness","Regret","Disarm+1","Second Wind+1","Flame Barrier","Headbutt","Hemokinesis","Wild Strike","Power Through","Fire Breathing+1"],"relics":["Burning Blood","Thread and Needle","Incense Burner","Regal Pillow","Eternal Feather","Cursed Key","Lantern","Meat on the Bone","Omamori"],"acts_visited":["Exordium","TheCity"],"potions_floor_usage":[33],"damage_taken":[{"damage":3.0,"enemies":"Small Slimes","floor":1.0,"turns":4.0},{"damage":0.0,"enemies":"Jaw Worm","floor":2.0,"turns":3.0},{"damage":0.0,"enemies":"Cultist","floor":3.0,"turns":3.0},{"damage":19.0,"enemies":"Exordium Thugs","floor":4.0,"turns":6.0},{"damage":9.0,"enemies":"Large Slime","floor":5.0,"turns":5.0},{"damage":3.0,"enemies":"Exordium Wildlife","floor":7.0,"turns":2.0},{"damage":24.0,"enemies":"Lagavulin","floor":8.0,"turns":4.0},{"damage":3.0,"enemies":"3 Louse","floor":10.0,"turns":3.0},{"damage":9.0,"enemies":"Lots of Slimes","floor":11.0,"turns":4.0},{"damage":26.0,"enemies":"Gremlin Nob","floor":12.0,"turns":5.0},{"damage":18.0,"enemies":"Exordium Wildlife","floor":14.0,"turns":4.0},{"damage":47.0,"enemies":"Hexaghost","floor":16.0,"turns":11.0},{"damage":13.0,"enemies":"2 Thieves","floor":18.0,"turns":4.0},{"damage":15,"enemies":"Chosen","floor":22,"turns":6},{"damage":12,"enemies":"Centurion and Healer","floor":24,"turns":8},{"damage":18,"enemies":"Snake Plant","floor":27,"turns":5},{"damage":2,"enemies":"Chosen and Byrds","floor":30,"turns":6},{"damage":124,"enemies":"Automaton","floor":33,"turns":12}],"seed_played":"8122348567948066403","potions_obtained":[{"floor":2.0,"key":"Strength Potion"},{"floor":3.0,"key":"SkillPotion"},{"floor":5.0,"key":"CultistPotion"},{"floor":8.0,"key":"SteroidPotion"},{"floor":14.0,"key":"SteroidPotion"},{"floor":16.0,"key":"Fire Potion"},{"floor":22,"key":"Weak Potion"}],"is_trial":false,"path_per_floor":["M","M","M","M","M","R","M","E","T","M","M","E","R","M","R","B",null,"M","?","?","T","M","R","M","R","T","M","R","$","M","$","R","B"],"character_chosen":"IRONCLAD","items_purchased":["Headbutt","Wild Strike","Power Through","Fire Breathing","Omamori"],"campfire_rested":0,"item_purchase_floors":[29,31,31,31,31],"current_hp_per_floor":[68,68,68,55,52,52,55,37,37,67,68,48,57,53,65,24,57,54,54,54,54,57,68,68,68,68,56,68,68,68,68,68,0,0],"gold":0,"neow_bonus":"ONE_RARE_RELIC","is_daily":false,"chose_seed":false,"campfire_upgraded":7,"win_rate":0.0,"timestamp":1610198662,"path_taken":["M","M","M","M","M","R","M","E","T","M","M","E","R","M","R","BOSS","M","?","?","?","M","R","M","R","T","M","R","$","?","$","R","BOSS"],"items_purchased_type":["Card","Card","Card","Card","Relic"],"build_version":"2020-12-22","purchased_purges":1,"victory":false,"max_hp_per_floor":[68,68,68,68,68,68,68,68,68,68,68,68,68,68,68,68,68,68,68,68,68,68,68,68,68,68,68,68,68,68,68,68,68,68],"card_choices":[{"not_picked":["Clash","Body Slam"],"picked":"Clothesline","floor":1.0},{"not_picked":["True Grit","Havoc"],"picked":"Bloodletting","floor":2.0},{"not_picked":["Seeing Red","Pommel Strike"],"picked":"Battle Trance","floor":3.0},{"not_picked":["Pummel","Twin Strike","Thunderclap"],"picked":"SKIP","floor":4.0},{"not_picked":["Second Wind","Battle Trance"],"picked":"Uppercut","floor":5.0},{"not_picked":["Wild Strike","Clothesline"],"picked":"Armaments","floor":7.0},{"not_picked":["Warcry","Perfected Strike"],"picked":"Reaper","floor":8.0},{"not_picked":["True Grit","Armaments"],"picked":"Shrug It Off","floor":10.0},{"not_picked":["Disarm","Wild Strike"],"picked":"Rupture","floor":11.0},{"not_picked":["Evolve","Anger","Heavy Blade"],"picked":"SKIP","floor":12.0},{"not_picked":["Wild Strike","Pommel Strike"],"picked":"Dual Wield","floor":14.0},{"not_picked":["Barricade","Brutality"],"picked":"Corruption","floor":16.0},{"not_picked":["Cleave","Clash"],"picked":"Spot Weakness","floor":18.0},{"not_picked":["Clothesline","Thunderclap"],"picked":"Disarm","floor":22},{"not_picked":["Brutality","Shrug It Off"],"picked":"Second Wind+1","floor":24},{"not_picked":["Clothesline+1","Cleave"],"picked":"Flame Barrier","floor":27},{"not_picked":["Burning Pact","Havoc"],"picked":"Hemokinesis","floor":30}],"player_experience":101822,"relics_obtained":[{"floor":8.0,"key":"Incense Burner"},{"floor":9.0,"key":"Regal Pillow"},{"floor":12.0,"key":"Eternal Feather"},{"floor":21.0,"key":"Lantern"},{"floor":26,"key":"Meat on the Bone"}],"event_choices":[{"damage_healed":0.0,"max_hp_gain":0.0,"max_hp_loss":0.0,"gold_gain":50.0,"event_name":"Nest","player_choice":"Stole From Cult","floor":19.0,"gold_loss":0.0,"damage_taken":0.0},{"damage_healed":0.0,"max_hp_gain":0.0,"max_hp_loss":0.0,"gold_gain":0.0,"event_name":"Back to Basics","player_choice":"Simplicity","floor":20.0,"gold_loss":0.0,"damage_taken":0.0,"cards_upgraded":["Strike_R","Strike_R","Strike_R","Strike_R","Strike_R","Defend_R","Defend_R","Defend_R","Defend_R"]}],"is_beta":false,"boss_relics":[{"not_picked":["Pandora\u0027s Box","Fusion Hammer"],"picked":"Cursed Key"}],"items_purged_floors":[29],"is_endless":false,"potions_floor_spawned":[2,3,5,7,8,14,16,22,24,30],"killed_by":"Automaton","ascension_level":18}}