{"host":"3i0tc1zs9k2bo7un","time":1610171565,"event":{"mods":["Act Like it!","Aspiration","BaseMod","Better Synergies","Communication Mod","Gensokyo","Minty Spire (QoL Compilation)","MostiFishMod","Quick Restart","Replay The Spire","StSLib","TestMod","[IsaacMod]ÒÔÈö¼âËþ","vexMod","¡¾ÒÅÎï¿¨ÅÆ¡¿REMEMod"],"gold_per_floor":[111,41,41,50,64,64,93,93,93,15,48,59,59,267,267,343,343,356,370,383,458,168,168,168,168,168,187,149,169,213,274,274,348,348,377,82,120,120,36,36,76,76,124,74,101,101,148,177,177,185,185,185,78,132,494],"floor_reached":56,"playtime":2227,"items_purged":["Strike_R","Strike_R","Strike_R","Strike_R","MostiFishMod:Dislodge"],"score":2396,"play_id":"e43f03dc-3f7e-43bd-bd0e-603daf31b76f","local_time":"20210109135245","is_ascension_mode":true,"campfire_choices":[{"data":"MostiFishMod:#F4004","floor":6.0,"key":"SMITH"},{"data":"Sword Boomerang","floor":13.0,"key":"SMITH"},{"data":"MostiFishMod:HellRitual","floor":15.0,"key":"SMITH"},{"data":"MostiFishMod:CullingBlade","floor":23.0,"key":"SMITH"},{"data":"Burning Pact","floor":25.0,"key":"SMITH"},{"data":"Strike_R","floor":32.0,"key":"PURGE"},{"floor":40,"key":"RECALL"},{"data":"REME_ACTH","floor":42,"key":"SMITH"},{"data":"Exhume","floor":49,"key":"SMITH"},{"data":"Hidden Blade","floor":52,"key":"SMITH"}],"circlet_count":0,"master_deck":["AscendersBane","Defend_R+1","Bash","MostiFishMod:WingOfPhoenix+1","MostiFishMod:#F4004+1","Burning Pact+1","Sword Boomerang+1","MostiFishMod:HellRitual+1","MostiFishMod:CullingBlade+1","Whirlwind","Second Wind","REME_ACTH+1","Offering","Gensokyo:Dawn+1","Exhume+1","Hidden Blade+1","Distraction","Power Through"],"relics":["Burning Blood","DaveBox","testmod-TestBox","HushsDoor","REME_ComplimentaryCards","SteamSale","testmod-Charity","ArrowTower","NeowsBlessing","SynthV:TestCard","Mango","Replay:Rubber Ducky","Anchor","Bird Faced Urn","StrikeDummy","GuanYuAspect","GuppysPaw","ClockworkSouvenir","SalivaCoin","Replay:Baseball","REME_ArchaeologicalTools","testmod-Alchemist","vexMod:DeviousBotling","GuppysHairball","NineLifeCat","Chaos","aspiration:Nostalgia","Iron Core","Gensokyo:EmptyGrave","Bag of Preparation","BelialBook","DeathBook","testmod-IndustrialRevolution"],"acts_visited":["Gensokyo:Gensokyo","Gensokyo:Gensokyoer","Gensokyo:Gensokyoest","TheEnding"],"potions_floor_usage":[55,55,55],"damage_taken":[{"damage":0.0,"enemies":"Gensokyo:2_Kodama","floor":1.0,"turns":1.0},{"damage":0.0,"enemies":"Gensokyo:Python","floor":4.0,"turns":1.0},{"damage":0.0,"enemies":"Gensokyo:Gryphon","floor":5.0,"turns":1.0},{"damage":34.0,"enemies":"Gensokyo:Aya","floor":7.0,"turns":5.0},{"damage":1.0,"enemies":"Gensokyo:Cirno","floor":11.0,"turns":5.0},{"damage":6.0,"enemies":"Gensokyo:VengefulSpirit","floor":12.0,"turns":5.0},{"damage":4.0,"enemies":"Gensokyo:Kitsune","floor":14.0,"turns":4.0},{"damage":0.0,"enemies":"Gensokyo:Reimu","floor":16.0,"turns":7.0},{"damage":0.0,"enemies":"Gensokyo:CosmicMonolith","floor":18.0,"turns":3.0},{"damage":22.0,"enemies":"Gensokyo:AngelMirror","floor":19.0,"turns":3.0},{"damage":9.0,"enemies":"Gensokyo:Monolith_and_Dog","floor":20.0,"turns":3.0},{"damage":0.0,"enemies":"Gensokyo:3_Gloops","floor":27.0,"turns":4.0},{"damage":2.0,"enemies":"Gensokyo:Swordslinger","floor":29.0,"turns":4.0},{"damage":16.0,"enemies":"Gensokyo:Koishi","floor":30.0,"turns":3.0},{"damage":20.0,"enemies":"Gensokyo:Slime_Group","floor":31.0,"turns":3.0},{"damage":0.0,"enemies":"Gensokyo:Eiki","floor":33.0,"turns":2.0},{"damage":6,"enemies":"Gensokyo:AncientGuardian","floor":35,"turns":2},{"damage":0,"enemies":"Gensokyo:AncientGuardian","floor":37,"turns":3},{"damage":6,"enemies":"Gensokyo:Marisa","floor":41,"turns":3},{"damage":6,"enemies":"Gensokyo:3_Boulders","floor":45,"turns":2},{"damage":6,"enemies":"Gensokyo:Kasen","floor":47,"turns":2},{"damage":6,"enemies":"Gensokyo:Dusk_and_Dawn","floor":48,"turns":2},{"damage":6,"enemies":"Gensokyo:Yuyuko","floor":50,"turns":3},{"damage":6,"enemies":"Shield and Spear","floor":54,"turns":3},{"damage":162,"enemies":"Delirium","floor":55,"turns":9}],"seed_played":"-1565229125582231922","potions_obtained":[{"floor":1.0,"key":"LiquidBronze"},{"floor":4.0,"key":"EssenceOfSteel"},{"floor":12.0,"key":"Swift Potion"},{"floor":16.0,"key":"AttackPotion"},{"floor":24.0,"key":"Energy Potion"},{"floor":29.0,"key":"LiquidBronze"},{"floor":33.0,"key":"Toxic Potion"}],"is_trial":false,"path_per_floor":["M","?","?","M","M","R","E","?","T","COS","E","M","R","M","R","B",null,"M","M","M","?","COS","R","?","R","T","M","$","M","E","M","R","B",null,"M","COS","?","?","$","R","E","R","T","$","M","?","E","M","R","B",null,"R","$","E","B",null],"character_chosen":"IRONCLAD","items_purchased":["GuppysPaw","Whirlwind","GuppysHairball","NineLifeCat","Offering","Bag of Preparation","Power Through"],"campfire_rested":0,"item_purchase_floors":[17,17,34,34,34,39,53],"current_hp_per_floor":[75,75,61,68,75,75,48,71,71,71,77,80,80,86,86,93,31,32,15,19,5,5,5,5,5,5,18,18,28,20,32,32,39,5,14,14,14,13,13,13,20,20,21,21,27,27,36,43,43,51,51,51,51,59,41],"gold":494,"neow_bonus":"THREE_ENEMY_KILL","is_daily":false,"chose_seed":false,"campfire_upgraded":8,"win_rate":0.0,"timestamp":1610171565,"path_taken":["M","?","?","M","M","R","E","?","T","COS","E","M","R","?","R","BOSS","M","M","M","?","COS","R","?","R","T","M","$","M","E","M","R","BOSS","M","COS","?","?","$","R","E","R","T","?","M","?","E","?","R","BOSS","R","$","E","BOSS"],"items_purchased_type":["Relic","Card","Relic","Relic","Card","Relic","Card"],"build_version":"2020-12-22","purchased_purges":5,"victory":true,"max_hp_per_floor":[76,76,90,91,92,92,93,93,93,93,94,95,95,97,97,98,31,32,33,34,35,35,35,35,35,35,36,36,38,41,61,61,63,5,14,14,14,13,13,13,20,20,21,21,27,27,36,43,43,51,51,51,51,60,147],"card_choices":[{"not_picked":["Cleave","Power Through","Flame Barrier"],"picked":"SKIP","floor":1.0},{"not_picked":["ReplayTheSpireMod:Strike From Hell","ReplayTheSpireMod:LeadingStrike","Clash","Clothesline","Flex"],"picked":"SKIP","floor":4.0},{"not_picked":["Clash","Clothesline","Massacre","Abandon"],"picked":"MostiFishMod:#F4004","floor":5.0},{"not_picked":["Sword Boomerang","Clash","Rampage","Searing Blow"],"picked":"Burning Pact","floor":7.0},{"not_picked":["Twin Strike","Dropkick","Evolve","Thunderclap","Defy Death"],"picked":"SKIP","floor":11.0},{"not_picked":["ReplayTheSpireMod:Strike From Hell","Cleave","Burning Pact","Pommel Strike"],"picked":"Sword Boomerang","floor":12.0},{"not_picked":["Heavy Blade","Perfected Strike","Thunderclap","Replay:Undeath\u0027s Touch"],"picked":"MostiFishMod:HellRitual","floor":14.0},{"not_picked":["MostiFishMod:TemporaryOutbreak","MostiFishMod:RainCloud","MostiFishMod:OrdinaryWorld","MostiFishMod:HellRitual"],"picked":"MostiFishMod:CullingBlade","floor":16.0},{"not_picked":["Anger+1","ReplayTheSpireMod:Corrosion Curse","Thunderclap+1","Entrench","Flex"],"picked":"SKIP","floor":18.0},{"not_picked":["Replay:Many Hands","Heavy Blade","Anger","Defy Death","Replay:Undeath\u0027s Touch+1"],"picked":"SKIP","floor":19.0},{"not_picked":["Fire Breathing","Carnage","Flex","Clash"],"picked":"Second Wind","floor":20.0},{"not_picked":["Sword Boomerang","Twin Strike","ReplayTheSpireMod:Muscle Training","Metallicize","Sentinel"],"picked":"SKIP","floor":27.0},{"not_picked":["Wild Strike","True Grit","Clash","Sword Boomerang","Replay:Undeath\u0027s Touch"],"picked":"SKIP","floor":29.0},{"not_picked":["Flex","Clash","Clothesline","Whirlwind","Body Slam"],"picked":"SKIP","floor":30.0},{"not_picked":["Body Slam","Clothesline","Dual Wield","Infernal Blade","Disarm"],"picked":"SKIP","floor":31.0},{"not_picked":["MostiFishMod:KnuckleDown","Corruption","Demon Form","REME_Fury"],"picked":"REME_ACTH","floor":33.0},{"not_picked":["Body Slam","Whirlwind","Anger","Dark Embrace","Dropkick+1"],"picked":"SKIP","floor":35},{"not_picked":["Body Slam","Whirlwind","Anger","Dark Embrace","Dropkick+1"],"picked":"SKIP","floor":35},{"not_picked":["Gensokyo:MorningStar+1","Gensokyo:HouraiInAPot+1"],"picked":"Gensokyo:Dawn+1","floor":37},{"not_picked":["Beam Cell","Hologram","Clash","Steam Power"],"picked":"Exhume","floor":41},{"not_picked":["Shrug It Off","Gash","True Grit","Run Through","Anger"],"picked":"SKIP","floor":45},{"not_picked":["Cold Snap","True Grit","Corruption","Heavy Blade","Pommel Strike"],"picked":"SKIP","floor":47},{"not_picked":["Blood for Blood+1","Twin Strike","Wild Strike","Combust","Sever Soul+1"],"picked":"SKIP","floor":48},{"not_picked":["Clash","Rupture","MostiFishMod:RainCloud","Shrug It Off","Blood for Blood"],"picked":"SKIP","floor":54}],"player_experience":675938,"relics_obtained":[{"floor":1.0,"key":"SynthV:TestCard"},{"floor":7.0,"key":"Replay:Rubber Ducky"},{"floor":9.0,"key":"Anchor"},{"floor":11.0,"key":"Bird Faced Urn"},{"floor":26.0,"key":"SalivaCoin"},{"floor":30.0,"key":"REME_ArchaeologicalTools"},{"floor":41,"key":"BelialBook"},{"floor":47,"key":"DeathBook"},{"floor":54,"key":"testmod-IndustrialRevolution"}],"event_choices":[],"is_beta":false,"boss_relics":[{"not_picked":["testmod-TimeTraveler","testmod-Prudence"],"picked":"GuanYuAspect"},{"not_picked":[]},{"not_picked":["Replay:Ancient Bell","testmod-CardMagician"],"picked":"vexMod:DeviousBotling"},{"not_picked":[]}],"items_purged_floors":[17,28,34,44,53],"is_endless":false,"potions_floor_spawned":[1,4,12,16,27,29,33,41,48],"ascension_level":19}}