{"host":"2se5dq1do2gp0x9k","time":1610234713,"event":{"mods":["AchievementEnabler","BaseMod","Block Reminder","Colored Map","Colored Powertips","Minty Spire (QoL Compilation)","Relic Stats","StSLib","SuperFastMode"],"gold_per_floor":[115,48,68,68,83,83,115,115,115,149,149,3,3,35,35,108,108,123,139,39,50,50,50,82,82,108,140,155,30,61,61,61,61,61],"floor_reached":33,"playtime":1376,"items_purged":["Strike_P","Strike_P"],"score":567,"play_id":"f3b43338-da8e-4fbc-8f08-d4e6022d9647","local_time":"20210109152513","is_ascension_mode":true,"campfire_choices":[{"data":"Judgement","floor":6.0,"key":"SMITH"},{"data":"BowlingBash","floor":8.0,"key":"SMITH"},{"data":"CutThroughFate","floor":11.0,"key":"SMITH"},{"floor":15.0,"key":"REST"},{"data":"Blasphemy","floor":23.0,"key":"SMITH"},{"data":"Meditate","floor":25.0,"key":"SMITH"},{"floor":32,"key":"REST"}],"circlet_count":0,"master_deck":["AscendersBane","Strike_P+1","Defend_P","Defend_P","Defend_P","Defend_P","Eruption","Vigilance","Judgement+1","BowlingBash+1","ReachHeaven+1","CutThroughFate","Protect","ReachHeaven","CutThroughFate+1","Meditate+1","JustLucky","Blasphemy+1","TalkToTheHand","Conclude","FlyingSleeves+1","Nirvana","Panacea","CarveReality","ClearTheMind+1"],"relics":["PureWater","Dream Catcher","Pear","Blue Candle","Bird Faced Urn","Pocketwatch","Velvet Choker","Whetstone","Strawberry","HornCleat","Red Mask","PreservedInsect"],"acts_visited":["Exordium","TheCity"],"potions_floor_usage":[30,33],"damage_taken":[{"damage":1.0,"enemies":"Cultist","floor":1.0,"turns":4.0},{"damage":2.0,"enemies":"Jaw Worm","floor":3.0,"turns":2.0},{"damage":7.0,"enemies":"Small Slimes","floor":5.0,"turns":2.0},{"damage":23.0,"enemies":"Lagavulin","floor":7.0,"turns":5.0},{"damage":0.0,"enemies":"Gremlin Nob","floor":10.0,"turns":2.0},{"damage":10.0,"enemies":"3 Sentries","floor":14.0,"turns":3.0},{"damage":27.0,"enemies":"The Guardian","floor":16.0,"turns":9.0},{"damage":6.0,"enemies":"Shell Parasite","floor":18.0,"turns":5.0},{"damage":0.0,"enemies":"Spheric Guardian","floor":19.0,"turns":2.0},{"damage":3.0,"enemies":"Shelled Parasite and Fungi","floor":21.0,"turns":3.0},{"damage":15.0,"enemies":"Slavers","floor":24.0,"turns":2.0},{"damage":24,"enemies":"Gremlin Leader","floor":27,"turns":4},{"damage":2,"enemies":"Centurion and Healer","floor":28,"turns":5},{"damage":7,"enemies":"Masked Bandits","floor":30,"turns":4},{"damage":43,"enemies":"Champ","floor":33,"turns":6}],"seed_played":"981241375852286375","potions_obtained":[{"floor":7.0,"key":"Fire Potion"},{"floor":10.0,"key":"BlessingOfTheForge"},{"floor":18.0,"key":"Ambrosia"},{"floor":21.0,"key":"Swift Potion"},{"floor":24.0,"key":"Energy Potion"}],"is_trial":false,"path_per_floor":["M","$","M","?","M","R","E","R","T","E","R","$","?","E","R","B",null,"M","M","$","M","?","R","E","R","T","E","M","$","?","T","R","B"],"character_chosen":"WATCHER","items_purchased":["ReachHeaven","Meditate","Nirvana","Panacea"],"campfire_rested":2,"item_purchase_floors":[2,12,29,29],"current_hp_per_floor":[60,60,58,58,51,51,38,38,38,38,38,38,31,21,44,17,63,57,57,57,54,54,54,39,39,46,22,20,20,15,15,40,0,0],"gold":61,"neow_bonus":"ONE_RANDOM_RARE_CARD","is_daily":false,"chose_seed":false,"campfire_upgraded":5,"win_rate":0.0,"timestamp":1610234713,"path_taken":["M","$","?","?","M","R","E","R","T","E","R","?","?","E","R","BOSS","M","M","$","M","?","R","E","R","T","E","M","$","?","?","R","BOSS"],"items_purchased_type":["Card","Card","Card","Card"],"build_version":"2020-12-22","purchased_purges":2,"victory":false,"max_hp_per_floor":[68,68,68,68,68,68,78,78,78,78,78,78,78,78,78,78,78,78,78,78,78,78,78,78,78,85,85,85,85,85,85,85,85,85],"relic_stats":{"Dream Catcher":2,"counters":[15,58],"Blue Candle":[0],"Bird Faced Urn":[4],"PreservedInsect":0,"Whetstone":["ReachHeaven","Strike_P"],"obtain_stats":[{"Dream Catcher":4,"Pear":7,"HornCleat":27,"Blue Candle":9,"Bird Faced Urn":10,"Strawberry":26,"Velvet Choker":17,"PreservedInsect":31,"Red Mask":30,"Whetstone":24,"PureWater":0,"Pocketwatch":14},{"Dream Catcher":2,"Pear":4,"HornCleat":12,"Blue Candle":4,"Bird Faced Urn":5,"Strawberry":11,"Velvet Choker":7,"PreservedInsect":14,"Red Mask":14,"Whetstone":11,"PureWater":0,"Pocketwatch":6},{"Dream Catcher":6,"Pear":13,"HornCleat":43,"Blue Candle":13,"Bird Faced Urn":15,"Strawberry":39,"Velvet Choker":27,"PreservedInsect":52,"Red Mask":52,"Whetstone":39,"PureWater":0,"Pocketwatch":18}],"Pocketwatch":[56]},"card_choices":[{"not_picked":["ClearTheMind","Evaluate"],"picked":"BowlingBash","floor":1.0},{"not_picked":["FlurryOfBlows","JustLucky"],"picked":"CutThroughFate","floor":3.0},{"not_picked":["LikeWater","EmptyFist"],"picked":"Protect","floor":5.0},{"not_picked":["Crescendo","Halt"],"picked":"ReachHeaven","floor":7.0},{"not_picked":["Vengeance","Establishment"],"picked":"CutThroughFate","floor":10.0},{"not_picked":["CrushJoints","Pray","Crescendo"],"picked":"SKIP","floor":14.0},{"not_picked":["MentalFortress","ReachHeaven"],"picked":"JustLucky","floor":15.0},{"not_picked":["Brilliance","ConjureBlade"],"picked":"Blasphemy","floor":16.0},{"not_picked":["Tantrum","PathToVictory"],"picked":"TalkToTheHand","floor":18.0},{"not_picked":["Indignation","Crescendo","BowlingBash"],"picked":"SKIP","floor":19.0},{"not_picked":["CrushJoints","Vengeance","EmptyFist"],"picked":"SKIP","floor":21.0},{"not_picked":["BowlingBash","Crescendo","FollowUp"],"picked":"SKIP","floor":24.0},{"not_picked":["Protect","BowlingBash"],"picked":"Conclude","floor":27},{"not_picked":["Alpha","EmptyMind"],"picked":"FlyingSleeves+1","floor":28},{"not_picked":["Vengeance","Indignation"],"picked":"CarveReality","floor":30},{"not_picked":["PathToVictory","Evaluate"],"picked":"ClearTheMind+1","floor":32}],"player_experience":3820936,"relics_obtained":[{"floor":4.0,"key":"Dream Catcher"},{"floor":7.0,"key":"Pear"},{"floor":9.0,"key":"Blue Candle"},{"floor":10.0,"key":"Bird Faced Urn"},{"floor":14.0,"key":"Pocketwatch"},{"floor":24.0,"key":"Whetstone"},{"floor":26.0,"key":"Strawberry"},{"floor":27,"key":"HornCleat"},{"floor":30,"key":"Red Mask"},{"floor":31,"key":"PreservedInsect"}],"event_choices":[{"damage_healed":0.0,"max_hp_gain":0.0,"max_hp_loss":0.0,"gold_gain":0.0,"event_name":"Wheel of Change","player_choice":"Relic","floor":4.0,"gold_loss":0.0,"damage_taken":0.0},{"cards_removed":["Strike_P"],"damage_healed":0.0,"max_hp_gain":0.0,"max_hp_loss":0.0,"gold_gain":0.0,"event_name":"Golden Wing","player_choice":"Card Removal","floor":13.0,"gold_loss":0.0,"damage_taken":7.0},{"damage_healed":0.0,"max_hp_gain":0.0,"max_hp_loss":0.0,"gold_gain":0.0,"event_name":"The Mausoleum","player_choice":"Ignored","floor":22.0,"gold_loss":0.0,"damage_taken":0.0},{"damage_healed":0,"gold_gain":0,"player_choice":"Fought Bandits","damage_taken":0,"max_hp_gain":0,"max_hp_loss":0,"event_name":"Masked Bandits","floor":30,"gold_loss":0}],"is_beta":false,"boss_relics":[{"not_picked":["Ectoplasm","Sozu"],"picked":"Velvet Choker"}],"items_purged_floors":[12,20],"is_endless":false,"potions_floor_spawned":[7,10,18,21,24,28],"killed_by":"Champ","ascension_level":15}}