{"host":"3rixevx6n8b56xaj","time":1610186859,"event":{"mods":["2.2 Compatiblity","AchievementEnabler","Arknights The Spire","BaseMod","Colored Map","DeckTracker","Friendly Minions","Minty Spire (QoL Compilation)","Poor People Problems","StSLib","SuperFastMode"],"gold_per_floor":[112,112,132,146,8,8,27,39,63,63,74,126,140,166,166,237,237,249,249,173,173,173,184,184,198,222,222,253,60,60,60,60,60,60],"floor_reached":33,"playtime":1025,"items_purged":["Defend_B"],"score":451,"play_id":"e9c22f40-a4b3-4f98-8ded-d7c094632271","local_time":"20210109190739","is_ascension_mode":true,"campfire_choices":[{"data":"Barrage","floor":6,"key":"SMITH"},{"data":"Zap","floor":10,"key":"SMITH"},{"floor":15,"key":"REST"},{"data":"Coolheaded","floor":24,"key":"SMITH"},{"floor":27,"key":"REST"},{"floor":32,"key":"REST"}],"circlet_count":0,"master_deck":["AscendersBane","Defend_B","Defend_B","Zap+1","Dualcast","Barrage+1","Rebound","Undo","Genetic Algorithm","Flash of Steel","Conserve Battery","Sweeping Beam","Multi-Cast","Genetic Algorithm+1","Reboot+1","Blizzard+1","Compile Driver","Ball Lightning","Coolheaded+1","Buffer","Defragment","Gash"],"relics":["Cracked Core","Smiling Mask","Vajra","Juzu Bracelet","Oddly Smooth Stone","Astrolabe","Emotion Chip","Akabeko","Regal Pillow"],"acts_visited":["Exordium","TheCity"],"potions_floor_usage":[16,23,28,28],"damage_taken":[{"damage":3,"enemies":"Jaw Worm","floor":1,"turns":4},{"damage":0,"enemies":"Small Slimes","floor":3,"turns":3},{"damage":1,"enemies":"2 Louse","floor":4,"turns":3},{"damage":7,"enemies":"Blue Slaver","floor":7,"turns":3},{"damage":9,"enemies":"Lots of Slimes","floor":8,"turns":5},{"damage":15,"enemies":"Exordium Wildlife","floor":11,"turns":4},{"damage":18,"enemies":"Gremlin Gang","floor":13,"turns":5},{"damage":29,"enemies":"Gremlin Nob","floor":14,"turns":4},{"damage":15,"enemies":"Slime Boss","floor":16,"turns":9},{"damage":13,"enemies":"Spheric Guardian","floor":18,"turns":5},{"damage":6,"enemies":"2 Thieves","floor":23,"turns":3},{"damage":38,"enemies":"Shelled Parasite and Fungi","floor":25,"turns":6},{"damage":23,"enemies":"Book of Stabbing","floor":28,"turns":5},{"damage":39,"enemies":"Collector","floor":33,"turns":7}],"seed_played":"3097921557871241503","potions_obtained":[{"floor":1,"key":"FairyPotion"},{"floor":7,"key":"SpeedPotion"},{"floor":14,"key":"Energy Potion"},{"floor":16,"key":"PotionOfCapacity"},{"floor":18,"key":"FearPotion"},{"floor":25,"key":"AttackPotion"}],"is_trial":false,"path_per_floor":["M","?","M","M","$","R","M","M","T","R","M","T","M","E","R","B",null,"M","?","$","?","T","M","R","M","T","R","E","$","?","?","R","B"],"character_chosen":"DEFECT","items_purchased":["Flash of Steel","Ball Lightning","Coolheaded","Defragment","Regal Pillow"],"campfire_rested":3,"item_purchase_floors":[5,20,20,29,29],"current_hp_per_floor":[61,61,61,60,60,60,53,44,44,44,29,29,11,21,42,27,60,47,47,47,47,47,41,41,3,3,24,1,1,1,1,37,0,0],"gold":60,"neow_bonus":"RANDOM_COMMON_RELIC","is_daily":false,"chose_seed":false,"campfire_upgraded":3,"win_rate":0.0,"timestamp":1610186859,"path_taken":["M","?","M","M","$","R","M","M","T","R","M","?","M","E","R","BOSS","M","?","$","?","?","M","R","M","T","R","E","$","?","?","R","BOSS"],"items_purchased_type":["Card","Card","Card","Card","Relic"],"build_version":"2020-12-22","purchased_purges":1,"victory":false,"max_hp_per_floor":[71,71,71,71,71,71,71,71,71,71,71,71,71,71,71,71,71,71,71,71,71,71,71,71,71,71,71,71,71,71,71,71,71,71],"card_choices":[{"not_picked":["Force Field","Hologram"],"picked":"Barrage","floor":1},{"not_picked":["Go for the Eyes","Beam Cell"],"picked":"Undo","floor":3},{"not_picked":["Hello World","Gash"],"picked":"Genetic Algorithm","floor":4},{"not_picked":["Coolheaded","Static Discharge"],"picked":"Conserve Battery","floor":7},{"not_picked":["Hologram","Genetic Algorithm","Double Energy"],"picked":"SKIP","floor":8},{"not_picked":["Turbo","Rebound","Undo"],"picked":"SKIP","floor":11},{"not_picked":["Turbo","Rebound","Undo"],"picked":"SKIP","floor":11},{"not_picked":["Steam","Coolheaded"],"picked":"Reboot","floor":13},{"not_picked":["Melter","Heatsinks"],"picked":"Sweeping Beam","floor":14},{"not_picked":["Meteor Strike","Hyperbeam"],"picked":"Multi-Cast","floor":16},{"not_picked":["Rebound","Doom and Gloom"],"picked":"Compile Driver","floor":18},{"not_picked":["Redo","Go for the Eyes","Hologram"],"picked":"SKIP","floor":23},{"not_picked":["Sweeping Beam","Steam","Compile Driver"],"picked":"SKIP","floor":25},{"not_picked":["Go for the Eyes","Coolheaded"],"picked":"Buffer","floor":28}],"player_experience":608555,"relics_obtained":[{"floor":9,"key":"Vajra"},{"floor":12,"key":"Juzu Bracelet"},{"floor":14,"key":"Oddly Smooth Stone"},{"floor":22,"key":"Emotion Chip"},{"floor":28,"key":"Akabeko"}],"event_choices":[{"damage_healed":0,"gold_gain":0,"cards_transformed":["Strike_B"],"player_choice":"Change","damage_taken":0,"max_hp_gain":0,"max_hp_loss":0,"event_name":"Living Wall","floor":2,"gold_loss":0,"cards_obtained":["Rebound"]},{"cards_removed":["Strike_B"],"damage_healed":0,"gold_gain":0,"player_choice":"Elegance","damage_taken":0,"max_hp_gain":0,"max_hp_loss":0,"event_name":"Back to Basics","floor":19,"gold_loss":0},{"damage_healed":0,"gold_gain":0,"player_choice":"Ignored","damage_taken":0,"max_hp_gain":0,"max_hp_loss":0,"event_name":"Vampires","floor":21,"gold_loss":0},{"damage_healed":0,"gold_gain":0,"cards_transformed":["Reboot"],"player_choice":"Transformed","damage_taken":0,"max_hp_gain":0,"max_hp_loss":0,"event_name":"Transmorgrifier","floor":30,"gold_loss":0,"cards_obtained":["Gash"]},{"damage_healed":0,"gold_gain":0,"player_choice":"Ignored","damage_taken":0,"max_hp_gain":0,"max_hp_loss":0,"event_name":"Cursed Tome","floor":31,"gold_loss":0}],"is_beta":false,"boss_relics":[{"not_picked":["Tiny House","Empty Cage"],"picked":"Astrolabe"}],"items_purged_floors":[5],"is_endless":false,"potions_floor_spawned":[1,7,11,14,16,18,25],"killed_by":"Collector","ascension_level":14}}