{"host":"minbhrtlkaoly5f0","time":1610191021,"event":{"mods":["Act Like it!","BaseMod","Colored Map","Colored Powertips","Lobotomy","LobotomyExtend","Luminous","Minty Spire (QoL Compilation)","Quick Restart","StSLib"],"gold_per_floor":[110,35,46,56,71,71,87,87,87,87,98,109,123,142,142,142,142],"floor_reached":16,"playtime":584,"items_purged":["SpecialBullet"],"score":98,"play_id":"120b9909-c54a-42df-8e53-38fb5dafb6e9","local_time":"20210109191701","is_ascension_mode":false,"campfire_choices":[],"circlet_count":0,"master_deck":["SpecialBullet","SpecialBullet","SpecialBullet","SpecialBullet","SpecialBullet","SpecialBullet","SpecialBullet","InformationCode","SecurityCode","ExtractionCode","SpiderBud","Lamp+8","GreedKing","WallGazer","RapturousDream","OSAHOGD","WelfareCode","QueenBee","Noise","ControlCode","SingingMachine","VoidDream","LaLuna","TT2Protocol"],"relics":["CogitoBucket","NeowsBlessing","LetterFromLob","Mummified Hand","AdjustmentMirror","RedMistMask"],"acts_visited":["Exordium"],"potions_floor_usage":[16,16],"damage_taken":[{"damage":0,"enemies":"Cultist","floor":1,"turns":1},{"damage":0,"enemies":"2 Louse","floor":3,"turns":1},{"damage":0,"enemies":"Small Slimes","floor":4,"turns":1},{"damage":7,"enemies":"3 Louse","floor":5,"turns":3},{"damage":2,"enemies":"Large Slime","floor":7,"turns":3},{"damage":22,"enemies":"Looter","floor":11,"turns":3},{"damage":0,"enemies":"Blue Slaver","floor":12,"turns":1},{"damage":16,"enemies":"Exordium Wildlife","floor":13,"turns":4},{"damage":0,"enemies":"Large Slime","floor":14,"turns":3},{"damage":70,"enemies":"Slime Boss","floor":16,"turns":7}],"seed_played":"2097178936119450222","potions_obtained":[{"floor":3,"key":"SpeedPotion"},{"floor":5,"key":"BlessingOfTheForge"},{"floor":12,"key":"CultistPotion"}],"is_trial":false,"path_per_floor":["M","$","M","M","M","R","M","R","T","R","M","M","M","M","R","B"],"character_chosen":"Angela","items_purchased":[],"campfire_rested":0,"item_purchase_floors":[],"current_hp_per_floor":[70,70,70,70,70,70,70,70,70,70,60,70,66,70,70,0,0],"gold":142,"neow_bonus":"THREE_ENEMY_KILL","is_daily":false,"chose_seed":false,"campfire_upgraded":0,"win_rate":0.0,"timestamp":1610191021,"path_taken":["M","$","M","M","M","R","M","R","T","R","M","?","M","M","R","BOSS"],"items_purchased_type":[],"build_version":"2020-12-22","purchased_purges":1,"victory":false,"max_hp_per_floor":[70,70,70,70,70,70,70,70,70,70,70,70,70,70,70,70,70],"card_choices":[{"not_picked":["LittleHelper","Bloodbath"],"picked":"SpiderBud","floor":1},{"not_picked":["Reverberation"],"picked":"Lamp","floor":1},{"not_picked":["DreamingCurrent","MHz"],"picked":"GreedKing","floor":3},{"not_picked":["CUTE","MagicBullet"],"picked":"SKIP","floor":3},{"not_picked":["CUTE","MagicBullet"],"picked":"SKIP","floor":3},{"not_picked":["PunishingBird","Yin"],"picked":"WallGazer","floor":4},{"not_picked":["Adoration"],"picked":"RapturousDream","floor":4},{"not_picked":["UniverseFragment","PunishingBird"],"picked":"OSAHOGD","floor":5},{"not_picked":["RedEyes","GreenStem"],"picked":"SKIP","floor":5},{"not_picked":["BeautyBeast","Murderer"],"picked":"QueenBee","floor":7},{"not_picked":["Penitence"],"picked":"Noise","floor":7},{"not_picked":["GalaxyChild","ShyLook"],"picked":"SingingMachine","floor":11},{"not_picked":["GrinderMk4","Penitence"],"picked":"SKIP","floor":11},{"not_picked":["UniverseFragment","PunishingBird"],"picked":"VoidDream","floor":12},{"not_picked":["Wingbeat","Lantern"],"picked":"SKIP","floor":12},{"not_picked":["SomewhereSpear","Lantern"],"picked":"SKIP","floor":13},{"not_picked":["Loneliness","Penitence"],"picked":"SKIP","floor":13},{"not_picked":["NakedNest","DespairKnight"],"picked":"LaLuna","floor":14},{"not_picked":["Beak","RedEyes","Ecstasy"],"picked":"SKIP","floor":14},{"not_picked":["Beak","RedEyes","Ecstasy"],"picked":"SKIP","floor":14}],"player_experience":27882,"relics_obtained":[{"floor":1,"key":"LetterFromLob"},{"floor":9,"key":"Mummified Hand"},{"floor":13,"key":"RedMistMask"}],"event_choices":[],"is_beta":false,"boss_relics":[],"items_purged_floors":[2],"is_endless":false,"potions_floor_spawned":[3,5,12,13],"killed_by":"Slime Boss","ascension_level":0}}