{"host":"nkolxg4se00n20yf","time":1610195149,"event":{"mods":["BaseMod","CatGirl Mod","Chen","Colored Map","Colored Powertips","Downfall","Friendly Minions","Infinite Spire","Kiyohime????","Marisa????????","Minty Spire (QoL Compilation)","StSLib","Td1madao Mod","The Administrix","The Cursed","The Exalted","The Hierophant","The Servant 0.9.4"],"gold_per_floor":[111,128,141,152,169,169,198,348,374,22,22,85,105,119,119,196,196,212,212,137,137,137,137],"floor_reached":22,"playtime":943,"items_purged":["Doubt"],"score":363,"play_id":"83ac74d9-c016-4056-888e-3a982b4294e6","local_time":"20210109132549","is_ascension_mode":true,"campfire_choices":[{"floor":6,"key":"REST"},{"floor":11,"key":"REST"},{"floor":15,"key":"REST"}],"circlet_count":0,"master_deck":["AscendersBane","Strike_G","Strike_G","Strike_G","Strike_G","Defend_G","Defend_G","Defend_G","Survivor","Neutralize","Deadly Poison","Noxious Fumes","Underhanded Strike","Noxious Fumes","Cloak And Dagger","Venomology","Dagger Spray","Poisoned Stab","Dagger Throw","Phantasmal Killer","Sucker Punch","RitualDagger","Decay"],"relics":["Ring of the Snake","Bag of Marbles","Nunchaku","HornCleat","Juzu Bracelet","WristBlade"],"acts_visited":["Exordium","TheCity"],"potions_floor_usage":[7,7,7,12,12,12,13,16,18,18,22],"damage_taken":[{"damage":0,"enemies":"2 Louse","floor":1,"turns":3},{"damage":12,"enemies":"Small Slimes","floor":2,"turns":4},{"damage":7,"enemies":"Jaw Worm","floor":3,"turns":4},{"damage":7,"enemies":"2 Fungi Beasts","floor":4,"turns":4},{"damage":26,"enemies":"3 Louse","floor":5,"turns":4},{"damage":19,"enemies":"Gremlin Nob","floor":7,"turns":4},{"damage":0,"enemies":"Gremlin Nob","floor":12,"turns":3},{"damage":10,"enemies":"Large Slime","floor":13,"turns":4},{"damage":0,"enemies":"2 Fungi Beasts","floor":14,"turns":3},{"damage":8,"enemies":"Slime Boss","floor":16,"turns":7},{"damage":23,"enemies":"Shell Parasite","floor":18,"turns":6},{"damage":31,"enemies":"Masked Bandits","floor":22,"turns":3}],"seed_played":"5224764251466537881","potions_obtained":[{"floor":3,"key":"ColorlessPotion"},{"floor":4,"key":"AttackPotion"},{"floor":5,"key":"EntropicBrew"},{"floor":7,"key":"CunningPotion"},{"floor":12,"key":"Fruit Juice"}],"is_trial":false,"path_per_floor":["M","M","M","M","M","R","E","?","T","$","R","?","M","M","R","B",null,"M","?","?","?","?"],"character_chosen":"THE_SILENT","items_purchased":["HornCleat"],"campfire_rested":3,"item_purchase_floors":[10],"current_hp_per_floor":[59,47,40,33,7,25,6,6,6,6,24,29,19,19,38,30,56,33,27,27,27,0,0],"gold":137,"neow_bonus":"REMOVE_TWO","is_daily":false,"chose_seed":false,"campfire_upgraded":0,"win_rate":0.0,"timestamp":1610195149,"path_taken":["M","M","M","M","M","R","E","?","T","$","R","?","M","M","R","BOSS","M","?","?","?","?"],"items_purchased_type":["Relic"],"build_version":"2020-12-22","purchased_purges":1,"victory":false,"max_hp_per_floor":[60,60,60,60,60,60,60,60,60,60,60,65,65,65,65,65,65,65,65,65,65,65,65],"card_choices":[{"not_picked":["Slice","Well Laid Plans"],"picked":"Deadly Poison","floor":1},{"not_picked":["Blade Dance","Sucker Punch"],"picked":"Noxious Fumes","floor":2},{"not_picked":["Quick Slash","Backflip"],"picked":"Underhanded Strike","floor":3},{"not_picked":["Dagger Spray","Dodge and Roll"],"picked":"Noxious Fumes","floor":4},{"not_picked":["Choke","Acrobatics"],"picked":"Cloak And Dagger","floor":5},{"not_picked":["Finisher","Backflip"],"picked":"Venomology","floor":7},{"not_picked":["Flechettes","Well Laid Plans"],"picked":"Dagger Spray","floor":12},{"not_picked":["Prepared","Deflect"],"picked":"Poisoned Stab","floor":13},{"not_picked":["Deadly Poison","Dagger Spray"],"picked":"Dagger Throw","floor":14},{"not_picked":["Venomology","Storm of Steel"],"picked":"Phantasmal Killer","floor":16},{"not_picked":["Eviscerate","Cloak And Dagger"],"picked":"Sucker Punch","floor":18}],"player_experience":1086975,"relics_obtained":[{"floor":7,"key":"Bag of Marbles"},{"floor":9,"key":"Nunchaku"},{"floor":12,"key":"Juzu Bracelet"}],"event_choices":[{"damage_healed":0,"gold_gain":150,"player_choice":"AGREE","damage_taken":0,"max_hp_gain":0,"max_hp_loss":0,"event_name":"Liars Game","floor":8,"gold_loss":0,"cards_obtained":["Doubt"]},{"damage_healed":0,"gold_gain":0,"player_choice":"Searched \u00271\u0027 times","damage_taken":0,"max_hp_gain":0,"max_hp_loss":0,"event_name":"Dead Adventurer","floor":12,"gold_loss":0},{"damage_healed":0,"gold_gain":0,"player_choice":"Joined the Cult","damage_taken":6,"max_hp_gain":0,"max_hp_loss":0,"event_name":"Nest","floor":19,"gold_loss":0,"cards_obtained":["RitualDagger"]},{"cards_removed":["Strike_G"],"damage_healed":0,"gold_gain":0,"player_choice":"Gave Gold","damage_taken":0,"max_hp_gain":0,"max_hp_loss":0,"event_name":"Beggar","floor":20,"gold_loss":75},{"damage_healed":0,"gold_gain":0,"player_choice":"Smashed Altar","damage_taken":0,"max_hp_gain":0,"max_hp_loss":0,"event_name":"Forgotten Altar","floor":21,"gold_loss":0,"cards_obtained":["Decay"]},{"damage_healed":0,"gold_gain":0,"player_choice":"Fought Bandits","damage_taken":0,"max_hp_gain":0,"max_hp_loss":0,"event_name":"Masked Bandits","floor":22,"gold_loss":0}],"is_beta":false,"boss_relics":[{"not_picked":["Runic Pyramid","Pandora\u0027s Box"],"picked":"WristBlade"}],"items_purged_floors":[10],"is_endless":false,"potions_floor_spawned":[3,4,5,7,12],"killed_by":"Masked Bandits","ascension_level":19}}