{"host":"2m78pqva0leqn903","time":1610179829,"event":{"mods":["BaseMod","Minty Spire (QoL Compilation)","StSLib","TestMod"],"gold_per_floor":[115,132,57,57,14,57,72,107,107,145,145,185,205,228,228,321,321,340,255,155,175,175,214,245,257,269,294,349,361,913,938,950,1056,1068,1098,1131,1166,1178,1190,1238,713,727,727,727,175,200,200,231,231,231,231],"floor_reached":52,"playtime":2097,"items_purged":["Strike_R","Strike_R","Strike_R","Defend_R"],"score":1985,"play_id":"41b8491a-e619-4d16-9f9e-dbcbfdc4f5dd","local_time":"20210109161029","is_ascension_mode":true,"campfire_choices":[{"data":"Sword Boomerang","floor":11.0,"key":"SMITH"},{"data":"Evolve","floor":15.0,"key":"SMITH"},{"data":"Battle Trance","floor":25.0,"key":"SMITH"},{"data":"Bash","floor":32.0,"key":"SMITH"},{"data":"Inflame","floor":44.0,"key":"SMITH"},{"floor":47.0,"key":"RECALL"},{"data":"Defend_R","floor":49.0,"key":"SMITH"}],"circlet_count":0,"master_deck":["AscendersBane","Defend_R","Defend_R","Defend_R+1","Bash+1","Evolve+1","Sword Boomerang+1","Battle Trance+1","Flex+1","Pummel+1","Fiend Fire+1","Shrug It Off+1","Flex+1","Limit Break+1","Impervious+1","Inflame+1","Double Tap+1"],"relics":["Black Blood","testmod-TestBox","testmod-Fanaticism","Golden Idol","Toxic Egg 2","Self Forming Clay","Molten Egg 2","Blood Vial","Vajra","Coffee Dripper","Darkstone Periapt","MawBank","testmod-Hope","Smiling Mask","Regal Pillow","Brimstone","testmod-IndustrialRevolution","Bronze Scales","Shuriken","Bag of Marbles","Potion Belt","Cauldron","Lantern"],"acts_visited":["Exordium","TheCity","TheBeyond"],"potions_floor_usage":[],"damage_taken":[{"damage":0.0,"enemies":"Cultist","floor":1.0,"turns":2.0},{"damage":2.0,"enemies":"2 Louse","floor":2.0,"turns":3.0},{"damage":40.0,"enemies":"3 Sentries","floor":6.0,"turns":5.0},{"damage":0.0,"enemies":"Small Slimes","floor":7.0,"turns":3.0},{"damage":8.0,"enemies":"Gremlin Nob","floor":8.0,"turns":3.0},{"damage":23.0,"enemies":"3 Sentries","floor":10.0,"turns":4.0},{"damage":40.0,"enemies":"Lagavulin","floor":12.0,"turns":4.0},{"damage":0.0,"enemies":"2 Fungi Beasts","floor":13.0,"turns":2.0},{"damage":22.0,"enemies":"3 Louse","floor":14.0,"turns":2.0},{"damage":19.0,"enemies":"Hexaghost","floor":16.0,"turns":4.0},{"damage":37.0,"enemies":"Shell Parasite","floor":18.0,"turns":2.0},{"damage":44.0,"enemies":"2 Thieves","floor":21.0,"turns":3.0},{"damage":83.0,"enemies":"Slavers","floor":23.0,"turns":5.0},{"damage":0.0,"enemies":"Snecko","floor":24.0,"turns":2.0},{"damage":0.0,"enemies":"Sentry and Sphere","floor":27.0,"turns":2.0},{"damage":12.0,"enemies":"Book of Stabbing","floor":28.0,"turns":2.0},{"damage":0.0,"enemies":"Cultist and Chosen","floor":31.0,"turns":2.0},{"damage":90.0,"enemies":"Champ","floor":33.0,"turns":4.0},{"damage":46.0,"enemies":"3 Shapes","floor":35.0,"turns":4.0},{"damage":20.0,"enemies":"Orb Walker","floor":36.0,"turns":3.0},{"damage":5.0,"enemies":"Maw","floor":37.0,"turns":5.0},{"damage":15.0,"enemies":"Giant Head","floor":40.0,"turns":5.0},{"damage":81.0,"enemies":"Transient","floor":42.0,"turns":5.0},{"damage":13.0,"enemies":"4 Shapes","floor":46.0,"turns":2.0},{"damage":40.0,"enemies":"Reptomancer","floor":48.0,"turns":2.0},{"damage":48.0,"enemies":"Donu and Deca","floor":50.0,"turns":2.0},{"damage":55.0,"enemies":"Time Eater","floor":51.0,"turns":3.0}],"seed_played":"-5066637358498035021","potions_obtained":[{"floor":1.0,"key":"LiquidMemories"},{"floor":6.0,"key":"Explosive Potion"},{"floor":14.0,"key":"FairyPotion"},{"floor":16.0,"key":"PowerPotion"},{"floor":33.0,"key":"ColorlessPotion"},{"floor":45.0,"key":"PowerPotion"},{"floor":45.0,"key":"Strength Potion"}],"is_trial":false,"path_per_floor":["M","M","$","?","$","E","M","E","T","E","R","E","M","M","R","B",null,"M","?","$","M","?","E","M","R","T","M","E","?","?","M","R","B",null,"M","M","M","?","?","E","$","M","T","R","$","M","R","E","R","B","B",null],"character_chosen":"IRONCLAD","items_purchased":["Battle Trance","Brimstone","testmod-IndustrialRevolution","Bronze Scales","Bag of Marbles","Potion Belt","Cauldron"],"campfire_rested":0,"item_purchase_floors":[5,41,41,41,45,45,45],"current_hp_per_floor":[81,82,82,54,54,58,64,62,62,74,74,43,51,43,43,59,76,53,53,53,69,69,82,82,82,82,82,82,82,25,33,33,82,82,82,82,82,82,82,82,82,82,82,82,82,82,82,82,82,82,82],"gold":231,"neow_bonus":"TEN_PERCENT_HP_BONUS","is_daily":false,"chose_seed":false,"campfire_upgraded":6,"win_rate":0.0,"timestamp":1610179829,"path_taken":["M","M","?","?","$","E","M","E","T","E","R","E","M","M","R","BOSS","M","?","$","M","?","E","M","R","T","M","E","?","?","M","R","BOSS","M","M","?","?","?","E","$","M","T","R","$","?","R","E","R","BOSS","BOSS"],"items_purchased_type":["Card","Relic","Relic","Relic","Relic","Relic","Relic"],"build_version":"2020-12-22","purchased_purges":4,"victory":true,"max_hp_per_floor":[82,82,82,82,82,82,82,82,82,82,82,82,82,82,82,82,82,82,82,82,82,82,82,82,82,82,82,82,82,82,82,82,82,82,82,82,82,82,82,82,82,82,82,82,82,82,82,82,82,82,82],"card_choices":[{"not_picked":["Perfected Strike","True Grit"],"picked":"Evolve","floor":1.0},{"not_picked":["Rupture","Iron Wave"],"picked":"Sword Boomerang","floor":2.0},{"not_picked":["Intimidate+1","Infernal Blade+1","Bloodletting+1"],"picked":"SKIP","floor":6.0},{"not_picked":["Havoc+1","Body Slam","Sword Boomerang"],"picked":"SKIP","floor":7.0},{"not_picked":["Shockwave+1","Warcry+1"],"picked":"Flex+1","floor":8.0},{"not_picked":["Rupture","Havoc+1","Rage+1"],"picked":"SKIP","floor":10.0},{"not_picked":["Body Slam+1","Clothesline+1","Entrench+1"],"picked":"SKIP","floor":12.0},{"not_picked":["Wild Strike+1","Rage+1","Heavy Blade+1"],"picked":"SKIP","floor":13.0},{"not_picked":["Dark Embrace","Blood for Blood+1"],"picked":"Pummel+1","floor":14.0},{"not_picked":["Reaper+1","Corruption"],"picked":"Fiend Fire+1","floor":16.0},{"not_picked":["Pummel+1","Infernal Blade+1"],"picked":"Shrug It Off+1","floor":18.0},{"not_picked":["Carnage+1","Havoc+1","Cleave+1"],"picked":"SKIP","floor":21.0},{"not_picked":["Rupture","Second Wind+1","Pommel Strike+1"],"picked":"SKIP","floor":23.0},{"not_picked":["Clash+1","Fiend Fire+1","Second Wind+1"],"picked":"SKIP","floor":24.0},{"not_picked":["Thunderclap+1","Clash+1"],"picked":"Flex+1","floor":27.0},{"not_picked":["Twin Strike+1","Iron Wave+1","True Grit+1"],"picked":"SKIP","floor":28.0},{"not_picked":["Pommel Strike+1","Spot Weakness+1","Whirlwind+1"],"picked":"SKIP","floor":31.0},{"not_picked":["Limit Break+1","Exhume+1"],"picked":"Impervious+1","floor":33.0},{"not_picked":["Blood for Blood+1","Sever Soul+1"],"picked":"Inflame","floor":35.0},{"not_picked":["Blood for Blood+1","Dark Embrace","Armaments+1"],"picked":"SKIP","floor":36.0},{"not_picked":["Evolve","Pommel Strike+1","Sword Boomerang+1"],"picked":"SKIP","floor":37.0},{"not_picked":["Cleave+1","Wild Strike+1","Heavy Blade+1"],"picked":"SKIP","floor":40.0},{"not_picked":["Dropkick+1","Disarm+1","Ghostly Armor+1"],"picked":"SKIP","floor":42.0},{"not_picked":["Bloodletting+1","Thunderclap+1","Iron Wave+1"],"picked":"SKIP","floor":46.0},{"not_picked":["Sentinel+1","Battle Trance+1","Armaments+1"],"picked":"SKIP","floor":48.0}],"player_experience":896052,"relics_obtained":[{"floor":6.0,"key":"Toxic Egg 2"},{"floor":8.0,"key":"Self Forming Clay"},{"floor":9.0,"key":"Molten Egg 2"},{"floor":10.0,"key":"Blood Vial"},{"floor":12.0,"key":"Vajra"},{"floor":23.0,"key":"MawBank"},{"floor":26.0,"key":"testmod-Hope"},{"floor":28.0,"key":"Smiling Mask"},{"floor":40.0,"key":"Regal Pillow"},{"floor":43.0,"key":"Shuriken"},{"floor":48.0,"key":"Lantern"}],"event_choices":[{"damage_healed":0.0,"max_hp_gain":0.0,"max_hp_loss":0.0,"gold_gain":0.0,"event_name":"Golden Idol","player_choice":"Take Damage","floor":4.0,"gold_loss":0.0,"damage_taken":28.0,"relics_obtained":["Golden Idol"]},{"damage_healed":0.0,"max_hp_gain":0.0,"max_hp_loss":0.0,"gold_gain":0.0,"event_name":"Addict","player_choice":"Obtained Relic","floor":19.0,"gold_loss":85.0,"damage_taken":0.0,"relics_obtained":["Darkstone Periapt"]},{"cards_removed":["Strike_R"],"damage_healed":0.0,"max_hp_gain":0.0,"max_hp_loss":0.0,"gold_gain":0.0,"event_name":"Back to Basics","player_choice":"Elegance","floor":22.0,"gold_loss":0.0,"damage_taken":0.0},{"damage_healed":0.0,"max_hp_gain":0.0,"max_hp_loss":0.0,"gold_gain":0.0,"event_name":"The Library","player_choice":"Read","floor":29.0,"gold_loss":0.0,"damage_taken":0.0,"cards_obtained":["Limit Break"]},{"damage_healed":0.0,"max_hp_gain":0.0,"max_hp_loss":0.0,"gold_gain":540.0,"event_name":"Knowing Skull","player_choice":"GOLD GOLD GOLD GOLD GOLD GOLD ","floor":30.0,"potions_obtained":[],"gold_loss":0.0,"damage_taken":57.0,"cards_obtained":[]},{"damage_healed":0.0,"max_hp_gain":0.0,"max_hp_loss":0.0,"gold_gain":0.0,"event_name":"SensoryStone","player_choice":"Memory 1","floor":38.0,"gold_loss":0.0,"damage_taken":0.0},{"damage_healed":0.0,"max_hp_gain":0.0,"max_hp_loss":0.0,"gold_gain":0.0,"cards_transformed":["Strike_R"],"event_name":"Transmorgrifier","player_choice":"Transformed","floor":39.0,"gold_loss":0.0,"damage_taken":0.0,"cards_obtained":["Double Tap"]}],"is_beta":false,"boss_relics":[{"not_picked":["Fusion Hammer","testmod-HarvestTotem"],"picked":"Coffee Dripper"},{"not_picked":["testmod-KeyOfTheVoid","testmod-Prudence"],"picked":"Black Blood"}],"items_purged_floors":[3,20,41,45],"is_endless":false,"potions_floor_spawned":[1,6,14,16,18,24,28,31,33,37,42,46,48],"ascension_level":20}}