{"host":"ci7ivtocgfxh0ueo","time":1610197359,"event":{"mods":["BaseMod","GifTheSpireLib","Minty Spire (QoL Compilation)","StSLib"],"gold_per_floor":[117,117,192,192,202,202,213,213,240,266,278,306,336,348,360,372,372],"floor_reached":16,"playtime":301,"items_purged":[],"score":170,"play_id":"9eda3b7e-c840-4a46-b118-4d2ec9a7debc","local_time":"20210109210239","is_ascension_mode":true,"campfire_choices":[{"data":"Finesse","floor":6,"key":"SMITH"},{"floor":15,"key":"REST"}],"circlet_count":0,"master_deck":["AscendersBane","Strike_R","Strike_R","Strike_R","Strike_R","Strike_R+1","Defend_R","Defend_R","Defend_R","Defend_R","Bash","Finesse+1","Rampage","Spot Weakness","Inflame+1","Clash","Ghostly Armor"],"relics":["Burning Blood","MawBank","Anchor"],"acts_visited":["Exordium"],"potions_floor_usage":[16,16],"damage_taken":[{"damage":4,"enemies":"2 Louse","floor":1,"turns":4},{"damage":7,"enemies":"Small Slimes","floor":5,"turns":3},{"damage":14,"enemies":"Jaw Worm","floor":7,"turns":3},{"damage":12,"enemies":"3 Louse","floor":10,"turns":5},{"damage":4,"enemies":"2 Fungi Beasts","floor":12,"turns":3},{"damage":2,"enemies":"Looter","floor":13,"turns":4},{"damage":51,"enemies":"Hexaghost","floor":16,"turns":9}],"seed_played":"872388405818749793","potions_obtained":[{"floor":10,"key":"Block Potion"},{"floor":13,"key":"FearPotion"}],"is_trial":false,"path_per_floor":["M","?","?","?","M","R","M","?","T","M","?","M","M","$","R","B"],"character_chosen":"IRONCLAD","items_purchased":[],"campfire_rested":1,"item_purchase_floors":[],"current_hp_per_floor":[70,75,64,64,63,63,55,31,31,25,20,22,26,26,50,0,0],"gold":372,"neow_bonus":"RANDOM_COLORLESS","is_daily":false,"chose_seed":false,"campfire_upgraded":1,"win_rate":0.0,"timestamp":1610197359,"path_taken":["M","?","?","?","M","R","M","?","T","?","?","M","M","$","R","BOSS"],"items_purchased_type":[],"build_version":"2020-12-22","purchased_purges":0,"victory":false,"max_hp_per_floor":[75,80,80,80,80,80,80,80,80,80,80,80,80,80,80,80,80],"card_choices":[{"not_picked":["Jack Of All Trades","Purity"],"picked":"Finesse","floor":0},{"not_picked":["Blood for Blood","Anger"],"picked":"Rampage","floor":1},{"not_picked":["Rage","Wild Strike"],"picked":"Spot Weakness","floor":5},{"not_picked":["Wild Strike","Battle Trance"],"picked":"Inflame","floor":7},{"not_picked":["Pommel Strike","Sentinel"],"picked":"Clash","floor":10},{"not_picked":["Power Through","Perfected Strike","Anger"],"picked":"SKIP","floor":12},{"not_picked":["Disarm","Anger"],"picked":"Ghostly Armor","floor":13}],"player_experience":1328748,"relics_obtained":[{"floor":9,"key":"MawBank"}],"event_choices":[{"damage_healed":0,"gold_gain":0,"player_choice":"Donut","damage_taken":0,"max_hp_gain":5,"max_hp_loss":0,"event_name":"Big Fish","floor":2,"gold_loss":0},{"damage_healed":0,"gold_gain":75,"player_choice":"Gather Gold","damage_taken":11,"max_hp_gain":0,"max_hp_loss":0,"event_name":"World of Goop","floor":3,"gold_loss":0},{"damage_healed":0,"gold_gain":0,"player_choice":"Ignored","damage_taken":0,"max_hp_gain":0,"max_hp_loss":0,"event_name":"Golden Idol","floor":4,"gold_loss":0},{"damage_healed":0,"gold_gain":0,"player_choice":"Entered Light","damage_taken":24,"max_hp_gain":0,"max_hp_loss":0,"event_name":"Shining Light","floor":8,"gold_loss":0,"cards_upgraded":["Strike_R","Inflame"]},{"damage_healed":0,"gold_gain":0,"player_choice":"Success","damage_taken":5,"relics_obtained":["Anchor"],"max_hp_gain":0,"max_hp_loss":0,"event_name":"Scrap Ooze","floor":11,"gold_loss":0}],"is_beta":false,"boss_relics":[],"items_purged_floors":[],"is_endless":false,"potions_floor_spawned":[10,13],"killed_by":"Hexaghost","ascension_level":17}}