{"host":"0jile2yd1dg679g0","time":1610227159,"event":{"mods":["AchievementEnabler","Act Like it!","BaseMod","Better Third Choice","Colored Map","Colored Powertips","Gensokyo","Hermit","Luminous","Marisa????????","Minty Spire (QoL Compilation)","Random Character Button","Spicy Shops","StSLib","The Servant 0.9.4","Transform Curses","Waifu the Spire"],"gold_per_floor":[14,14,24,24,40,75,75,109,109,109,109,137,137,173,173,282,282,302,327,327,22,22,22,22,22,22,22,42,42,64,73,73,73,73],"floor_reached":33,"playtime":2138,"items_purged":[],"score":386,"play_id":"390720c7-143d-4b58-b356-b005f233f29b","local_time":"20210109161919","is_ascension_mode":true,"campfire_choices":[{"floor":7,"key":"REST"},{"data":"Flame Barrier","floor":10,"key":"SMITH"},{"data":"Anger","floor":13,"key":"SMITH"},{"data":"Dual Wield","floor":15,"key":"SMITH"},{"data":"Double Tap","floor":23,"key":"SMITH"},{"data":"Spot Weakness","floor":25,"key":"SMITH"},{"data":"Anger","floor":27,"key":"SMITH"},{"data":"RitualDagger","floor":32,"key":"SMITH"}],"circlet_count":0,"master_deck":["Strike_R","Strike_R","Strike_R","Defend_R","Defend_R","Defend_R+1","Defend_R","Bash","Anger+1","Metallicize","Pommel Strike","Fire Breathing","Flame Barrier+1","Flame Barrier+1","Anger","Dual Wield+1","Double Tap+1","Anger+1","Spot Weakness+1","Heavy Blade","Burning Pact+1","RitualDagger+1"],"relics":["Burning Blood","WarpedTongs","CeramicFish","Mummified Hand","War Paint","TungstenRod","Sozu","Anchor","Medical Kit","Pen Nib","Thread and Needle"],"acts_visited":["Exordium","TheCity"],"potions_floor_usage":[3,8,14,33],"damage_taken":[{"damage":0,"enemies":"Cultist","floor":1,"turns":3},{"damage":4,"enemies":"2 Louse","floor":3,"turns":5},{"damage":6,"enemies":"Jaw Worm","floor":5,"turns":3},{"damage":33,"enemies":"Lagavulin","floor":6,"turns":5},{"damage":8,"enemies":"Gremlin Nob","floor":8,"turns":4},{"damage":5,"enemies":"2 Fungi Beasts","floor":12,"turns":4},{"damage":8,"enemies":"Lagavulin","floor":14,"turns":5},{"damage":37,"enemies":"Hexaghost","floor":16,"turns":8},{"damage":5,"enemies":"3 Byrds","floor":18,"turns":3},{"damage":3,"enemies":"Chosen","floor":19,"turns":4},{"damage":8,"enemies":"Snecko","floor":28,"turns":5},{"damage":0,"enemies":"Cultist and Chosen","floor":30,"turns":5},{"damage":90,"enemies":"Automaton","floor":33,"turns":10}],"seed_played":"4475161413435321252","potions_obtained":[{"floor":1,"key":"Fruit Juice"},{"floor":6,"key":"EssenceOfSteel"},{"floor":12,"key":"Energy Potion"},{"floor":14,"key":"SpeedPotion"}],"is_trial":false,"path_per_floor":["M","?","M","$","M","E","R","E","T","R","$","M","R","E","R","B",null,"M","M","?","$","?","R","?","R","T","R","M","?","M","?","R","B"],"character_chosen":"IRONCLAD","items_purchased":["Anchor","Medical Kit"],"campfire_rested":1,"item_purchase_floors":[21,21],"current_hp_per_floor":[78,78,85,85,85,58,83,81,81,81,81,82,82,80,80,49,76,77,80,80,80,80,80,80,80,80,80,78,78,84,79,79,0,0],"gold":73,"neow_bonus":"TRANSFORM_TWO_CARDS","is_daily":false,"chose_seed":false,"campfire_upgraded":7,"win_rate":0.0,"timestamp":1610227159,"path_taken":["M","?","M","$","?","E","R","E","T","R","?","M","R","E","R","BOSS","M","M","?","$","?","R","?","R","T","R","?","?","M","?","R","BOSS"],"items_purchased_type":["Relic","Relic"],"build_version":"2020-12-22","purchased_purges":0,"victory":false,"max_hp_per_floor":[80,80,85,85,85,85,85,85,85,85,85,85,85,85,85,85,85,85,85,85,85,85,85,85,85,85,85,85,85,85,85,85,85,85],"card_choices":[{"not_picked":["Power Through","Iron Wave"],"picked":"Pommel Strike","floor":1},{"not_picked":["Shrug It Off","Armaments"],"picked":"Fire Breathing","floor":3},{"not_picked":["Bloodletting","Clash","Armaments"],"picked":"SKIP","floor":5},{"not_picked":["Twin Strike","Headbutt"],"picked":"Flame Barrier","floor":6},{"not_picked":["Power Through","Rage"],"picked":"Flame Barrier","floor":8},{"not_picked":["Havoc","Headbutt"],"picked":"Anger","floor":12},{"not_picked":["Heavy Blade","Rampage"],"picked":"Dual Wield","floor":14},{"not_picked":["Fiend Fire","Limit Break"],"picked":"Double Tap","floor":16},{"not_picked":["Fire Breathing","Ghostly Armor"],"picked":"Anger","floor":18},{"not_picked":["Second Wind","Metallicize+1"],"picked":"Spot Weakness","floor":19},{"not_picked":["Flex","Havoc"],"picked":"Heavy Blade","floor":28},{"not_picked":["Body Slam","Pommel Strike"],"picked":"Burning Pact+1","floor":30}],"player_experience":261053,"relics_obtained":[{"floor":6,"key":"CeramicFish"},{"floor":8,"key":"Mummified Hand"},{"floor":9,"key":"War Paint"},{"floor":14,"key":"TungstenRod"},{"floor":24,"key":"Pen Nib"},{"floor":26,"key":"Thread and Needle"}],"event_choices":[{"damage_healed":0,"gold_gain":0,"player_choice":"Rummage","damage_taken":0,"relics_obtained":["WarpedTongs"],"max_hp_gain":0,"max_hp_loss":0,"event_name":"Accursed Blacksmith","floor":2,"gold_loss":0,"cards_obtained":["Pain"]},{"damage_healed":0,"gold_gain":0,"player_choice":"Ignored","damage_taken":0,"max_hp_gain":0,"max_hp_loss":0,"event_name":"Cursed Tome","floor":20,"gold_loss":0},{"damage_healed":0,"gold_gain":0,"player_choice":"Ignored","damage_taken":0,"max_hp_gain":0,"max_hp_loss":0,"event_name":"Ghosts","floor":22,"gold_loss":0},{"damage_healed":0,"gold_gain":0,"player_choice":"Relic","damage_taken":0,"max_hp_gain":0,"max_hp_loss":0,"event_name":"Wheel of Change","floor":24,"gold_loss":0},{"cards_removed":["Pain"],"damage_healed":0,"gold_gain":0,"player_choice":"Elegance","damage_taken":0,"max_hp_gain":0,"max_hp_loss":0,"event_name":"betterThird:BetterWriting","floor":29,"gold_loss":0},{"damage_healed":0,"gold_gain":0,"player_choice":"Dagger","damage_taken":6,"max_hp_gain":0,"max_hp_loss":0,"event_name":"betterThird:BetterNest","floor":31,"gold_loss":0,"cards_obtained":["RitualDagger"]}],"is_beta":false,"boss_relics":[{"not_picked":["Ectoplasm","Empty Cage"],"picked":"Sozu"}],"items_purged_floors":[],"is_endless":false,"potions_floor_spawned":[1,6,12,14,28],"killed_by":"Automaton","ascension_level":7}}