{"host":"fjyrzoy7zi2e08p3","time":1610204205,"event":{"mods":["Aspiration","BaseMod","BetterRewards","Colored Map","Colored Powertips","Dota2Spire","Downfall","Highlight Path","KinomotoSakuraMod(木之本樱)","Marisa（F雨　魔理沙）","Minty Spire (QoL Compilation)","Quick Restart","Remilia（蕾米莉亚）","RumiaBox-露米娅的神秘盒子","Spicy Shops","StSLib","SuperFastMode","Waifu the Spire","WarShipGirlsR/战舰少女R mod"],"gold_per_floor":[114,189,189,364,382,382,425,425,448,448,467,508,74,88,88,208,208,222,235,235,235,253,291,316,352,378,378,398,417,442,469,469,588,588,611,631,649,649,17,17,52,52,52,87,87,105,174,217,217,217],"floor_reached":51,"playtime":2720,"items_purged":["rmod:defend","Doubt","rmod:strick","rmod:defend"],"score":1790,"play_id":"00f84394-0e5a-4881-9a8e-ec76d720e428","local_time":"20210109225645","is_ascension_mode":true,"campfire_choices":[{"data":"rmod:royalracing","floor":6.0,"key":"SMITH"},{"floor":8.0,"key":"REST"},{"data":"rmod:generalist","floor":10.0,"key":"SMITH"},{"floor":15.0,"key":"REST"},{"data":"rmod:ammunitionsupply","floor":27.0,"key":"SMITH"},{"data":"rmod:circuitoustactics","floor":32,"key":"SMITH"},{"data":"rmod:royalracing","floor":40,"key":"SMITH"},{"data":"rmod:circuitoustactics","floor":42,"key":"SMITH"},{"data":"rmod:highspeedmaneuver","floor":45,"key":"SMITH"},{"data":"rmod:diaomin","floor":49,"key":"SMITH"}],"circlet_count":0,"master_deck":["AscendersBane","rmod:strick","rmod:strick","rmod:strick","rmod:defend","rmod:defend","rmod:basicallowance","rmod:maingunfire","rmod:garrisonisland","rmod:maintain","rmod:royalracing+1","rmod:firesupport","rmod:ammunitionsupply+1","rmod:generalist+1","rmod:circuitoustactics+1","rmod:expeditionaryescort+1","CurseOfTheBell","rmod:highspeedmaneuver+1","rmod:diaomin+1","rmod:tearstotiara","rmod:fuelsupply+1","rmod:firesupport+1","rmod:tearstotiara+1","rmod:royalracing+1","rmod:circuitoustactics+1","rmod:highspeedshooting+1"],"relics":["rmod:firstchargereward","Lee\u0027s Waffle","Orrery","Centennial Puzzle","Dota2Spire:HeartOfTarrasque","Golden Idol","Smiling Mask","Blood Vial","Membership Card","TheAbacus","Prayer Wheel","Calling Bell","Anchor","MagicDraw4","Dota2Spire:AssaultCuirass","MutagenicStrength","StoneCalendar","Dota2Spire:PowerTreads","Dota2Spire:MagicBottle","aspiration:Lifesprig","SacredBark","Happy Flower","Ice Cream","Dota2Spire:EyeOfSkadi","Potion Belt","HandDrill","Dota2Spire:UrnOfShadows","Dota2Spire:BattleFury","aspiration:HiddenCompartment","Dota2Spire:Butterfly","Pen Nib"],"acts_visited":["Exordium","TheCity","TheBeyond"],"potions_floor_usage":[29,35,41,50,50],"damage_taken":[{"damage":0.0,"enemies":"Cultist","floor":1.0,"turns":2.0},{"damage":8.0,"enemies":"Small Slimes","floor":5.0,"turns":2.0},{"damage":44.0,"enemies":"3 Sentries","floor":7.0,"turns":7.0},{"damage":6.0,"enemies":"2 Louse","floor":11.0,"turns":2.0},{"damage":0.0,"enemies":"Gremlin Nob","floor":12.0,"turns":3.0},{"damage":0.0,"enemies":"Large Slime","floor":14.0,"turns":3.0},{"damage":44.0,"enemies":"Slime Boss","floor":16.0,"turns":9.0},{"damage":3.0,"enemies":"2 Thieves","floor":18.0,"turns":3.0},{"damage":14.0,"enemies":"Shell Parasite","floor":19.0,"turns":4.0},{"damage":6.0,"enemies":"Snake Plant","floor":22.0,"turns":3.0},{"damage":1.0,"enemies":"Gremlin Leader","floor":23.0,"turns":5.0},{"damage":3.0,"enemies":"3 Cultists","floor":24.0,"turns":5.0},{"damage":46.0,"enemies":"Book of Stabbing","floor":25.0,"turns":6.0},{"damage":14.0,"enemies":"Sentry and Sphere","floor":28.0,"turns":4.0},{"damage":0,"enemies":"Shelled Parasite and Fungi","floor":29,"turns":2},{"damage":2,"enemies":"Centurion and Healer","floor":30,"turns":6},{"damage":0,"enemies":"Champ","floor":33,"turns":4},{"damage":14,"enemies":"Orb Walker","floor":35,"turns":3},{"damage":12,"enemies":"3 Darklings","floor":36,"turns":3},{"damage":12,"enemies":"Writhing Mass","floor":37,"turns":4},{"damage":43,"enemies":"Reptomancer","floor":41,"turns":3},{"damage":0,"enemies":"Nemesis","floor":44,"turns":3},{"damage":12,"enemies":"4 Shapes","floor":46,"turns":2},{"damage":0,"enemies":"2 Orb Walkers","floor":47,"turns":2},{"damage":0,"enemies":"Giant Head","floor":48,"turns":2},{"damage":0,"enemies":"Donu and Deca","floor":50,"turns":3}],"seed_played":"-8061887228603977406","potions_obtained":[{"floor":7.0,"key":"Dota2Spire:Clarity"},{"floor":11.0,"key":"Weak Potion"},{"floor":12.0,"key":"PowerPotion"},{"floor":14.0,"key":"Strength Potion"},{"floor":16.0,"key":"Swift Potion"},{"floor":19.0,"key":"SteroidPotion"},{"floor":25.0,"key":"FairyPotion"},{"floor":30,"key":"LiquidBronze"},{"floor":35,"key":"Fire Potion"},{"floor":37,"key":"SteroidPotion"},{"floor":44,"key":"SpeedPotion"},{"floor":48,"key":"DistilledChaos"}],"is_trial":false,"path_per_floor":["M","?","?","?","M","R","E","R","T","R","M","E","$","M","R","B",null,"M","M","?","?","M","E","M","E","T","R","M","M","M","T","R","B",null,"M","M","M","?","$","R","E","R","T","E","R","M","?","E","R","B",null],"character_chosen":"PRAEFECT","items_purchased":["rmod:garrisonisland","Lee\u0027s Waffle","Orrery","Centennial Puzzle","Membership Card","TheAbacus","Prayer Wheel","Ice Cream","Dota2Spire:EyeOfSkadi","Potion Belt","rmod:circuitoustactics","HandDrill","PowerPotion","Dota2Spire:Clarity"],"campfire_rested":2,"item_purchase_floors":[0,0,0,0,13,13,13,39,39,39,39,39,39,39],"current_hp_per_floor":[90,79,57,57,49,49,5,32,32,32,26,26,26,28,55,17,72,71,63,63,63,61,66,69,25,25,25,15,19,34,34,34,53,81,69,61,51,51,56,56,17,17,17,25,25,17,22,28,28,37],"gold":217,"neow_bonus":"","is_daily":false,"chose_seed":false,"campfire_upgraded":8,"win_rate":0.0,"timestamp":1610204205,"path_taken":["M","?","?","?","M","R","E","R","T","R","M","E","$","M","R","BOSS","M","M","?","?","M","E","M","E","T","R","M","?","M","?","R","BOSS","M","M","?","?","$","R","E","R","T","E","R","?","?","E","R","BOSS"],"items_purchased_type":["Card","Relic","Relic","Relic","Relic","Relic","Relic","Relic","Relic","Relic","Card","Relic","Potion","Potion"],"build_version":"2020-12-22","purchased_purges":4,"victory":true,"max_hp_per_floor":[90,90,90,90,90,90,90,90,90,90,90,90,90,90,90,90,90,90,90,90,90,90,90,90,90,90,90,90,90,90,90,90,90,90,90,90,90,90,95,95,95,95,95,95,95,95,95,95,95,95],"card_choices":[{"not_picked":["rmod:mineteam","rmod:capitalist"],"picked":"rmod:maintain","floor":0.0},{"not_picked":["rmod:overbreakdown","rmod:steelsupply"],"picked":"rmod:royalracing","floor":0.0},{"not_picked":["rmod:supriseattacks","rmod:rockthrower"],"picked":"rmod:firesupport","floor":0.0},{"not_picked":["rmod:fletcherpendant","rmod:luckystar"],"picked":"rmod:ammunitionsupply","floor":1.0},{"not_picked":["rmod:sl","rmod:launchingtorpedo","rmod:intelligenceanalysis"],"picked":"SKIP","floor":5.0},{"not_picked":["rmod:sl","rmod:goodsister"],"picked":"rmod:generalist","floor":7.0},{"not_picked":["rmod:fuelsupply","rmod:steelsupply"],"picked":"rmod:circuitoustactics","floor":11.0},{"not_picked":["rmod:tearstotiara","rmod:bulid","rmod:steelsupply"],"picked":"SKIP","floor":12.0},{"not_picked":["rmod:steelsupply","rmod:advancebysurprise","rmod:rockthrower"],"picked":"SKIP","floor":14.0},{"not_picked":["rmod:smokecover","rmod:shuttlebombing","rmod:firesupport"],"picked":"SKIP","floor":14.0},{"not_picked":["rmod:stealaluminum","rmod:auspiciousomen"],"picked":"rmod:expeditionaryescort","floor":16.0},{"not_picked":["rmod:ammunitionsupply","rmod:tearstotiara","rmod:victimresponsibility"],"picked":"SKIP","floor":18.0},{"not_picked":["rmod:wasp","rmod:fletcherpendant","rmod:guardianhero"],"picked":"SKIP","floor":18.0},{"not_picked":["rmod:goodsister","rmod:diamondstrike","rmod:heivgo"],"picked":"SKIP","floor":19.0},{"not_picked":["rmod:smokecover","rmod:overbreakdown+1","rmod:supportescort"],"picked":"SKIP","floor":19.0},{"not_picked":["rmod:goodfighter","rmod:circuitoustactics"],"picked":"rmod:highspeedmaneuver","floor":22.0},{"not_picked":["rmod:highspeedshooting","rmod:overbreakdown","rmod:heivgo"],"picked":"SKIP","floor":22.0},{"not_picked":["rmod:highspeedshooting+1","rmod:combined"],"picked":"rmod:diaomin","floor":23.0},{"not_picked":["rmod:fuelsupply","rmod:aggressivemary+1"],"picked":"rmod:tearstotiara","floor":24.0},{"not_picked":["rmod:diaomin+1","rmod:advancebysurprise","rmod:diamondstrike"],"picked":"SKIP","floor":24.0},{"not_picked":["rmod:spoils","rmod:expeditionaryescort","rmod:tearstotiara"],"picked":"SKIP","floor":25.0},{"not_picked":["rmod:guardianhero","rmod:ammunitionsupply","rmod:unsinkable"],"picked":"SKIP","floor":28.0},{"not_picked":["rmod:steelsupply","rmod:overbreakdown","rmod:aviationdawn"],"picked":"SKIP","floor":28.0},{"not_picked":["rmod:aluminumsupply+1","rmod:steelsupply"],"picked":"rmod:fuelsupply+1","floor":29},{"not_picked":["rmod:unsinkable","rmod:highspeedshooting","rmod:fletcherpendant"],"picked":"SKIP","floor":29},{"not_picked":["rmod:saltedfish","rmod:sl"],"picked":"rmod:firesupport+1","floor":30},{"not_picked":["rmod:aviationdawn","rmod:concentratefire","rmod:supportescort"],"picked":"SKIP","floor":30},{"not_picked":["rmod:steelsupply+1","rmod:highspeedshooting+1"],"picked":"rmod:tearstotiara+1","floor":35},{"not_picked":["rmod:advancebysurprise","rmod:victimresponsibility+1","rmod:lonelyqueen"],"picked":"SKIP","floor":35},{"not_picked":["rmod:overbreakdown","rmod:tearstotiara","rmod:heivgo+1"],"picked":"SKIP","floor":36},{"not_picked":["rmod:combined","rmod:ammunitionsupply","rmod:wolves+1"],"picked":"SKIP","floor":36},{"not_picked":["rmod:fuelsupply+1","rmod:aviationdawn"],"picked":"rmod:royalracing","floor":37},{"not_picked":["rmod:highspeedshooting","rmod:victimresponsibility"],"picked":"rmod:salvage","floor":37},{"not_picked":["rmod:supriseattacks","rmod:timeschanged","rmod:aviationdawn"],"picked":"SKIP","floor":41},{"not_picked":["rmod:ammunitionsupply+1","rmod:fletcherpendant","rmod:intelligenceanalysis"],"picked":"SKIP","floor":44},{"not_picked":["rmod:launchingtorpedo+1","rmod:salvage+1","rmod:ring+1"],"picked":"SKIP","floor":46},{"not_picked":["rmod:aviationdawn","rmod:rockthrower+1","rmod:aggressivemary"],"picked":"SKIP","floor":46},{"not_picked":["rmod:aluminumsupply","rmod:supportescort+1"],"picked":"rmod:highspeedshooting+1","floor":47},{"not_picked":["rmod:smokecover+1","rmod:shuttlebombing","rmod:supriseattacks"],"picked":"SKIP","floor":48}],"player_experience":134582,"relics_obtained":[{"floor":7.0,"key":"Smiling Mask"},{"floor":12.0,"key":"Blood Vial"},{"floor":17.0,"key":"Anchor"},{"floor":17.0,"key":"MagicDraw4"},{"floor":17.0,"key":"Dota2Spire:AssaultCuirass"},{"floor":23.0,"key":"StoneCalendar"},{"floor":25.0,"key":"Dota2Spire:PowerTreads"},{"floor":26.0,"key":"Dota2Spire:MagicBottle"},{"floor":31,"key":"aspiration:Lifesprig"},{"floor":41,"key":"Dota2Spire:UrnOfShadows"},{"floor":43,"key":"Dota2Spire:BattleFury"},{"floor":44,"key":"aspiration:HiddenCompartment"},{"floor":47,"key":"Dota2Spire:Butterfly"},{"floor":48,"key":"Pen Nib"}],"event_choices":[{"damage_healed":0.0,"max_hp_gain":0.0,"max_hp_loss":0.0,"gold_gain":75.0,"event_name":"World of Goop","player_choice":"Gather Gold","floor":2.0,"gold_loss":0.0,"damage_taken":11.0},{"damage_healed":0.0,"max_hp_gain":0.0,"max_hp_loss":0.0,"gold_gain":0.0,"event_name":"Golden Idol","player_choice":"Take Damage","floor":3.0,"gold_loss":0.0,"damage_taken":22.0,"relics_obtained":["Golden Idol"]},{"damage_healed":0.0,"max_hp_gain":0.0,"max_hp_loss":0.0,"gold_gain":175.0,"event_name":"Liars Game","player_choice":"AGREE","floor":4.0,"gold_loss":0.0,"damage_taken":0.0,"cards_obtained":["Doubt"]},{"damage_healed":0.0,"max_hp_gain":0.0,"max_hp_loss":0.0,"gold_gain":0.0,"event_name":"Drug Dealer","player_choice":"Inject Mutagens","floor":20.0,"gold_loss":0.0,"damage_taken":0.0,"relics_obtained":["MutagenicStrength"]},{"damage_healed":0.0,"max_hp_gain":0.0,"max_hp_loss":0.0,"gold_gain":0.0,"event_name":"Accursed Blacksmith","player_choice":"Forge","floor":21.0,"gold_loss":0.0,"damage_taken":0.0,"cards_upgraded":["rmod:expeditionaryescort"]},{"cards_removed":["rmod:salvage"],"damage_healed":0,"gold_gain":0,"player_choice":"Gave Card","damage_taken":0,"relics_obtained":["Happy Flower"],"max_hp_gain":0,"max_hp_loss":0,"event_name":"WeMeetAgain","floor":38,"gold_loss":0},{"damage_healed":0,"gold_gain":0,"player_choice":"Fight","damage_taken":0,"max_hp_gain":0,"max_hp_loss":0,"event_name":"Mysterious Sphere","floor":47,"gold_loss":0}],"is_beta":false,"boss_relics":[{"not_picked":["rmod:mogul","SoulBox"],"picked":"Calling Bell"},{"not_picked":["aspiration:MarisaSkillbook","aspiration:RunicSpoon"],"picked":"SacredBark"}],"items_purged_floors":[0,13,39,39],"is_endless":false,"potions_floor_spawned":[7,11,12,14,16,19,22,23,25,30,35,37,44,47,48],"ascension_level":10}}