{"host":"04tps7riamijm2m0","time":1610174633,"event":{"mods":["Act Like it!","BaseMod","Gensokyo","Marisa（F雨　魔理沙）","Minty Spire (QoL Compilation)","Pale of the Ancients","Replay The Spire","Shop Mod","StSLib","TestMod"],"gold_per_floor":[113,513,513,513,513,513,546,49,49,49,82,82,22,56,56,160,160,175,30,30,46,56,56,84,84,84,119,119,137,12,36,36,131,188,211,211,222,284,305,345,345,381,381,415,265,288,321,321,321,321,339,362,370,76,76,97,97,97,97,97],"floor_reached":61,"playtime":1888,"items_purged":["Strike_R","Strike_R","Strike_R+2","CommonCold"],"score":1953,"play_id":"23a9268d-ebf1-4038-854b-ef3404ce4823","local_time":"20210109144353","is_ascension_mode":true,"campfire_choices":[{"data":"Survivor","floor":6,"key":"SMITH"},{"data":"Defend_R+1","floor":10,"key":"SMITH"},{"data":"Defend_R+2","floor":12,"key":"SMITH"},{"data":"Seeing Red","floor":15,"key":"SMITH"},{"data":"Defend_R+4","floor":23,"key":"SMITH"},{"data":"Defend_R+1","floor":25,"key":"SMITH"},{"data":"Defend_R+5","floor":32,"key":"SMITH"},{"data":"True Grit","floor":41,"key":"SMITH"},{"data":"Defend_R+7","floor":49,"key":"SMITH"},{"floor":55,"key":"REST"},{"data":"Power Through","floor":57,"key":"SMITH"}],"circlet_count":0,"master_deck":["Strike_R+3","Defend_R+2","Defend_R+1","Defend_R+1","Defend_R+8","Survivor+1","Neutralize+1","Clash+1","Hemokinesis+1","Seeing Red+1","Bludgeon+1","Power Through+1","Body Slam+1","Fire Breathing+1","Body Slam+1","Clash+1","Anger+1","Clash+1","Shrug It Off","Iron Wave+1","Headbutt+1","ReplayReversal+1","True Grit+1","Reckless Charge+1","Cleave+1","Body Slam+1","Shrug It Off","ReplayTheSpireMod:Stacked","Armaments+1","Reckless Charge+1","Sword Boomerang+1","Defend_R+8","Ghostly Armor"],"relics":["testmod-TimeTraveler","Molten Egg 2","MerchantsRug","Simple Rune","testmod-IWantAll","Ginger","Gremlin Horn","testmod-Charity","testmod-ObsoleteBoomerang","testmod-Prudence","Replay:Wax Seal","CeramicFish","FossilizedHelix","CatCart","testmod-EqualTreatment","Snack Pack","testmod-LifeArmor","Lizard Tail","Lee\u0027s Waffle","Durian","paleoftheancients:Timepiece","paleoftheancients:KeyRelic","Letter Opener","CultistMask","Ring of Fury","DollysMirror","paleoftheancients:SoulOfTheHexaghost","Iron Hammer"],"acts_visited":["Exordium","TheCity","TheBeyond","paleoftheancients:PaleOfTheAncients"],"potions_floor_usage":[33,38,40,40,50,52,60],"damage_taken":[{"damage":5,"enemies":"2 Louse","floor":1,"turns":4},{"damage":12,"enemies":"Replay:BlueRogue","floor":7,"turns":11},{"damage":12,"enemies":"3 Sentries","floor":11,"turns":9},{"damage":2,"enemies":"Gremlin Nob","floor":14,"turns":3},{"damage":4,"enemies":"Slime Boss","floor":16,"turns":5},{"damage":9,"enemies":"Chosen","floor":18,"turns":2},{"damage":2,"enemies":"3 Byrds","floor":21,"turns":2},{"damage":2,"enemies":"Snecko","floor":22,"turns":3},{"damage":8,"enemies":"Book of Stabbing","floor":24,"turns":3},{"damage":18,"enemies":"Replay:Snechameleon","floor":27,"turns":2},{"damage":0,"enemies":"Centurion and Healer","floor":29,"turns":3},{"damage":0,"enemies":"Shelled Parasite and Fungi","floor":31,"turns":2},{"damage":4,"enemies":"Champ","floor":33,"turns":7},{"damage":0,"enemies":"Orb Walker","floor":35,"turns":2},{"damage":0,"enemies":"3 Shapes","floor":37,"turns":2},{"damage":0,"enemies":"Orin","floor":38,"turns":10},{"damage":1,"enemies":"3 Darklings","floor":39,"turns":4},{"damage":34,"enemies":"Giant Head","floor":40,"turns":9},{"damage":2,"enemies":"Reptomancer","floor":42,"turns":4},{"damage":0,"enemies":"R_Hoarder","floor":44,"turns":8},{"damage":8,"enemies":"4 Shapes","floor":46,"turns":1},{"damage":0,"enemies":"Reptomancer","floor":47,"turns":3},{"damage":7,"enemies":"Donu and Deca","floor":50,"turns":5},{"damage":38,"enemies":"Donu and Deca","floor":51,"turns":8},{"damage":84,"enemies":"Donu and Deca","floor":52,"turns":7},{"damage":0,"enemies":"Donu and Deca","floor":56,"turns":6},{"damage":252,"enemies":"paleoftheancients:N","floor":60,"turns":14}],"seed_played":"-2734496061573565896","potions_obtained":[{"floor":7,"key":"testmod-EscapePotion"},{"floor":11,"key":"Block Potion"},{"floor":24,"key":"ColorlessPotion"},{"floor":31,"key":"Death Potion"},{"floor":34,"key":"DuplicationPotion"},{"floor":35,"key":"testmod-TimePotion"},{"floor":36,"key":"PowerPotion"},{"floor":38,"key":"PowerPotion"},{"floor":40,"key":"Adrenaline Potion"},{"floor":51,"key":"PowerPotion"},{"floor":56,"key":"ColorlessPotion"}],"is_trial":false,"path_per_floor":["M","?","?","?","?","R","E","$","T","R","E","R","$","E","R","B",null,"M","$","?","M","M","R","E","R","T","E","T","M","$","M","R","B",null,"M","?","M","?","M","E","R","E","T","E","$","M","E","?","R","B","M","M","?","$","R","M","R","T","?","B",null],"character_chosen":"IRONCLAD","items_purchased":["MerchantsRug","Simple Rune","testmod-IWantAll","testmod-Charity","Body Slam+1","Lee\u0027s Waffle","Shrug It Off","DollysMirror"],"campfire_rested":1,"item_purchase_floors":[8,8,8,13,19,45,45,54],"current_hp_per_floor":[80,80,64,64,64,64,58,58,58,58,52,52,52,51,51,48,82,74,74,74,73,72,72,65,65,65,49,49,51,51,53,53,50,100,102,102,103,105,106,74,74,74,74,82,123,119,123,128,128,132,115,88,89,90,131,140,140,140,140,105],"gold":97,"neow_bonus":"REMOVE_CARD","is_daily":false,"chose_seed":false,"campfire_upgraded":10,"win_rate":0.0,"timestamp":1610174633,"path_taken":["M","?","?","?","?","R","E","$","T","R","E","R","?","E","R","BOSS","M","?","?","M","?","R","E","R","T","E","?","?","$","M","R","BOSS","M","?","?","?","M","E","R","E","T","E","$","M","E","?","R","BOSS","M","M","?","$","R","M","R","T","?","BOSS"],"items_purchased_type":["Relic","Relic","Relic","Relic","Card","Relic","Card","Relic"],"build_version":"2020-12-22","purchased_purges":4,"victory":true,"max_hp_per_floor":[80,80,80,80,80,80,80,80,80,80,80,80,80,81,81,82,82,83,83,83,84,85,85,86,86,86,88,88,90,90,92,92,93,100,102,102,103,105,107,109,109,111,111,113,123,125,127,132,132,132,134,136,137,138,138,140,140,140,140,140],"card_choices":[{"not_picked":["Perfected Strike","Havoc","Sever Soul"],"picked":"SKIP","floor":1},{"not_picked":["Seeing Red","Thunderclap+1"],"picked":"Clash+1","floor":7},{"not_picked":["Clothesline+1","Twin Strike+1"],"picked":"Hemokinesis+1","floor":11},{"not_picked":["Clash+1","Flex"],"picked":"Seeing Red","floor":14},{"not_picked":["Corruption","Feed+1"],"picked":"Bludgeon+1","floor":16},{"not_picked":["Thunderclap+1","Headbutt+1"],"picked":"Power Through","floor":18},{"not_picked":["Hemokinesis+1","Dark Embrace+1"],"picked":"Fire Breathing+1","floor":21},{"not_picked":["Headbutt+1","Sword Boomerang+1"],"picked":"Body Slam+1","floor":22},{"not_picked":["Feel No Pain","Sever Soul+1"],"picked":"Clash+1","floor":24},{"not_picked":["Run Through+1","Inflame"],"picked":"Anger+1","floor":27},{"not_picked":["Feed+1","Entrench+1"],"picked":"Clash+1","floor":29},{"not_picked":["Rage","Heavy Blade+1"],"picked":"Shrug It Off","floor":31},{"not_picked":["Intimidate","Replay:Undeath\u0027s Touch+1"],"picked":"Iron Wave+1","floor":34},{"not_picked":["Perfected Strike+1","Feel No Pain+1"],"picked":"Headbutt+1","floor":35},{"not_picked":["Perfected Strike+1","Anger+1","Rupture+1"],"picked":"SKIP","floor":37},{"not_picked":["Clothesline+1","Twin Strike+1"],"picked":"ReplayReversal+1","floor":38},{"not_picked":["Havoc+1","Perfected Strike+1"],"picked":"True Grit","floor":39},{"not_picked":["Havoc+1","Exhume"],"picked":"Reckless Charge+1","floor":40},{"not_picked":["Run Through+1","Exhume"],"picked":"Cleave+1","floor":42},{"not_picked":["Rupture+1","Blood for Blood+1"],"picked":"Body Slam+1","floor":44},{"not_picked":["ReplayTheSpireMod:Corrosion Curse+1","Clothesline+1"],"picked":"ReplayTheSpireMod:Stacked","floor":46},{"not_picked":["Warcry","ReplayTheSpireMod:Corrosion Curse"],"picked":"Armaments+1","floor":47},{"not_picked":["Evolve+1","Disarm"],"picked":"Reckless Charge+1","floor":51},{"not_picked":["Rupture","Twin Strike+1"],"picked":"Sword Boomerang+1","floor":52},{"not_picked":["Seeing Red+1","Life Link"],"picked":"Ghostly Armor","floor":56}],"player_experience":51514,"relics_obtained":[{"floor":7,"key":"Molten Egg 2"},{"floor":9,"key":"Ginger"},{"floor":11,"key":"Gremlin Horn"},{"floor":14,"key":"testmod-ObsoleteBoomerang"},{"floor":24,"key":"Replay:Wax Seal"},{"floor":27,"key":"CeramicFish"},{"floor":28,"key":"FossilizedHelix"},{"floor":38,"key":"CatCart"},{"floor":40,"key":"testmod-EqualTreatment"},{"floor":42,"key":"Snack Pack"},{"floor":43,"key":"testmod-LifeArmor"},{"floor":44,"key":"Lizard Tail"},{"floor":47,"key":"Peace Pipe"},{"floor":53,"key":"Ring of Fury"},{"floor":56,"key":"paleoftheancients:SoulOfTheHexaghost"},{"floor":58,"key":"Iron Hammer"}],"event_choices":[{"damage_healed":0,"gold_gain":400,"player_choice":"Sell","damage_taken":0,"max_hp_gain":0,"max_hp_loss":0,"event_name":"恩洛斯的盘子","floor":2,"relics_lost":["testmod-TestBox"],"gold_loss":0},{"damage_healed":0,"gold_gain":0,"player_choice":"Entered Light","damage_taken":16,"max_hp_gain":0,"max_hp_loss":0,"event_name":"Shining Light","floor":3,"gold_loss":0,"cards_upgraded":["Defend_R","Strike_R"]},{"damage_healed":0,"gold_gain":0,"player_choice":"Grow","damage_taken":0,"max_hp_gain":0,"max_hp_loss":0,"event_name":"Living Wall","floor":5,"gold_loss":0,"cards_upgraded":["Neutralize"]},{"damage_healed":0,"gold_gain":0,"player_choice":"Simplicity","damage_taken":0,"max_hp_gain":0,"max_hp_loss":0,"event_name":"Back to Basics","floor":20,"gold_loss":0,"cards_upgraded":["Strike_R","Strike_R","Defend_R","Defend_R","Defend_R","Defend_R"]},{"damage_healed":0,"gold_gain":0,"player_choice":"Got Potions","damage_taken":0,"max_hp_gain":0,"max_hp_loss":0,"event_name":"Lab","floor":36,"gold_loss":0},{"damage_healed":0,"gold_gain":0,"player_choice":"Fight","damage_taken":0,"max_hp_gain":0,"max_hp_loss":0,"event_name":"OrinTheCat","floor":38,"gold_loss":0},{"damage_healed":0,"gold_gain":0,"player_choice":"Swap Relic","damage_taken":0,"relics_obtained":["Durian"],"max_hp_gain":0,"max_hp_loss":0,"event_name":"给自己的盒子","floor":48,"relics_lost":["Peace Pipe"],"gold_loss":0}],"is_beta":false,"boss_relics":[{"not_picked":["Coffee Dripper","Runic Pyramid"],"picked":"testmod-Prudence"},{"not_picked":["testmod-EnergyCheck","ReplayTheSpireMod:DimensionalGlitch"],"picked":"Tiny House"}],"items_purged_floors":[8,19,30,54],"is_endless":false,"potions_floor_spawned":[7,11,24,31,35,37,38,40,51,56],"ascension_level":3}}