{"host":"vjkx177ju3wjmzef","time":1610228292,"event":{"mods":["BaseMod","Block Reminder","Colored Map","Colored Powertips","DeckTracker","Googly Eyes","Highlight Path","Minty Spire (QoL Compilation)","Quick Restart","Random Character Button","Relic Stats","Replay The Spire","StSLib"],"gold_per_floor":[114,129,144,159,159,159,228,228,278,278,297,297,316,16,16,141,141,160,160,179,198,198,198,48,92,117,117,117,117,117,117,117,132,132,232,232,247,262,537,162,177,177,177,177],"floor_reached":43,"playtime":2636,"items_purged":["Grand Finale"],"score":468,"play_id":"1e5ebddc-84f7-4fc4-b8d6-2713fd0ac46b","local_time":"20210109153812","daily_mods":["Shiny","Green Cards","Terminal"],"is_ascension_mode":false,"campfire_choices":[{"data":"Establishment","floor":6,"key":"SMITH"},{"data":"DevaForm","floor":8,"key":"SMITH"},{"data":"MasterReality","floor":10,"key":"SMITH"},{"data":"Omniscience","floor":12,"key":"SMITH"},{"floor":15,"key":"DIG"},{"floor":23,"key":"REST"},{"data":"Devotion","floor":29,"key":"SMITH"},{"data":"Venomology","floor":32,"key":"SMITH"},{"floor":34,"key":"REST"},{"data":"Phantasmal Killer","floor":42,"key":"SMITH"}],"circlet_count":0,"master_deck":["ReplayTheSpireMod:Necrosis","Corpse Explosion","Die Die Die","Atom Bomb","ReplayTheSpireMod:From All Sides","Adrenaline","Envenom","Doppelganger+1","Burst","Wraith Form v2","Tools of the Trade","After Image","Poison Darts","A Thousand Cuts","Venomology+1","Replay:Bag of Tricks","Malaise","Phantasmal Killer+1","Night Terror","Unload","Bullet Time","Storm of Steel","Glass Knife","Brilliance","Devotion+1","Replay:AllIn","LessonLearned","Vault","Alpha","Establishment+1","Replay:LoomingThreat","DeusExMachina","Judgement","ConjureBlade","MasterReality+1","Blasphemy","Ragnarok","Scrawl","Wish","Omniscience+1","SpiritShield","DevaForm+1","FlurryOfBlows","Pray","Prostrate","DeceiveReality","Meditate","FlurryOfBlows+1","BattleHymn","Adrenaline","FollowUp+1","Replay:DivineShield","Evaluate+1"],"relics":["PureWater","Bloody Idol","Pet Ghost","Replay:Towering Pillar of Hats","Lizard Tail","Busted Crown","Golden Egg","Tiny Chest","Omamori","Philosopher\u0027s Stone","Turnip"],"acts_visited":["Exordium","TheCity","TheBeyond"],"potions_floor_usage":[16,16,21,35,35,35,35,35,41,43,43],"damage_taken":[{"damage":0,"enemies":"Small Slimes","floor":1,"turns":1},{"damage":0,"enemies":"2 Louse","floor":2,"turns":2},{"damage":0,"enemies":"Jaw Worm","floor":3,"turns":3},{"damage":2,"enemies":"Looter","floor":4,"turns":4},{"damage":3,"enemies":"Gremlin Gang","floor":11,"turns":3},{"damage":8,"enemies":"2 Fungi Beasts","floor":13,"turns":4},{"damage":20,"enemies":"The Guardian","floor":16,"turns":6},{"damage":0,"enemies":"Spheric Guardian","floor":18,"turns":3},{"damage":5,"enemies":"3 Byrds","floor":20,"turns":5},{"damage":40,"enemies":"Centurion and Healer","floor":21,"turns":7},{"damage":0,"enemies":"Sentry and Sphere","floor":25,"turns":4},{"damage":0,"enemies":"Shelled Parasite and Fungi","floor":33,"turns":1},{"damage":28,"enemies":"Champ","floor":35,"turns":9},{"damage":0,"enemies":"Orb Walker","floor":37,"turns":2},{"damage":25,"enemies":"3 Darklings","floor":38,"turns":4},{"damage":26,"enemies":"Spire Growth","floor":41,"turns":5},{"damage":85,"enemies":"Transient","floor":43,"turns":5}],"seed_played":"579003938715623652","potions_obtained":[{"floor":7,"key":"FairyPotion"},{"floor":7,"key":"SneckoOil"},{"floor":7,"key":"CultistPotion"},{"floor":16,"key":"Flashbang"},{"floor":20,"key":"ColorlessPotion"},{"floor":33,"key":"LiquidMemories"},{"floor":35,"key":"Explosive Potion"},{"floor":41,"key":"Fruit Juice"}],"is_trial":false,"path_per_floor":["M","M","M","M","?","R","?","R","T","R","M","R","M","$","R_BF","B",null,"M","?","M","M","?","R","$","M","T","?","?","R","PTL","PTL","R","M","R","B",null,"M","M","?","$","M","R","M"],"character_chosen":"WATCHER","items_purchased":["Replay:Towering Pillar of Hats","Tiny Chest","Turnip"],"campfire_rested":2,"item_purchase_floors":[14,24,40],"current_hp_per_floor":[70,69,68,66,66,65,49,49,49,49,46,46,38,38,38,18,54,53,52,47,7,7,21,21,21,21,21,21,21,21,21,21,26,37,14,35,34,14,19,19,16,16,0,0],"gold":177,"neow_bonus":"","is_daily":true,"chose_seed":false,"campfire_upgraded":7,"win_rate":0.0,"timestamp":1610228292,"path_taken":["M","M","M","M","?","R","?","R","T","R","?","R","M","$","R_BF","BOSS","M","?","M","?","?","R","?","M","T","?","?","R","PTL","PTL","R","M","R","BOSS","M","M","?","$","M","R","M"],"items_purchased_type":["Relic","Relic","Relic"],"build_version":"2020-12-22","purchased_purges":1,"victory":false,"max_hp_per_floor":[70,69,68,67,66,65,64,63,62,61,60,59,58,57,56,55,54,53,52,51,50,49,48,47,46,45,44,43,42,41,40,39,38,37,36,35,34,33,32,31,35,34,34,34],"relic_stats":{"Lizard Tail":17,"Busted Crown":18,"counters":[17,68],"Bloody Idol":25,"Tiny Chest":0,"Turnip":[0],"obtain_stats":[{"Golden Egg":19,"Lizard Tail":15,"Busted Crown":17,"Replay:Towering Pillar of Hats":14,"Golden Idol":5,"Bloody Idol":28,"Tiny Chest":24,"Philosopher\u0027s Stone":36,"Turnip":40,"Omamori":26,"PureWater":0,"Pet Ghost":9},{"Golden Egg":8,"Lizard Tail":6,"Busted Crown":7,"Replay:Towering Pillar of Hats":6,"Golden Idol":4,"Bloody Idol":11,"Tiny Chest":10,"Philosopher\u0027s Stone":13,"Turnip":15,"Omamori":11,"PureWater":0,"Pet Ghost":4},{"Golden Egg":26,"Lizard Tail":17,"Busted Crown":23,"Replay:Towering Pillar of Hats":17,"Golden Idol":10,"Bloody Idol":42,"Tiny Chest":38,"Philosopher\u0027s Stone":52,"Turnip":58,"Omamori":42,"PureWater":0,"Pet Ghost":10}]},"card_choices":[{"not_picked":["LikeWater","Outmaneuver"],"picked":"FlurryOfBlows","floor":1},{"not_picked":["Replay:AtTheReady","Bane"],"picked":"Pray","floor":2},{"not_picked":["Evaluate","Deflect"],"picked":"Prostrate","floor":3},{"not_picked":["Replay:Poison Smokescreen","Deadly Poison"],"picked":"DeceiveReality","floor":4},{"not_picked":["Die Die Die","Replay:BluntJabs"],"picked":"Meditate","floor":7},{"not_picked":["EmptyBody","Dodge and Roll"],"picked":"FlurryOfBlows","floor":11},{"not_picked":["Well Laid Plans","Evaluate"],"picked":"BattleHymn","floor":13},{"not_picked":["SpiritShield","ReplayTheSpireMod:From All Sides"],"picked":"Adrenaline","floor":16},{"not_picked":["Eviscerate"],"picked":"SKIP","floor":18},{"not_picked":["Poisoned Stab+1"],"picked":"SKIP","floor":20},{"not_picked":["Bane"],"picked":"SKIP","floor":21},{"not_picked":["Dagger Throw"],"picked":"SKIP","floor":25},{"not_picked":[],"picked":"FollowUp+1","floor":33},{"not_picked":[],"picked":"Replay:DivineShield","floor":37},{"not_picked":[],"picked":"Evaluate+1","floor":38},{"not_picked":["Dagger Throw+1"],"picked":"SKIP","floor":41}],"player_experience":155167,"relics_obtained":[{"floor":9,"key":"Pet Ghost"},{"floor":15,"key":"Lizard Tail"},{"floor":26,"key":"Omamori"}],"event_choices":[{"damage_healed":0,"gold_gain":0,"player_choice":"Take Wound","damage_taken":0,"relics_obtained":["Golden Idol"],"max_hp_gain":0,"max_hp_loss":0,"event_name":"Golden Idol","floor":5,"gold_loss":0,"cards_obtained":["Injury"]},{"damage_healed":0,"gold_gain":0,"player_choice":"Gave Potion","damage_taken":0,"relics_obtained":["Golden Egg"],"max_hp_gain":0,"max_hp_loss":0,"event_name":"WeMeetAgain","floor":19,"gold_loss":0},{"cards_removed":["Injury"],"damage_healed":0,"gold_gain":0,"player_choice":"Elegance","damage_taken":0,"max_hp_gain":0,"max_hp_loss":0,"event_name":"Back to Basics","floor":22,"gold_loss":0},{"damage_healed":0,"gold_gain":0,"player_choice":"Ignored","damage_taken":0,"max_hp_gain":0,"max_hp_loss":0,"event_name":"Ghosts","floor":27,"gold_loss":0},{"damage_healed":0,"gold_gain":0,"player_choice":"Gave Idol","damage_taken":0,"relics_obtained":["Bloody Idol"],"max_hp_gain":0,"max_hp_loss":0,"event_name":"Forgotten Altar","floor":28,"relics_lost":["Golden Idol"],"gold_loss":0},{"damage_healed":0,"gold_gain":275,"player_choice":"Desecrate","damage_taken":0,"max_hp_gain":0,"max_hp_loss":0,"event_name":"Golden Shrine","floor":39,"gold_loss":0,"cards_obtained":["Regret"]}],"is_beta":false,"boss_relics":[{"not_picked":["Ring of Chaos","Replay:Drink Me"],"picked":"Busted Crown"},{"not_picked":["Empty Cage","Snecko Heart"],"picked":"Philosopher\u0027s Stone"}],"items_purged_floors":[40],"is_endless":false,"potions_floor_spawned":[16,20,33,35,41],"killed_by":"Transient","ascension_level":0}}