{"host":"y3h3n3f7seyagppx","time":1610211063,"event":{"mods":["AlwaysNeverKeys","BaseMod","Better Vampires","Colored Powertips","DeckTracker","Emptier Cage","Minty Spire (QoL Compilation)","Permanent Neow","Quick Restart","Rare Cards Sparkle","Relic Sorter","Relic Stats","StSLib","Transform Curses"],"gold_per_floor":[118,135,135,115,130,130,145,188,188,188,188],"floor_reached":10,"playtime":751,"items_purged":[],"score":136,"play_id":"f68af4da-1333-4287-a870-47e2a0f61d06","local_time":"20210109115103","is_ascension_mode":true,"campfire_choices":[{"data":"Loop","floor":6,"key":"SMITH"}],"circlet_count":0,"master_deck":["AscendersBane","Strike_B","Strike_B","Strike_B","Strike_B","Defend_B","Defend_B","Defend_B","Defend_B","Zap","Dualcast","Gash","Loop+1","Consume","Ball Lightning","Leap","Normality"],"relics":["Cursed Key","Golden Idol","Vajra","Blood Vial"],"acts_visited":["Exordium"],"potions_floor_usage":[7,8],"damage_taken":[{"damage":0,"enemies":"Cultist","floor":1,"turns":3},{"damage":11,"enemies":"Small Slimes","floor":2,"turns":4},{"damage":8,"enemies":"2 Louse","floor":5,"turns":4},{"damage":17,"enemies":"Lots of Slimes","floor":7,"turns":4},{"damage":15,"enemies":"3 Sentries","floor":8,"turns":6},{"damage":15,"enemies":"Lagavulin","floor":10,"turns":4}],"seed_played":"4942281812237223871","potions_obtained":[{"floor":2,"key":"DistilledChaos"},{"floor":4,"key":"PotionOfCapacity"},{"floor":5,"key":"Fire Potion"},{"floor":7,"key":"Block Potion"}],"is_trial":false,"path_per_floor":["M","M","?","?","M","R","M","E","T","E"],"character_chosen":"DEFECT","items_purchased":[],"campfire_rested":0,"item_purchase_floors":[],"current_hp_per_floor":[64,53,53,53,45,45,28,13,13,0,0],"gold":188,"neow_bonus":"BOSS_RELIC","is_daily":false,"chose_seed":false,"campfire_upgraded":1,"win_rate":0.0,"timestamp":1610211063,"path_taken":["M","M","?","?","M","R","M","E","T","E"],"items_purchased_type":[],"build_version":"2020-12-22","purchased_purges":0,"victory":false,"max_hp_per_floor":[71,71,64,64,64,64,64,64,64,64,64],"relic_stats":{"Blood Vial":2,"counters":[6,25],"Golden Idol":15,"Cursed Key":1,"obtain_stats":[{"Blood Vial":9,"Golden Idol":3,"Vajra":8,"Cracked Core":0,"Cursed Key":0},{"Blood Vial":5,"Golden Idol":2,"Vajra":5,"Cracked Core":0,"Cursed Key":0},{"Blood Vial":21,"Golden Idol":7,"Vajra":21,"Cracked Core":0,"Cursed Key":0}]},"card_choices":[{"not_picked":["Barrage","Conserve Battery"],"picked":"Gash","floor":1},{"not_picked":["Redo","Hologram"],"picked":"Loop","floor":2},{"not_picked":["Hologram","Conserve Battery"],"picked":"Consume","floor":5},{"not_picked":["Lockon","Turbo"],"picked":"Ball Lightning","floor":7},{"not_picked":["Go for the Eyes","Force Field"],"picked":"Leap","floor":8}],"player_experience":20529640,"relics_obtained":[{"floor":8,"key":"Vajra"},{"floor":9,"key":"Blood Vial"}],"event_choices":[{"damage_healed":0,"gold_gain":0,"player_choice":"Lose Max HP","damage_taken":0,"relics_obtained":["Golden Idol"],"max_hp_gain":0,"max_hp_loss":7,"event_name":"Golden Idol","floor":3,"gold_loss":0},{"damage_healed":0,"gold_gain":0,"player_choice":"Bought 1 Potion","damage_taken":0,"max_hp_gain":0,"max_hp_loss":0,"event_name":"The Woman in Blue","floor":4,"gold_loss":0}],"is_beta":false,"boss_relics":[],"items_purged_floors":[],"is_endless":false,"potions_floor_spawned":[2,5,7],"killed_by":"Lagavulin","ascension_level":20}}