{"host":"wbdly04l9mkn9nrc","time":1610185070,"event":{"mods":["AchievementEnabler","BaseMod","BetterRewards","Minty Spire (QoL Compilation)","StSLib","[IsaacMod]ÒÔÈö¼âËþ"],"gold_per_floor":[119,42,42,59,70,70,100,100,125,189,189,221,234,248,248,346,346,358,374,324,324],"floor_reached":20,"playtime":659,"items_purged":["Strike_R","Defend_R","Defend_R"],"score":234,"play_id":"3aaa4db0-c5fb-49f2-9413-0cd81f52a397","local_time":"20210109173750","is_ascension_mode":false,"campfire_choices":[{"data":"Double Tap","floor":6,"key":"SMITH"},{"data":"Bloodletting","floor":11,"key":"SMITH"},{"data":"Hemokinesis","floor":15,"key":"SMITH"}],"circlet_count":0,"master_deck":["Strike_R+1","Strike_R+1","Defend_R","Bash","Double Tap+1","Hemokinesis+1","Flex","Bloodletting+1","Battle Trance","Combust+1","Pommel Strike","Limit Break","Brutality+1","Metallicize+1","Fire Breathing+1","Uppercut","Infernal Blade+1"],"relics":["Burning Blood","HushsDoor","Leech","Frozen Egg 2","BFFS","BelialBook","Juzu Bracelet","Happy Flower","Smiling Mask","Astrolabe","GuppysPaw"],"acts_visited":["Exordium","TheCity"],"potions_floor_usage":[12],"damage_taken":[{"damage":13,"enemies":"Jaw Worm","floor":1,"turns":2},{"damage":2,"enemies":"2 Louse","floor":4,"turns":1},{"damage":7,"enemies":"Cultist","floor":5,"turns":2},{"damage":5,"enemies":"3 Sentries","floor":7,"turns":4},{"damage":3,"enemies":"Lagavulin Event","floor":10,"turns":2},{"damage":7,"enemies":"Lagavulin","floor":12,"turns":2},{"damage":15,"enemies":"3 Louse","floor":13,"turns":2},{"damage":5,"enemies":"2 Fungi Beasts","floor":14,"turns":1},{"damage":31,"enemies":"Slime Boss","floor":16,"turns":5},{"damage":0,"enemies":"3 Byrds","floor":18,"turns":4},{"damage":0,"enemies":"Chosen","floor":19,"turns":2}],"seed_played":"2380200111460108877","potions_obtained":[{"floor":1,"key":"GamblersBrew"},{"floor":5,"key":"FairyPotion"},{"floor":10,"key":"SteroidPotion"},{"floor":16,"key":"BlessingOfTheForge"}],"is_trial":false,"path_per_floor":["M","$","?","M","M","R","E","?","T","?","R","E","M","M","R","B",null,"M","M","$"],"character_chosen":"IRONCLAD","items_purchased":["Double Tap","Hemokinesis","Frozen Egg 2","BFFS","Bloodletting","GuppysPaw"],"campfire_rested":0,"item_purchase_floors":[0,0,0,0,2,17],"current_hp_per_floor":[38,38,22,27,27,27,31,31,31,35,35,35,27,29,29,9,70,1,1,1,1],"gold":324,"neow_bonus":"","is_daily":false,"chose_seed":false,"campfire_upgraded":3,"win_rate":0.0,"timestamp":1610185070,"path_taken":["M","$","?","M","?","R","E","?","T","?","R","E","M","M","R","BOSS","M","M","$"],"items_purchased_type":["Card","Card","Relic","Relic","Card","Relic"],"build_version":"2020-12-22","purchased_purges":3,"victory":false,"max_hp_per_floor":[80,80,80,80,80,80,80,80,80,80,80,80,80,80,80,80,70,1,1,1,1],"card_choices":[{"not_picked":["Clothesline","Body Slam"],"picked":"Flex","floor":1},{"not_picked":["Clash","Heavy Blade","Intimidate"],"picked":"SKIP","floor":4},{"not_picked":["Clothesline","Fiend Fire"],"picked":"Battle Trance","floor":5},{"not_picked":["Warcry","Sword Boomerang"],"picked":"Bomb","floor":7},{"not_picked":["Shrug It Off","Bomb"],"picked":"Combust+1","floor":12},{"not_picked":["Clothesline","Hemokinesis"],"picked":"Pommel Strike","floor":13},{"not_picked":["Rage","Cleave","True Grit"],"picked":"SKIP","floor":14},{"not_picked":["Berserk+1","Barricade+1"],"picked":"Limit Break","floor":16},{"not_picked":["Clash","Sentinel"],"picked":"Uppercut","floor":18},{"not_picked":["Hemokinesis","Sentinel"],"picked":"Infernal Blade+1","floor":19}],"player_experience":212246,"relics_obtained":[{"floor":7,"key":"BelialBook"},{"floor":9,"key":"Juzu Bracelet"},{"floor":10,"key":"Happy Flower"},{"floor":12,"key":"Smiling Mask"}],"event_choices":[{"damage_healed":0,"gold_gain":0,"player_choice":"Entered Light","damage_taken":16,"max_hp_gain":0,"max_hp_loss":0,"event_name":"Shining Light","floor":3,"gold_loss":0,"cards_upgraded":["Strike_R","Strike_R"]},{"damage_healed":0,"gold_gain":0,"player_choice":"Ignored","damage_taken":0,"max_hp_gain":0,"max_hp_loss":0,"event_name":"Golden Idol","floor":8,"gold_loss":0},{"damage_healed":0,"gold_gain":30,"player_choice":"Searched \u00273\u0027 times","damage_taken":0,"max_hp_gain":0,"max_hp_loss":0,"event_name":"Dead Adventurer","floor":10,"gold_loss":0}],"is_beta":false,"boss_relics":[{"not_picked":["Velvet Choker","Snecko Eye"],"picked":"Astrolabe"},{"not_picked":[]}],"items_purged_floors":[0,0,20],"is_endless":false,"potions_floor_spawned":[1,5,10,16],"ascension_level":0}}