{"host":"sav7uxregyirlf69","time":1610169307,"event":{"mods":["AchievementEnabler","BaseMod","Colored Map","DeckTracker","Keyboard Shortcuts","Minty Spire (QoL Compilation)","READ ME - Guardian Mod","StSLib","SuperFastMode"],"gold_per_floor":[111,124,134,150,75,75,0,0,0,32,59,59,59,73,73,151,151,168,14,32,32,50,50,50,50],"floor_reached":24,"playtime":490,"items_purged":["Defend_G","Strike_G"],"score":392,"play_id":"7ffdd71e-37d2-4a1e-96e1-e3527bff8a9c","local_time":"20210109141507","is_ascension_mode":true,"campfire_choices":[{"data":"Deadly Poison","floor":6,"key":"SMITH"},{"data":"Dagger Spray","floor":8,"key":"SMITH"},{"floor":12,"key":"REST"},{"floor":15,"key":"REST"},{"data":"Reflex","floor":23,"key":"SMITH"}],"circlet_count":0,"master_deck":["AscendersBane","Strike_G+1","Strike_G+1","Defend_G","Defend_G","Defend_G","Defend_G","Survivor","Neutralize","Deadly Poison+1","Dagger Spray+1","Reflex+1","Leg Sweep","Adrenaline","Backflip"],"relics":["Ring of the Snake","Torii","Ancient Tea Set","Frozen Egg 2","Toy Ornithopter","HoveringKite"],"acts_visited":["Exordium","TheCity"],"potions_floor_usage":[10,14,16,24],"damage_taken":[{"damage":1,"enemies":"Small Slimes","floor":1,"turns":5},{"damage":2,"enemies":"Jaw Worm","floor":2,"turns":5},{"damage":0,"enemies":"2 Louse","floor":3,"turns":2},{"damage":15,"enemies":"Exordium Thugs","floor":4,"turns":7},{"damage":13,"enemies":"3 Sentries","floor":10,"turns":7},{"damage":9,"enemies":"Large Slime","floor":14,"turns":6},{"damage":20,"enemies":"The Guardian","floor":16,"turns":14},{"damage":10,"enemies":"Shell Parasite","floor":18,"turns":7},{"damage":14,"enemies":"Spheric Guardian","floor":20,"turns":6},{"damage":8,"enemies":"Centurion and Healer","floor":22,"turns":11},{"damage":38,"enemies":"3 Cultists","floor":24,"turns":5}],"seed_played":"-7659558147263526454","potions_obtained":[{"floor":2,"key":"SpeedPotion"},{"floor":4,"key":"FearPotion"},{"floor":14,"key":"FearPotion"},{"floor":22,"key":"EssenceOfSteel"}],"is_trial":false,"path_per_floor":["M","M","M","M","?","R","$","R","T","E","T","R","?","M","R","B",null,"M","$","M","?","M","R","M"],"character_chosen":"THE_SILENT","items_purchased":["Dexterity Potion"],"campfire_rested":2,"item_purchase_floors":[19],"current_hp_per_floor":[43,41,41,26,26,26,26,26,26,13,13,32,12,8,27,12,53,43,43,29,29,21,21,0,0],"gold":50,"neow_bonus":"ONE_RARE_RELIC","is_daily":false,"chose_seed":false,"campfire_upgraded":3,"win_rate":0.0,"timestamp":1610169307,"path_taken":["M","M","M","M","?","R","$","R","T","E","?","R","?","M","R","BOSS","M","$","M","?","?","R","M"],"items_purchased_type":["Potion"],"build_version":"2020-12-22","purchased_purges":2,"victory":false,"max_hp_per_floor":[66,66,66,66,66,66,66,66,66,66,66,66,66,66,66,66,66,66,66,66,66,66,66,66,66],"card_choices":[{"not_picked":["Quick Slash","Accuracy"],"picked":"Deadly Poison","floor":1},{"not_picked":["Flying Knee","Setup","Deadly Poison"],"picked":"SKIP","floor":2},{"not_picked":["Backflip","Skewer","Slice"],"picked":"SKIP","floor":3},{"not_picked":["Dodge and Roll","Deadly Poison"],"picked":"Dagger Spray","floor":4},{"not_picked":["Malaise","Slice"],"picked":"Reflex","floor":10},{"not_picked":["Deadly Poison","Slice"],"picked":"Leg Sweep","floor":14},{"not_picked":["After Image+1","A Thousand Cuts+1"],"picked":"Adrenaline","floor":16},{"not_picked":["Sucker Punch","Poisoned Stab+1"],"picked":"Backflip","floor":18},{"not_picked":["Cloak And Dagger+1","Slice","Dagger Spray"],"picked":"SKIP","floor":20},{"not_picked":["Cloak And Dagger","Slice","Bane"],"picked":"SKIP","floor":22}],"player_experience":1209577,"relics_obtained":[{"floor":9,"key":"Ancient Tea Set"},{"floor":10,"key":"Frozen Egg 2"},{"floor":11,"key":"Toy Ornithopter"}],"event_choices":[{"cards_removed":["Strike_G"],"damage_healed":0,"gold_gain":0,"player_choice":"Card Removal","damage_taken":0,"max_hp_gain":0,"max_hp_loss":0,"event_name":"The Cleric","floor":5,"gold_loss":75},{"damage_healed":0,"gold_gain":0,"player_choice":"Entered Light","damage_taken":20,"max_hp_gain":0,"max_hp_loss":0,"event_name":"Shining Light","floor":13,"gold_loss":0,"cards_upgraded":["Strike_G","Strike_G"]},{"cards_removed":["Strike_G"],"damage_healed":0,"gold_gain":0,"player_choice":"Purged","damage_taken":0,"max_hp_gain":0,"max_hp_loss":0,"event_name":"Purifier","floor":21,"gold_loss":0}],"is_beta":false,"boss_relics":[{"not_picked":["Philosopher\u0027s Stone","Runic Pyramid"],"picked":"HoveringKite"}],"items_purged_floors":[7,19],"is_endless":false,"potions_floor_spawned":[2,4,14,22],"killed_by":"3 Cultists","ascension_level":20}}