{"host":"htqwg582tjjtn9p7","time":1610222051,"event":{"mods":["2.2 Compatiblity","AchievementEnabler","Act Like it!","Aspiration","BaseMod","Better Third Choice","Colored Map","Conspire","Curses Come First","Displayed Cursed Tome","Energized Spire","Force Act Four","GifTheSpireLib","Hermit","Highlight Path","JesterMod","Mad Scientist","Minty Spire (QoL Compilation)","Pale of the Ancients","Permanent Neow","Random Character Button","Relic Stats","Replay The Spire","Robot Space Explorer","Somnambulant","Spicy Shops","Spikes Relics","StSLib","Stuff the Spire","The Blue Laboratory","The Bug Knight","The Forsaken","The Gatherer","The Judge","The Jungle","The Marked","The Runesmith","The Servant 0.9.4","Uncapped"],"gold_per_floor":[117,169,24,24,40,74,88,102,102,47,47,36,36,36,36],"floor_reached":14,"playtime":881,"items_purged":["Pain"],"score":158,"play_id":"5862df6f-3de6-4074-8de4-ca267254a606","local_time":"20210109205411","is_ascension_mode":true,"campfire_choices":[{"data":"Inflame","floor":11,"key":"SMITH"},{"data":"Whirlwind","floor":13,"key":"SMITH"}],"circlet_count":0,"master_deck":["AscendersBane","Strike_R","Strike_R","Strike_R","Strike_R","Strike_R","Defend_R","Defend_R","Defend_R","Defend_R","Bash","Disarm","Whirlwind+1","Sentinel","Inflame+1","Rampage","Perfected Strike","Burning Pact","Clothesline"],"relics":["energizedSpire:RedRose","theForsaken:Gavel","Golden Idol","WizardHat","Blue Candle","Unceasing Top"],"acts_visited":["Exordium"],"potions_floor_usage":[6,6],"damage_taken":[{"damage":0,"enemies":"Small Slimes","floor":1,"turns":3},{"damage":1,"enemies":"2 Louse","floor":5,"turns":6},{"damage":9,"enemies":"Lagavulin","floor":6,"turns":5},{"damage":0,"enemies":"Jaw Worm","floor":7,"turns":4},{"damage":7,"enemies":"2 Fungi Beasts","floor":8,"turns":4},{"damage":8,"enemies":"Exordium Thugs","floor":12,"turns":4},{"damage":32,"enemies":"Gremlin Nob","floor":14,"turns":4}],"seed_played":"-6830618610959529759","potions_obtained":[{"floor":1,"key":"blueLaboratory:SmithPotion"},{"floor":2,"key":"blueLaboratory:BottledHope"},{"floor":5,"key":"Block Potion"}],"is_trial":false,"path_per_floor":["M","?","$","?","M","E","M","M","T","?","R","M","R","E"],"character_chosen":"IRONCLAD","items_purchased":["Inflame"],"campfire_rested":0,"item_purchase_floors":[3],"current_hp_per_floor":[68,68,68,68,67,58,58,51,51,51,51,43,43,11,11],"gold":36,"neow_bonus":"BOSS_RELIC","is_daily":false,"chose_seed":false,"campfire_upgraded":2,"win_rate":0.0,"timestamp":1610222051,"path_taken":["M","?","$","?","M","E","M","M","T","?","R","M","R","E"],"items_purchased_type":["Card"],"build_version":"2020-12-22","purchased_purges":1,"victory":false,"max_hp_per_floor":[75,75,75,68,68,68,68,68,68,68,68,68,68,68,68],"relic_stats":{"counters":[7,30],"Golden Idol":20,"Blue Candle":[0],"obtain_stats":[{"energizedSpire:RedRose":0,"WizardHat":6,"Golden Idol":4,"Blue Candle":9,"theForsaken:Gavel":2,"Burning Blood":0,"Unceasing Top":10},{"energizedSpire:RedRose":0,"WizardHat":3,"Golden Idol":1,"Blue Candle":5,"theForsaken:Gavel":1,"Burning Blood":0,"Unceasing Top":5},{"energizedSpire:RedRose":0,"WizardHat":14,"Golden Idol":3,"Blue Candle":22,"theForsaken:Gavel":3,"Burning Blood":0,"Unceasing Top":22}],"Unceasing Top":[0]},"card_choices":[{"not_picked":["ReplayTheSpireMod:LeadingStrike","Iron Wave"],"picked":"Disarm","floor":1},{"not_picked":["Twin Strike","Seeing Red"],"picked":"Whirlwind","floor":2},{"not_picked":["Wild Strike","Shockwave"],"picked":"Sentinel","floor":2},{"not_picked":["Dark Embrace","Replay:Undeath\u0027s Touch","Havoc"],"picked":"SKIP","floor":5},{"not_picked":["Cleave","BarbarianYell"],"picked":"Rampage","floor":6},{"not_picked":["Metallicize","Absolvement"],"picked":"Perfected Strike","floor":7},{"not_picked":["Replay:Undeath\u0027s Touch","ReplayTheSpireMod:LeadingStrike"],"picked":"Burning Pact","floor":8},{"not_picked":["Anger","StuffTheSpire:Incineration"],"picked":"Clothesline","floor":12}],"player_experience":1914634,"relics_obtained":[{"floor":2,"key":"theForsaken:Gavel"},{"floor":6,"key":"WizardHat"},{"floor":9,"key":"Blue Candle"}],"event_choices":[{"damage_healed":0,"gold_gain":0,"player_choice":"Lose Max HP","damage_taken":0,"relics_obtained":["Golden Idol"],"max_hp_gain":0,"max_hp_loss":7,"event_name":"Golden Idol","floor":4,"gold_loss":0},{"damage_healed":0,"gold_gain":0,"player_choice":"Paid Gold","damage_taken":0,"relics_obtained":["Unceasing Top"],"max_hp_gain":0,"max_hp_loss":0,"event_name":"WeMeetAgain","floor":10,"gold_loss":55}],"is_beta":false,"boss_relics":[],"items_purged_floors":[3],"is_endless":false,"potions_floor_spawned":[1,5],"killed_by":"Gremlin Nob","ascension_level":15}}