{"host":"pqs17sqrgflf4eqa","time":1610229120,"event":{"mods":["AchievementEnabler","BaseMod","Bestiary","Better Altar","Colored Map","Colored Powertips","Emptier Cage","Googly Eyes","Highlight Path","Minty Spire (QoL Compilation)","Quick Restart","StSLib","SuperFastMode","Transform Curses","slay the spire mod where everything is the same but ironclad has a cowboy hat"],"gold_per_floor":[116,191,205,216,216,243,243,243,243],"floor_reached":8,"playtime":138,"items_purged":[],"score":67,"play_id":"e8d605dd-d1c9-4e31-898e-e5d156fd2851","local_time":"20210109165200","is_ascension_mode":true,"campfire_choices":[{"data":"Zap","floor":7,"key":"SMITH"}],"circlet_count":0,"master_deck":["Strike_B","Strike_B","Strike_B","Strike_B","Defend_B","Defend_B","Defend_B","Defend_B","Zap+1","Dualcast","Streamline","Conserve Battery","Hologram","Skim","Compile Driver"],"relics":["Cracked Core","Kunai"],"acts_visited":["Exordium"],"potions_floor_usage":[6,8],"damage_taken":[{"damage":7.0,"enemies":"Small Slimes","floor":1.0,"turns":3.0},{"damage":0.0,"enemies":"Cultist","floor":3.0,"turns":3.0},{"damage":12.0,"enemies":"Jaw Worm","floor":4.0,"turns":2.0},{"damage":22,"enemies":"Gremlin Nob","floor":6,"turns":4},{"damage":25,"enemies":"3 Sentries","floor":8,"turns":4}],"seed_played":"1596450858973388523","potions_obtained":[{"floor":1.0,"key":"Strength Potion"},{"floor":3.0,"key":"Dexterity Potion"},{"floor":6,"key":"Energy Potion"}],"is_trial":false,"path_per_floor":["M","?","M","M","?","E","R","E"],"character_chosen":"DEFECT","items_purchased":[],"campfire_rested":0,"item_purchase_floors":[],"current_hp_per_floor":[68,57,57,45,45,23,23,0,0],"gold":243,"neow_bonus":"ONE_RANDOM_RARE_CARD","is_daily":false,"chose_seed":false,"campfire_upgraded":1,"win_rate":0.0,"timestamp":1610229120,"path_taken":["M","?","M","M","?","E","R","E"],"items_purchased_type":[],"build_version":"2020-12-22","purchased_purges":0,"victory":false,"max_hp_per_floor":[75,75,75,75,75,75,75,75,75],"card_choices":[{"not_picked":["Sunder","Double Energy"],"picked":"Streamline","floor":1.0},{"not_picked":["Leap","Rebound"],"picked":"Conserve Battery","floor":3.0},{"not_picked":["Skim","Darkness"],"picked":"Hologram","floor":4.0},{"not_picked":["Meteor Strike","Hello World"],"picked":"Compile Driver","floor":6}],"player_experience":145530,"relics_obtained":[{"floor":6,"key":"Kunai"}],"event_choices":[{"damage_healed":0.0,"max_hp_gain":0.0,"max_hp_loss":0.0,"gold_gain":75.0,"event_name":"World of Goop","player_choice":"Gather Gold","floor":2.0,"gold_loss":0.0,"damage_taken":11.0},{"damage_healed":0.0,"max_hp_gain":0.0,"max_hp_loss":0.0,"gold_gain":0.0,"cards_transformed":["Fission"],"event_name":"Transmorgrifier","player_choice":"Transformed","floor":5.0,"gold_loss":0.0,"damage_taken":0.0,"cards_obtained":["Skim"]}],"is_beta":false,"boss_relics":[],"items_purged_floors":[],"is_endless":false,"potions_floor_spawned":[1,3,6],"killed_by":"3 Sentries","ascension_level":4}}