{"host":"g01l53quoe6lrer0","time":1610230205,"event":{"mods":["2.2 Compatiblity","AchievementEnabler","BaseMod","Colored Map","Highlight Path","Keyboard Shortcuts","Minty Spire (QoL Compilation)","Permanent Neow","StSLib","SuperFastMode","everything is the same but u backflip on backflip"],"gold_per_floor":[16,16,33,108,126,151,151,161,187,200,200,217,84,84,84,163,163,175,90,101,118,133,133,58,58,58,58,58,58],"floor_reached":28,"playtime":486,"items_purged":["Strike_R"],"score":440,"play_id":"f874bf13-1142-4938-8212-423f1b057e3f","local_time":"20210110071005","is_ascension_mode":true,"campfire_choices":[{"data":"Bash","floor":7,"key":"SMITH"},{"floor":11,"key":"REST"},{"data":"Wild Strike","floor":15,"key":"SMITH"},{"floor":23,"key":"REST"},{"data":"Corruption","floor":27,"key":"SMITH"}],"circlet_count":0,"master_deck":["AscendersBane","Strike_R","Strike_R+1","Strike_R","Defend_R","Defend_R","Defend_R","Bash+1","Power Through","Sever Soul+1","Inflame","Pommel Strike","Wild Strike+1","Corruption+1","Havoc","Shockwave","Havoc+1"],"relics":["Burning Blood","Champion Belt","Whetstone","Lantern","Toy Ornithopter","Mark of Pain","Paper Frog","Akabeko"],"acts_visited":["Exordium","TheCity"],"potions_floor_usage":[6,16,21],"damage_taken":[{"damage":9.0,"enemies":"2 Louse","floor":1.0,"turns":3.0},{"damage":12,"enemies":"Small Slimes","floor":3,"turns":4},{"damage":4,"enemies":"Cultist","floor":5,"turns":3},{"damage":20,"enemies":"Lagavulin","floor":6,"turns":5},{"damage":11,"enemies":"Looter","floor":8,"turns":3},{"damage":14,"enemies":"3 Louse","floor":10,"turns":3},{"damage":9,"enemies":"Blue Slaver","floor":12,"turns":3},{"damage":20,"enemies":"Slime Boss","floor":16,"turns":9},{"damage":13,"enemies":"2 Thieves","floor":18,"turns":3},{"damage":28,"enemies":"Spheric Guardian","floor":20,"turns":4},{"damage":10,"enemies":"3 Cultists","floor":21,"turns":5},{"damage":3,"enemies":"Snecko","floor":22,"turns":3},{"damage":0,"enemies":"Snake Plant","floor":28,"turns":1}],"seed_played":"5335708876170539117","potions_obtained":[{"floor":3,"key":"FearPotion"},{"floor":5,"key":"Swift Potion"},{"floor":10,"key":"BlessingOfTheForge"},{"floor":16,"key":"Weak Potion"}],"is_trial":false,"path_per_floor":["M","?","M","?","M","E","R","M","T","M","R","M","$","?","R","B",null,"M","?","M","M","M","R","?","?","T","R","M"],"character_chosen":"IRONCLAD","items_purchased":["Wild Strike"],"campfire_rested":2,"item_purchase_floors":[13],"current_hp_per_floor":[65,65,59,48,50,36,36,31,31,23,45,42,42,37,37,28,63,56,56,34,35,38,60,60,60,60,60,60,60],"gold":58,"neow_bonus":"ONE_RARE_RELIC","is_daily":false,"chose_seed":false,"campfire_upgraded":3,"win_rate":0.0,"timestamp":1610230205,"path_taken":["M","?","M","?","M","E","R","M","T","M","R","M","$","?","R","BOSS","M","?","M","M","M","R","?","?","T","R","M"],"items_purchased_type":["Card"],"build_version":"2020-12-22","purchased_purges":1,"victory":false,"max_hp_per_floor":[75,75,75,75,75,75,75,75,75,75,75,75,75,75,75,75,75,75,75,75,75,75,75,75,75,75,75,75,75],"card_choices":[{"not_picked":["Flex","Anger"],"picked":"Power Through","floor":1.0},{"not_picked":["Perfected Strike","Clothesline"],"picked":"Sever Soul","floor":3},{"not_picked":["Shockwave","Warcry","Combust"],"picked":"SKIP","floor":5},{"not_picked":["Perfected Strike","Warcry","Havoc"],"picked":"SKIP","floor":6},{"not_picked":["Burning Pact","Spot Weakness"],"picked":"Inflame","floor":8},{"not_picked":["Sword Boomerang","Twin Strike"],"picked":"Pommel Strike","floor":10},{"not_picked":["Twin Strike","Berserk","Clothesline"],"picked":"SKIP","floor":12},{"not_picked":["Twin Strike","Berserk","Clothesline"],"picked":"SKIP","floor":12},{"not_picked":["Juggernaut","Berserk"],"picked":"Corruption","floor":16},{"not_picked":["Dual Wield","Warcry"],"picked":"Havoc","floor":18},{"not_picked":["Spot Weakness","Armaments"],"picked":"Shockwave","floor":20},{"not_picked":["Clothesline","Rupture","Perfected Strike"],"picked":"SKIP","floor":21},{"not_picked":["Searing Blow","Anger"],"picked":"Havoc+1","floor":22}],"player_experience":123745,"relics_obtained":[{"floor":6,"key":"Whetstone"},{"floor":9,"key":"Lantern"},{"floor":26,"key":"Akabeko"}],"event_choices":[{"cards_removed":["Defend_R"],"damage_healed":0,"gold_gain":0,"player_choice":"Forget","damage_taken":0,"max_hp_gain":0,"max_hp_loss":0,"event_name":"Living Wall","floor":2,"gold_loss":0},{"damage_healed":0,"gold_gain":75,"player_choice":"Gather Gold","damage_taken":11,"max_hp_gain":0,"max_hp_loss":0,"event_name":"World of Goop","floor":4,"gold_loss":0},{"damage_healed":0,"gold_gain":0,"player_choice":"Success","damage_taken":5,"relics_obtained":["Toy Ornithopter"],"max_hp_gain":0,"max_hp_loss":0,"event_name":"Scrap Ooze","floor":14,"gold_loss":0},{"damage_healed":0,"gold_gain":0,"player_choice":"Obtained Relic","damage_taken":0,"relics_obtained":["Paper Frog"],"max_hp_gain":0,"max_hp_loss":0,"event_name":"Addict","floor":19,"gold_loss":85},{"cards_removed":["Strike_R"],"damage_healed":0,"gold_gain":0,"player_choice":"Gave Gold","damage_taken":0,"max_hp_gain":0,"max_hp_loss":0,"event_name":"Beggar","floor":24,"gold_loss":75},{"damage_healed":0,"gold_gain":0,"player_choice":"Ignored","damage_taken":0,"max_hp_gain":0,"max_hp_loss":0,"event_name":"Vampires","floor":25,"gold_loss":0}],"is_beta":false,"boss_relics":[{"not_picked":["Snecko Eye","Philosopher\u0027s Stone"],"picked":"Mark of Pain"}],"items_purged_floors":[13],"is_endless":false,"potions_floor_spawned":[3,5,10,16,20],"killed_by":"Snake Plant","ascension_level":20}}