{"host":"BK","time":1610160632,"event":{"mods":["BaseMod","Highlight Path","Minty Spire (QoL Compilation)","StSLib"],"gold_per_floor":[111,111,111,124,136,136,164,182,262,277,277,277,295,306,306,306,306],"floor_reached":16,"playtime":1744,"items_purged":[],"score":208,"play_id":"aad1b7dd-65f1-40b1-9f55-aebe019ff7c0","local_time":"20210108195032","is_ascension_mode":true,"campfire_choices":[{"data":"Wild Strike","floor":6.0,"key":"SMITH"},{"data":"Iron Wave","floor":11,"key":"SMITH"},{"floor":15,"key":"REST"}],"circlet_count":0,"master_deck":["AscendersBane","Strike_R","Strike_R","Strike_R","Strike_R","Strike_R","Defend_R","Defend_R","Defend_R","Defend_R","Bash","Barricade","Wild Strike+1","Twin Strike","Shrug It Off","Iron Wave+1","Pommel Strike","Shrug It Off"],"relics":["Burning Blood","Eternal Feather","Blue Candle","Letter Opener"],"acts_visited":["Exordium"],"potions_floor_usage":[8,13],"damage_taken":[{"damage":7.0,"enemies":"Jaw Worm","floor":1.0,"turns":5.0},{"damage":1.0,"enemies":"2 Louse","floor":4.0,"turns":2.0},{"damage":12.0,"enemies":"Cultist","floor":5.0,"turns":4.0},{"damage":55.0,"enemies":"Lagavulin","floor":7.0,"turns":6.0},{"damage":5,"enemies":"Large Slime","floor":8,"turns":6},{"damage":18,"enemies":"Lots of Slimes","floor":10,"turns":6},{"damage":3,"enemies":"Blue Slaver","floor":13,"turns":4},{"damage":22,"enemies":"Large Slime","floor":14,"turns":9},{"damage":42,"enemies":"The Guardian","floor":16,"turns":11}],"seed_played":"983575623093583028","potions_obtained":[{"floor":4.0,"key":"HeartOfIron"},{"floor":7.0,"key":"FairyPotion"},{"floor":10,"key":"Fire Potion"}],"is_trial":false,"path_per_floor":["M","?","T","M","M","R","E","M","T","M","R","?","M","M","R","B"],"character_chosen":"IRONCLAD","items_purchased":[],"campfire_rested":1,"item_purchase_floors":[],"current_hp_per_floor":[49,54,54,59,53,59,10,11,11,25,34,22,25,9,42,0,0],"gold":306,"neow_bonus":"THREE_RARE_CARDS","is_daily":false,"chose_seed":false,"campfire_upgraded":2,"win_rate":0.0,"timestamp":1610160632,"path_taken":["M","?","?","M","M","R","E","M","T","M","R","?","?","M","R","BOSS"],"items_purchased_type":[],"build_version":"2020-12-18","purchased_purges":0,"victory":false,"max_hp_per_floor":[75,80,80,80,80,80,80,80,80,80,80,80,80,80,80,80,80],"card_choices":[{"not_picked":["Exhume","Berserk"],"picked":"Barricade","floor":0.0},{"not_picked":["Headbutt","True Grit"],"picked":"Wild Strike","floor":1.0},{"not_picked":["Flex","Twin Strike","Cleave"],"picked":"SKIP","floor":4.0},{"not_picked":["Perfected Strike","True Grit"],"picked":"Twin Strike","floor":5.0},{"not_picked":["Body Slam","Warcry","Bludgeon"],"picked":"SKIP","floor":7.0},{"not_picked":["Metallicize","Headbutt"],"picked":"Shrug It Off","floor":8},{"not_picked":["Sword Boomerang","Clash"],"picked":"Iron Wave","floor":10},{"not_picked":["Flex","Headbutt"],"picked":"Pommel Strike","floor":13},{"not_picked":["Exhume","Armaments"],"picked":"Shrug It Off","floor":14}],"player_experience":2492105,"relics_obtained":[{"floor":3.0,"key":"Eternal Feather"},{"floor":7.0,"key":"Blue Candle"},{"floor":9,"key":"Letter Opener"}],"event_choices":[{"damage_healed":0.0,"max_hp_gain":5.0,"max_hp_loss":0.0,"gold_gain":0.0,"event_name":"Big Fish","player_choice":"Donut","floor":2.0,"gold_loss":0.0,"damage_taken":0.0},{"damage_healed":0,"gold_gain":0,"player_choice":"Damaged","damage_taken":12,"max_hp_gain":0,"max_hp_loss":0,"event_name":"Wheel of Change","floor":12,"gold_loss":0}],"is_beta":true,"boss_relics":[],"items_purged_floors":[],"is_endless":false,"potions_floor_spawned":[4,7,10],"killed_by":"The Guardian","ascension_level":20}}