{"host":"hcmbbnq9kugrt4gl","time":1610224363,"event":{"mods":["AchievementEnabler","BaseMod","Minty Spire (QoL Compilation)","Permanent Neow","Quick Restart","Relic Stats","Synergy Search","slay the spire mod where everything is the same but ironclad has a cowboy hat"],"gold_per_floor":[113,42,42,5,25,56,56,91,139,153,184,198,22,43,43,162,162,178,203,203,227,227,265,286,340,340,340,277,277,121,121,121,261,261,285,8,8,8,8,48,48,48,73,91,91,154,154,154,154,154,154],"floor_reached":50,"playtime":3099,"items_purged":["Strike_R+1"],"score":597,"play_id":"29d83765-8d0c-4f79-bd02-50ccf98c3570","local_time":"20210109213243","is_ascension_mode":false,"campfire_choices":[{"data":"Armaments","floor":15,"key":"SMITH"},{"floor":27,"key":"REST"},{"data":"Infernal Blade","floor":29,"key":"SMITH"},{"data":"Feed","floor":32,"key":"SMITH"},{"floor":41,"key":"REST"},{"data":"Metallicize","floor":45,"key":"SMITH"},{"floor":47,"key":"RECALL"},{"floor":49,"key":"REST"}],"circlet_count":0,"master_deck":["Defend_R+1","Defend_R+1","Defend_R+1","Defend_R+1","Bash","Flex+1","Metallicize+1","Hemokinesis","Heavy Blade","Feed+1","Cleave","Reaper","Thunderclap","Armaments+1","Whirlwind","Juggernaut","Heavy Blade+1","Double Tap","Inflame+1","Infernal Blade+1","Flex","Finesse","Carnage","Offering","Second Wind+1","Dropkick+1","Fire Breathing+1","Bandage Up","Madness","Madness","Evolve","Dramatic Entrance","Jack Of All Trades"],"relics":["Burning Blood","NeowsBlessing","Golden Idol","Akabeko","Happy Flower","Oddly Smooth Stone","War Paint","Membership Card","Black Star","Pear","Magic Flower","Dead Branch","Mango","Singing Bowl","Boot","Astrolabe","Juzu Bracelet","StoneCalendar","Unceasing Top","Pen Nib","Ancient Tea Set","Pocketwatch"],"acts_visited":["Exordium","TheCity","TheBeyond"],"potions_floor_usage":[16,23,23,25,33,33,40,50,50],"damage_taken":[{"damage":0,"enemies":"Cultist","floor":1,"turns":1},{"damage":0,"enemies":"Jaw Worm","floor":5,"turns":1},{"damage":0,"enemies":"Lagavulin","floor":6,"turns":1},{"damage":31,"enemies":"3 Sentries","floor":8,"turns":7},{"damage":0,"enemies":"2 Louse","floor":10,"turns":2},{"damage":13,"enemies":"Gremlin Nob","floor":11,"turns":4},{"damage":2,"enemies":"Large Slime","floor":12,"turns":5},{"damage":5,"enemies":"3 Louse","floor":14,"turns":3},{"damage":25,"enemies":"Slime Boss","floor":16,"turns":10},{"damage":22,"enemies":"2 Thieves","floor":18,"turns":2},{"damage":6,"enemies":"Chosen","floor":19,"turns":4},{"damage":44,"enemies":"Shelled Parasite and Fungi","floor":21,"turns":6},{"damage":41,"enemies":"Gremlin Leader","floor":23,"turns":7},{"damage":42,"enemies":"Chosen and Byrds","floor":24,"turns":8},{"damage":42,"enemies":"Slavers","floor":25,"turns":5},{"damage":68,"enemies":"Champ","floor":33,"turns":10},{"damage":23,"enemies":"Orb Walker","floor":35,"turns":4},{"damage":76,"enemies":"Giant Head","floor":40,"turns":8},{"damage":19,"enemies":"3 Darklings","floor":44,"turns":3},{"damage":15,"enemies":"Mind Bloom Boss Battle","floor":46,"turns":6},{"damage":165,"enemies":"Awakened One","floor":50,"turns":7}],"seed_played":"-5183545803939291531","potions_obtained":[{"floor":5,"key":"Fire Potion"},{"floor":12,"key":"FearPotion"},{"floor":16,"key":"SteroidPotion"},{"floor":19,"key":"FearPotion"},{"floor":23,"key":"ColorlessPotion"},{"floor":25,"key":"ColorlessPotion"},{"floor":33,"key":"AttackPotion"},{"floor":40,"key":"CultistPotion"},{"floor":44,"key":"Swift Potion"}],"is_trial":false,"path_per_floor":["M","$","?","$","M","E","?","E","T","M","E","M","$","M","R","B",null,"M","M","?","M","?","E","M","E","T","R","$","R","$","T","R","B",null,"M","$","?","?","?","E","R","?","T","M","R","?","R","?","R","B"],"character_chosen":"IRONCLAD","items_purchased":["Metallicize","Hemokinesis","Membership Card","Armaments","Flex","Finesse","Boot","Carnage","Juzu Bracelet","Bandage Up","StoneCalendar"],"campfire_rested":3,"item_purchase_floors":[2,4,13,13,28,30,30,30,36,36,36],"current_hp_per_floor":[80,80,60,60,66,72,72,47,47,56,49,62,62,67,67,55,89,73,82,82,44,44,40,40,54,54,88,88,88,88,88,88,47,116,104,104,104,89,89,36,73,68,68,60,60,73,73,73,111,0,0],"gold":154,"neow_bonus":"THREE_ENEMY_KILL","is_daily":false,"chose_seed":false,"campfire_upgraded":4,"win_rate":0.0,"timestamp":1610224363,"path_taken":["M","$","?","$","M","E","?","E","T","?","E","M","$","M","R","BOSS","M","?","?","M","?","E","M","E","T","R","?","R","$","?","R","BOSS","M","$","?","?","?","E","R","?","T","M","R","?","R","?","R","BOSS"],"items_purchased_type":["Card","Card","Relic","Card","Card","Card","Relic","Card","Relic","Card","Relic"],"build_version":"2020-12-22","purchased_purges":1,"victory":false,"max_hp_per_floor":[80,80,80,80,80,80,80,80,80,83,83,86,86,86,86,89,89,89,92,92,92,92,102,102,116,116,116,116,116,116,116,116,116,116,118,118,118,118,118,124,124,124,124,126,126,128,128,128,128,128,128],"relic_stats":{"Happy Flower":[31],"Singing Bowl":8,"counters":[21,104],"Golden Idol":143,"Dead Branch":[49],"Astrolabe":["Second Wind","Dropkick","Fire Breathing"],"Magic Flower":[69],"StoneCalendar":[104],"Pen Nib":[3],"Juzu Bracelet":1,"War Paint":["Flex","Defend_R"],"Boot":[15],"Burning Blood":135,"Black Star":3,"obtain_stats":[{"Pear":23,"NeowsBlessing":0,"Happy Flower":8,"Singing Bowl":26,"Golden Idol":3,"Dead Branch":25,"Astrolabe":34,"Oddly Smooth Stone":9,"Magic Flower":23,"Mango":25,"StoneCalendar":36,"Pen Nib":40,"Juzu Bracelet":36,"War Paint":11,"Boot":30,"Ancient Tea Set":43,"Burning Blood":0,"Akabeko":6,"Black Star":17,"Membership Card":13,"Unceasing Top":40,"Pocketwatch":46},{"Pear":13,"NeowsBlessing":0,"Happy Flower":4,"Singing Bowl":15,"Golden Idol":1,"Dead Branch":15,"Astrolabe":16,"Oddly Smooth Stone":4,"Magic Flower":13,"Mango":15,"StoneCalendar":17,"Pen Nib":18,"Juzu Bracelet":17,"War Paint":6,"Boot":15,"Ancient Tea Set":18,"Burning Blood":0,"Akabeko":3,"Black Star":9,"Membership Card":7,"Unceasing Top":18,"Pocketwatch":20},{"Pear":53,"NeowsBlessing":0,"Happy Flower":10,"Singing Bowl":66,"Golden Idol":1,"Dead Branch":66,"Astrolabe":76,"Oddly Smooth Stone":10,"Magic Flower":53,"Mango":66,"StoneCalendar":80,"Pen Nib":88,"Juzu Bracelet":80,"War Paint":16,"Boot":66,"Ancient Tea Set":88,"Burning Blood":0,"Akabeko":3,"Black Star":34,"Membership Card":21,"Unceasing Top":88,"Pocketwatch":97}],"Unceasing Top":[0],"Pocketwatch":[3]},"card_choices":[{"not_picked":["Armaments","Perfected Strike"],"picked":"Flex","floor":1},{"not_picked":["Evolve","Reckless Charge"],"picked":"Heavy Blade","floor":5},{"not_picked":["Rupture","Heavy Blade"],"picked":"Feed","floor":6},{"not_picked":["Searing Blow","Twin Strike"],"picked":"Metallicize","floor":8},{"not_picked":["Battle Trance","Disarm"],"picked":"Cleave","floor":10},{"not_picked":["Headbutt","Disarm"],"picked":"Reaper","floor":11},{"not_picked":["Rage","Warcry"],"picked":"Thunderclap","floor":12},{"not_picked":["Dual Wield","Spot Weakness"],"picked":"Whirlwind","floor":14},{"not_picked":["Corruption","Barricade"],"picked":"Juggernaut","floor":16},{"not_picked":["Thunderclap+1","Twin Strike","Clash"],"picked":"SKIP","floor":18},{"not_picked":["Cleave","Armaments"],"picked":"Heavy Blade+1","floor":19},{"not_picked":["Havoc+1","True Grit"],"picked":"Double Tap","floor":21},{"not_picked":["True Grit","Cleave"],"picked":"Inflame+1","floor":23},{"not_picked":["Entrench+1","Body Slam","Thunderclap"],"picked":"SKIP","floor":24},{"not_picked":["Flex","Wild Strike+1"],"picked":"Infernal Blade","floor":25},{"not_picked":["Fiend Fire","Feed"],"picked":"Offering","floor":33},{"not_picked":["Hemokinesis","Intimidate+1","Havoc"],"picked":"Singing Bowl","floor":35},{"not_picked":["Heavy Blade","Sentinel","Armaments+1"],"picked":"Singing Bowl","floor":40},{"not_picked":["Impatience","Chrysalis"],"picked":"Dramatic Entrance","floor":42},{"not_picked":["Violence","Impatience"],"picked":"Jack Of All Trades","floor":42},{"not_picked":["Clothesline","Searing Blow","Headbutt+1"],"picked":"Singing Bowl","floor":44},{"not_picked":["Twin Strike+1","Cleave","Disarm"],"picked":"Singing Bowl","floor":46}],"player_experience":175650,"relics_obtained":[{"floor":6,"key":"Akabeko"},{"floor":8,"key":"Happy Flower"},{"floor":9,"key":"Oddly Smooth Stone"},{"floor":11,"key":"War Paint"},{"floor":23,"key":"Pear"},{"floor":23,"key":"Magic Flower"},{"floor":25,"key":"Dead Branch"},{"floor":25,"key":"Mango"},{"floor":26,"key":"Singing Bowl"},{"floor":40,"key":"Unceasing Top"},{"floor":40,"key":"Pen Nib"},{"floor":43,"key":"Ancient Tea Set"},{"floor":46,"key":"Pocketwatch"}],"event_choices":[{"damage_healed":0,"gold_gain":0,"player_choice":"Take Damage","damage_taken":20,"relics_obtained":["Golden Idol"],"max_hp_gain":0,"max_hp_loss":0,"event_name":"Golden Idol","floor":3,"gold_loss":0},{"damage_healed":0,"gold_gain":0,"player_choice":"Ignored","damage_taken":0,"max_hp_gain":0,"max_hp_loss":0,"event_name":"NoteForYourself","floor":7,"gold_loss":0},{"damage_healed":0,"gold_gain":0,"player_choice":"Ignored","damage_taken":0,"max_hp_gain":0,"max_hp_loss":0,"event_name":"Beggar","floor":20,"gold_loss":0},{"damage_healed":0,"gold_gain":0,"player_choice":"Simplicity","damage_taken":0,"max_hp_gain":0,"max_hp_loss":0,"event_name":"Back to Basics","floor":22,"gold_loss":0,"cards_upgraded":["Strike_R","Strike_R","Strike_R","Strike_R","Strike_R","Defend_R","Defend_R","Defend_R"]},{"cards_removed":["Metallicize"],"damage_healed":0,"gold_gain":0,"player_choice":"Removed Power","damage_taken":0,"max_hp_gain":0,"max_hp_loss":0,"event_name":"Falling","floor":37,"gold_loss":0},{"damage_healed":0,"gold_gain":0,"player_choice":"Embrace Madness","damage_taken":15,"max_hp_gain":0,"max_hp_loss":0,"event_name":"Winding Halls","floor":38,"gold_loss":0,"cards_obtained":["Madness","Madness"]},{"damage_healed":0,"gold_gain":0,"cards_transformed":["Strike_R"],"player_choice":"Transformed","damage_taken":0,"max_hp_gain":0,"max_hp_loss":0,"event_name":"Transmorgrifier","floor":39,"gold_loss":0,"cards_obtained":["Evolve"]},{"damage_healed":0,"gold_gain":0,"player_choice":"Memory 2","damage_taken":5,"max_hp_gain":0,"max_hp_loss":0,"event_name":"SensoryStone","floor":42,"gold_loss":0},{"damage_healed":0,"gold_gain":0,"player_choice":"Fight","damage_taken":0,"max_hp_gain":0,"max_hp_loss":0,"event_name":"MindBloom","floor":46,"gold_loss":0},{"damage_healed":0,"gold_gain":0,"player_choice":"Ignored","damage_taken":0,"max_hp_gain":0,"max_hp_loss":0,"event_name":"Mysterious Sphere","floor":48,"gold_loss":0}],"is_beta":false,"boss_relics":[{"not_picked":["Coffee Dripper","Mark of Pain"],"picked":"Black Star"},{"not_picked":["SacredBark","Snecko Eye"],"picked":"Astrolabe"}],"items_purged_floors":[28],"is_endless":false,"potions_floor_spawned":[5,12,16,19,23,25,33,40,44],"killed_by":"Awakened One","ascension_level":0}}