{"host":"y3h3n3f7seyagppx","time":1610214126,"event":{"mods":["AlwaysNeverKeys","BaseMod","Better Vampires","Colored Powertips","DeckTracker","Emptier Cage","Minty Spire (QoL Compilation)","Permanent Neow","Quick Restart","Rare Cards Sparkle","Relic Sorter","Relic Stats","StSLib","Transform Curses"],"gold_per_floor":[119,119,172,189,205,205,236,236,236,269,269,300,54,73,73,146,146,159,177,452,472,39,39,54,54,54,69,89,121,121,154,154,232,232,244,41,41,41,58,58,87,87,111,443,498,498,498,528,528,528,528,528,528,36,64,64],"floor_reached":57,"playtime":8298,"items_purged":["Strike_B","Regret","Zap"],"score":3088,"play_id":"e89b206d-f6e6-4fb1-8632-58d04e6b0909","local_time":"20210109124206","is_ascension_mode":true,"campfire_choices":[{"data":"Defragment","floor":6.0,"key":"SMITH"},{"data":"1","floor":11.0,"key":"LIFT"},{"data":"2","floor":15.0,"key":"LIFT"},{"floor":25.0,"key":"REST"},{"floor":30.0,"key":"REST"},{"data":"Coolheaded","floor":32.0,"key":"SMITH"},{"data":"Defragment","floor":40.0,"key":"SMITH"},{"data":"Biased Cognition","floor":42.0,"key":"SMITH"},{"data":"Hologram","floor":49.0,"key":"SMITH"},{"data":"Rainbow","floor":53,"key":"SMITH"}],"circlet_count":0,"master_deck":["AscendersBane","Strike_B","Strike_B","Strike_B","Defend_B","Dualcast","Defragment+1","Compile Driver","Ball Lightning","Defragment+1","Coolheaded+1","Fission+1","Skim+1","Scrape+1","Electrodynamics+1","Defragment+1","Cold Snap","BootSequence+1","Glacier","Rainbow+1","Hologram+1","Biased Cognition+1","Defragment+1","Glacier","Reinforced Body+1","Turbo+1","Panacea","White Noise+1","Loop","Recycle","Chill"],"relics":["Cracked Core","Potion Belt","Anchor","Orichalcum","Nunchaku","White Beast Statue","Girya","Ornamental Fan","DollysMirror","Astrolabe","Bag of Preparation","Toolbox","Shuriken","Juzu Bracelet","Calipers","Philosopher\u0027s Stone","Akabeko","Oddly Smooth Stone","Old Coin","Du-Vu Doll","Meat on the Bone","Mummified Hand","Happy Flower"],"acts_visited":["Exordium","TheCity","TheBeyond","TheEnding"],"potions_floor_usage":[50,54,55,56,56,56],"damage_taken":[{"damage":10.0,"enemies":"Small Slimes","floor":1.0,"turns":4.0},{"damage":2.0,"enemies":"Jaw Worm","floor":4.0,"turns":3.0},{"damage":0.0,"enemies":"Cultist","floor":5.0,"turns":3.0},{"damage":20.0,"enemies":"3 Sentries","floor":7.0,"turns":8.0},{"damage":2.0,"enemies":"Gremlin Nob","floor":10.0,"turns":3.0},{"damage":17.0,"enemies":"Lagavulin","floor":12.0,"turns":4.0},{"damage":0.0,"enemies":"2 Fungi Beasts","floor":14.0,"turns":3.0},{"damage":14.0,"enemies":"The Guardian","floor":16.0,"turns":10.0},{"damage":6.0,"enemies":"2 Thieves","floor":18.0,"turns":2.0},{"damage":6.0,"enemies":"Chosen","floor":19.0,"turns":4.0},{"damage":18.0,"enemies":"Centurion and Healer","floor":21.0,"turns":3.0},{"damage":0.0,"enemies":"Cultist and Chosen","floor":24.0,"turns":3.0},{"damage":12.0,"enemies":"Snecko","floor":27.0,"turns":3.0},{"damage":0.0,"enemies":"Centurion and Healer","floor":28.0,"turns":2.0},{"damage":0.0,"enemies":"Gremlin Leader","floor":29.0,"turns":5.0},{"damage":0.0,"enemies":"Book of Stabbing","floor":31.0,"turns":5.0},{"damage":0.0,"enemies":"Collector","floor":33.0,"turns":6.0},{"damage":0.0,"enemies":"Orb Walker","floor":35.0,"turns":2.0},{"damage":0.0,"enemies":"3 Darklings","floor":39.0,"turns":2.0},{"damage":1.0,"enemies":"Giant Head","floor":41.0,"turns":9.0},{"damage":2.0,"enemies":"Reptomancer","floor":44.0,"turns":4.0},{"damage":0.0,"enemies":"2 Orb Walkers","floor":45.0,"turns":4.0},{"damage":0.0,"enemies":"Giant Head","floor":48.0,"turns":9.0},{"damage":21,"enemies":"Time Eater","floor":50,"turns":25},{"damage":0,"enemies":"Donu and Deca","floor":51,"turns":15},{"damage":8,"enemies":"Shield and Spear","floor":55,"turns":9},{"damage":47,"enemies":"The Heart","floor":56,"turns":15}],"seed_played":"4100724192471683783","potions_obtained":[{"floor":5.0,"key":"BlessingOfTheForge"},{"floor":7.0,"key":"Fire Potion"},{"floor":10.0,"key":"Block Potion"},{"floor":12.0,"key":"Energy Potion"},{"floor":14.0,"key":"PowerPotion"},{"floor":16.0,"key":"Swift Potion"},{"floor":18.0,"key":"SneckoOil"},{"floor":19.0,"key":"PowerPotion"},{"floor":21.0,"key":"PowerPotion"},{"floor":24.0,"key":"FocusPotion"},{"floor":27.0,"key":"Energy Potion"},{"floor":31.0,"key":"Swift Potion"},{"floor":33.0,"key":"DistilledChaos"},{"floor":45.0,"key":"Fruit Juice"},{"floor":48.0,"key":"Fruit Juice"},{"floor":55,"key":"ColorlessPotion"}],"is_trial":false,"path_per_floor":["M","?","T","M","M","R","E","?","T","E","R","E","$","M","R","B",null,"M","M","?","M","$","?","M","R","T","M","M","E","R","E","R","B",null,"M","$","?","$","M","R","E","R","T","E","?","?","?","E","R","B","B",null,"R","$","E","B",null],"character_chosen":"DEFECT","items_purchased":["DollysMirror","Bag of Preparation","Toolbox","Defragment","Mummified Hand","Loop","Recycle","PowerPotion","SpeedPotion"],"campfire_rested":2,"item_purchase_floors":[13,22,22,36,54,54,54,54,54],"current_hp_per_floor":[54,49,49,47,47,47,27,50,50,48,48,31,31,31,31,17,58,52,46,46,28,28,28,28,49,49,37,37,37,58,58,58,58,68,68,68,68,68,68,68,67,67,67,65,65,65,55,60,60,39,39,67,67,72,64,29],"gold":64,"neow_bonus":"RANDOM_COMMON_RELIC","is_daily":false,"chose_seed":false,"campfire_upgraded":6,"win_rate":0.0,"timestamp":1610214126,"path_taken":["M","?","?","M","M","R","E","?","T","E","R","E","$","M","R","BOSS","M","M","?","?","$","?","M","R","T","?","M","E","R","E","R","BOSS","M","$","?","?","M","R","E","R","T","E","?","?","?","E","R","BOSS","BOSS","R","$","E","BOSS"],"items_purchased_type":["Relic","Relic","Relic","Card","Relic","Card","Card","Potion","Potion"],"build_version":"2020-12-22","purchased_purges":3,"victory":true,"max_hp_per_floor":[71,71,71,71,71,71,71,71,71,71,71,71,71,71,71,71,71,71,71,71,71,71,71,71,71,71,71,71,71,71,71,71,71,71,71,71,71,71,71,71,71,71,71,71,71,71,71,76,76,76,76,76,76,81,81,81],"relic_stats":{"Nunchaku":[22],"Happy Flower":[5],"counters":[27,165],"Ornamental Fan":[132],"Shuriken":[31],"Mummified Hand":[21],"Astrolabe":["Skim","Scrape","Electrodynamics"],"Bag of Preparation":[32],"Juzu Bracelet":1,"Orichalcum":[138],"obtain_stats":[{"Potion Belt":0,"Girya":10,"Calipers":31,"Happy Flower":55,"Astrolabe":17,"Oddly Smooth Stone":43,"Bag of Preparation":22,"Juzu Bracelet":29,"Orichalcum":3,"White Beast Statue":9,"Akabeko":41,"Old Coin":44,"Du-Vu Doll":45,"Anchor":2,"Nunchaku":7,"Ornamental Fan":12,"DollysMirror":13,"Shuriken":26,"Mummified Hand":54,"Toolbox":22,"Philosopher\u0027s Stone":34,"Cracked Core":0,"Meat on the Bone":48},{"Potion Belt":0,"Girya":5,"Calipers":16,"Happy Flower":26,"Astrolabe":8,"Oddly Smooth Stone":20,"Bag of Preparation":11,"Juzu Bracelet":15,"Orichalcum":1,"White Beast Statue":4,"Akabeko":20,"Old Coin":21,"Du-Vu Doll":22,"Anchor":1,"Nunchaku":4,"Ornamental Fan":6,"DollysMirror":6,"Shuriken":12,"Mummified Hand":25,"Toolbox":11,"Philosopher\u0027s Stone":17,"Cracked Core":0,"Meat on the Bone":23},{"Potion Belt":0,"Girya":21,"Calipers":65,"Happy Flower":150,"Astrolabe":38,"Oddly Smooth Stone":84,"Bag of Preparation":47,"Juzu Bracelet":60,"Orichalcum":4,"White Beast Statue":18,"Akabeko":84,"Old Coin":88,"Du-Vu Doll":92,"Anchor":4,"Nunchaku":18,"Ornamental Fan":25,"DollysMirror":25,"Shuriken":50,"Mummified Hand":141,"Toolbox":47,"Philosopher\u0027s Stone":71,"Cracked Core":0,"Meat on the Bone":101}],"Meat on the Bone":12},"card_choices":[{"not_picked":["Barrage","Reinforced Body"],"picked":"FTL","floor":1.0},{"not_picked":["Recycle","Sweeping Beam"],"picked":"Defragment","floor":4.0},{"not_picked":["Redo","Aggregate","Gash"],"picked":"SKIP","floor":5.0},{"not_picked":["Steam","Hologram","Leap"],"picked":"SKIP","floor":7.0},{"not_picked":["Streamline","Heatsinks"],"picked":"Compile Driver","floor":10.0},{"not_picked":["BootSequence","Sweeping Beam"],"picked":"Ball Lightning","floor":12.0},{"not_picked":["Heatsinks","Barrage"],"picked":"Coolheaded","floor":14.0},{"not_picked":["Hyperbeam","Rainbow"],"picked":"Fission","floor":16.0},{"not_picked":["Lockon","Darkness"],"picked":"Defragment+1","floor":18.0},{"not_picked":["Compile Driver","Lockon","Sweeping Beam"],"picked":"SKIP","floor":19.0},{"not_picked":["Barrage","Gash"],"picked":"Cold Snap","floor":21.0},{"not_picked":["Beam Cell","Ball Lightning","Melter"],"picked":"SKIP","floor":24.0},{"not_picked":["Gash","Cold Snap"],"picked":"BootSequence+1","floor":27.0},{"not_picked":["Ball Lightning","Streamline"],"picked":"Glacier","floor":28.0},{"not_picked":["Compile Driver","FTL"],"picked":"Rainbow","floor":29.0},{"not_picked":["Cold Snap","Sunder"],"picked":"Hologram","floor":31.0},{"not_picked":["Machine Learning","Meteor Strike"],"picked":"Biased Cognition","floor":33.0},{"not_picked":["Turbo","Aggregate","Ball Lightning"],"picked":"SKIP","floor":35.0},{"not_picked":["Hello World","Stack","Aggregate"],"picked":"SKIP","floor":39.0},{"not_picked":["Skim","Go for the Eyes"],"picked":"Glacier","floor":41.0},{"not_picked":["Beam Cell","Ball Lightning"],"picked":"Reinforced Body+1","floor":44.0},{"not_picked":["Heatsinks","Double Energy"],"picked":"Turbo+1","floor":45.0},{"not_picked":["Finesse","Madness"],"picked":"Panacea","floor":47.0},{"not_picked":["Steam","Sunder"],"picked":"White Noise+1","floor":48.0},{"not_picked":["Steam","Scrape"],"picked":"Chill","floor":55}],"player_experience":20529640,"relics_obtained":[{"floor":3.0,"key":"Orichalcum"},{"floor":7.0,"key":"Nunchaku"},{"floor":9.0,"key":"White Beast Statue"},{"floor":10.0,"key":"Girya"},{"floor":12.0,"key":"Ornamental Fan"},{"floor":26.0,"key":"Shuriken"},{"floor":29.0,"key":"Juzu Bracelet"},{"floor":31.0,"key":"Calipers"},{"floor":41.0,"key":"Akabeko"},{"floor":43.0,"key":"Oddly Smooth Stone"},{"floor":44.0,"key":"Old Coin"},{"floor":45.0,"key":"Du-Vu Doll"},{"floor":48.0,"key":"Meat on the Bone"},{"floor":55,"key":"Happy Flower"}],"event_choices":[{"damage_healed":0.0,"max_hp_gain":0.0,"max_hp_loss":0.0,"gold_gain":0.0,"event_name":"Scrap Ooze","player_choice":"Success","floor":2.0,"gold_loss":0.0,"damage_taken":5.0,"relics_obtained":["Anchor"]},{"damage_healed":23.0,"max_hp_gain":0.0,"max_hp_loss":0.0,"gold_gain":0.0,"event_name":"Big Fish","player_choice":"Banana","floor":8.0,"gold_loss":0.0,"damage_taken":0.0},{"damage_healed":0.0,"max_hp_gain":0.0,"max_hp_loss":0.0,"gold_gain":275.0,"event_name":"Golden Shrine","player_choice":"Desecrate","floor":20.0,"gold_loss":0.0,"damage_taken":0.0,"cards_obtained":["Regret"]},{"damage_healed":0.0,"max_hp_gain":0.0,"max_hp_loss":0.0,"gold_gain":0.0,"event_name":"Accursed Blacksmith","player_choice":"Forge","floor":23.0,"gold_loss":0.0,"damage_taken":0.0,"cards_upgraded":["Fission"]},{"damage_healed":0.0,"max_hp_gain":0.0,"max_hp_loss":0.0,"gold_gain":0.0,"event_name":"Lab","player_choice":"Got Potions","floor":37.0,"gold_loss":0.0,"damage_taken":0.0},{"damage_healed":0.0,"max_hp_gain":0.0,"max_hp_loss":0.0,"gold_gain":0.0,"event_name":"Mysterious Sphere","player_choice":"Fight","floor":45.0,"gold_loss":0.0,"damage_taken":0.0},{"cards_removed":["FTL"],"damage_healed":0.0,"max_hp_gain":0.0,"max_hp_loss":0.0,"gold_gain":0.0,"event_name":"Falling","player_choice":"Removed Attack","floor":46.0,"gold_loss":0.0,"damage_taken":0.0},{"damage_healed":0.0,"max_hp_gain":0.0,"max_hp_loss":0.0,"gold_gain":0.0,"event_name":"SensoryStone","player_choice":"Memory 3","floor":47.0,"gold_loss":0.0,"damage_taken":10.0}],"is_beta":false,"boss_relics":[{"not_picked":["Nuclear Battery","Empty Cage"],"picked":"Astrolabe"},{"not_picked":["Calling Bell","Black Star"],"picked":"Philosopher\u0027s Stone"}],"items_purged_floors":[13,22,36],"is_endless":false,"potions_floor_spawned":[5,7,10,12,14,16,18,19,21,24,27,28,29,31,33,35,39,41,44,45,48,55],"ascension_level":20}}