{"host":"z4nt7tdd4gjrinn7","time":1610163798,"event":{"mods":["BaseMod","Minty Spire (QoL Compilation)","StSLib","The Servant 0.9.4"],"gold_per_floor":[116,116,116,126,137,137,162,162,186,186,202,202,39,56,56,152,152,163,177,194,194,194,5,5,5,32,32,52,62,74,74,74],"floor_reached":31,"playtime":2860,"items_purged":[],"score":237,"play_id":"6814b5b3-4302-4ed8-a34d-54873cce335e","local_time":"20210108224318","is_ascension_mode":false,"campfire_choices":[{"data":"Eviscerate","floor":6,"key":"SMITH"},{"floor":8,"key":"REST"},{"floor":12,"key":"REST"},{"floor":15,"key":"REST"},{"floor":24,"key":"REST"},{"floor":27,"key":"REST"}],"circlet_count":0,"master_deck":["Strike_G+1","Strike_G+1","Strike_G+1","Strike_G+1","Strike_G+1","Defend_G+1","Defend_G+1","Defend_G+1","Defend_G+1","Survivor","Neutralize","Outmaneuver+1","Dagger Throw","Eviscerate+1","Distraction","Endless Agony","Well Laid Plans","Outmaneuver","Mind Blast","Blur","Unload","Tactician","Quick Slash+1","Heel Hook+1","Dagger Spray","Reflex","Jack Of All Trades","Underhanded Strike","Predator","Flying Knee"],"relics":["Ring of the Snake","Orichalcum","Bag of Preparation","WristBlade","Oddly Smooth Stone"],"acts_visited":["Exordium","TheCity"],"potions_floor_usage":[16,16,16],"damage_taken":[{"damage":0,"enemies":"Small Slimes","floor":1,"turns":3},{"damage":4,"enemies":"Jaw Worm","floor":4,"turns":5},{"damage":2,"enemies":"Cultist","floor":5,"turns":5},{"damage":12,"enemies":"Gremlin Nob","floor":7,"turns":4},{"damage":37,"enemies":"Gremlin Gang","floor":11,"turns":6},{"damage":3,"enemies":"Blue Slaver","floor":14,"turns":2},{"damage":67,"enemies":"Hexaghost","floor":16,"turns":12},{"damage":18,"enemies":"Shell Parasite","floor":18,"turns":7},{"damage":22,"enemies":"Chosen","floor":19,"turns":5},{"damage":15,"enemies":"Snake Plant","floor":20,"turns":5},{"damage":9,"enemies":"Cultist and Chosen","floor":28,"turns":8},{"damage":16,"enemies":"Centurion and Healer","floor":29,"turns":6},{"damage":21,"enemies":"Snake Plant","floor":30,"turns":3},{"damage":27,"enemies":"Chosen and Byrds","floor":31,"turns":4}],"seed_played":"5405584231695915940","potions_obtained":[{"floor":7,"key":"FearPotion"},{"floor":11,"key":"BlessingOfTheForge"},{"floor":14,"key":"SkillPotion"},{"floor":16,"key":"CultistPotion"},{"floor":18,"key":"LiquidBronze"},{"floor":19,"key":"SkillPotion"},{"floor":28,"key":"EntropicBrew"}],"is_trial":false,"path_per_floor":["M","?","?","M","M","R","E","R","T","?","M","R","$","M","R","B",null,"M","M","M","?","?","$","R","$","T","R","M","M","M","M"],"character_chosen":"THE_SILENT","items_purchased":["Well Laid Plans","Outmaneuver","Mind Blast","Dagger Spray","Reflex","Jack Of All Trades"],"campfire_rested":5,"item_purchase_floors":[13,13,13,23,23,23],"current_hp_per_floor":[77,77,77,73,71,71,59,77,77,77,40,63,63,60,77,10,77,59,37,22,22,22,22,45,45,45,68,59,43,22,0,0],"gold":74,"neow_bonus":"TEN_PERCENT_HP_BONUS","is_daily":false,"chose_seed":false,"campfire_upgraded":1,"win_rate":0.0,"timestamp":1610163798,"path_taken":["M","?","?","?","M","R","E","R","T","?","M","R","?","M","R","BOSS","M","M","?","?","?","?","R","$","T","R","M","?","M","M"],"items_purchased_type":["Card","Card","Card","Card","Card","Card"],"build_version":"2020-12-22","purchased_purges":0,"victory":false,"max_hp_per_floor":[77,77,77,77,77,77,77,77,77,77,77,77,77,77,77,77,77,77,77,77,77,77,77,77,77,77,77,77,77,77,77,77],"card_choices":[{"not_picked":["Quick Slash","Distraction"],"picked":"Outmaneuver","floor":1},{"not_picked":["Footwork","Sucker Punch"],"picked":"Dagger Throw","floor":4},{"not_picked":["Predator","Quick Slash"],"picked":"Eviscerate","floor":5},{"not_picked":["Deflect","Dagger Throw"],"picked":"Distraction","floor":7},{"not_picked":["Prepared","Quick Slash"],"picked":"Endless Agony","floor":11},{"not_picked":["Bouncing Flask","Deflect"],"picked":"Blur","floor":14},{"not_picked":["Doppelganger","A Thousand Cuts"],"picked":"Unload","floor":16},{"not_picked":["Deadly Poison","Poisoned Stab"],"picked":"Tactician","floor":18},{"not_picked":["Dagger Spray","Riddle With Holes"],"picked":"Quick Slash+1","floor":19},{"not_picked":["Calculated Gamble","Poisoned Stab"],"picked":"Heel Hook+1","floor":20},{"not_picked":["Acrobatics","Outmaneuver+1"],"picked":"Underhanded Strike","floor":28},{"not_picked":["Crippling Poison","Envenom"],"picked":"Predator","floor":29},{"not_picked":["Well Laid Plans+1","Poisoned Stab"],"picked":"Flying Knee","floor":30}],"player_experience":4469,"relics_obtained":[{"floor":7,"key":"Orichalcum"},{"floor":9,"key":"Bag of Preparation"},{"floor":26,"key":"Oddly Smooth Stone"}],"event_choices":[{"damage_healed":0,"gold_gain":0,"player_choice":"Ignored","damage_taken":0,"max_hp_gain":0,"max_hp_loss":0,"event_name":"Liars Game","floor":2,"gold_loss":0},{"damage_healed":0,"gold_gain":0,"player_choice":"Grow","damage_taken":0,"max_hp_gain":0,"max_hp_loss":0,"event_name":"Living Wall","floor":3,"gold_loss":0,"cards_upgraded":["Outmaneuver"]},{"cards_removed":["Defend_G"],"damage_healed":0,"gold_gain":0,"player_choice":"Offered Basic","damage_taken":0,"max_hp_gain":0,"max_hp_loss":0,"event_name":"Bonfire Elementals","floor":10,"gold_loss":0},{"damage_healed":0,"gold_gain":0,"player_choice":"Ignored","damage_taken":0,"max_hp_gain":0,"max_hp_loss":0,"event_name":"Vampires","floor":21,"gold_loss":0},{"damage_healed":0,"gold_gain":0,"player_choice":"Simplicity","damage_taken":0,"max_hp_gain":0,"max_hp_loss":0,"event_name":"Back to Basics","floor":22,"gold_loss":0,"cards_upgraded":["Strike_G","Strike_G","Strike_G","Strike_G","Strike_G","Defend_G","Defend_G","Defend_G","Defend_G"]}],"is_beta":false,"boss_relics":[{"not_picked":["Calling Bell","Snecko Eye"],"picked":"WristBlade"}],"items_purged_floors":[],"is_endless":false,"potions_floor_spawned":[7,11,14,16,18,19,28],"killed_by":"Chosen and Byrds","ascension_level":0}}