{"host":"dzit4ljil6490tuf","time":1610182431,"event":{"mods":["BaseMod","Downfall","Hermit","Hubris","Marisa????????","Minty Spire (QoL Compilation)","StSLib","The Cursed","The Runesmith","The Servant 0.9.4"],"gold_per_floor":[199,216,226,282,297,6,6,6,19,44,64,49,49,65,82,82,82,82],"floor_reached":16,"playtime":1152,"items_purged":[],"score":114,"play_id":"59caba6e-381c-4ab0-8b92-b0bfbe519674","local_time":"20210109095351","is_ascension_mode":true,"campfire_choices":[{"data":"hexamod:Float","floor":1,"key":"SMITH"},{"floor":13,"key":"REST"}],"circlet_count":0,"master_deck":["hexamod:Strike","hexamod:Strike+1","hexamod:Strike+1","hexamod:Strike+1","hexamod:Defend","hexamod:Defend","hexamod:Defend","hexamod:Defend","hexamod:Sear","hexamod:Float+1","hexamod:HauntingEcho","hexamod:HauntingEcho","hexamod:ShieldOfDarkness","hexamod:HauntingEcho","hexamod:SearingWound","hexamod:SuperheatedStrike","Regret","hexamod:BurningTouch","hexamod:ExtraCrispy+1","hexamod:SkipABeat","hexamod:GhostflameInferno","hexamod:Again","hexamod:ShieldOfDarkness"],"relics":["hexamod:SpiritBrand","PreservedInsect","hubris:DisguiseKit","Frozen Egg 2","Centennial Puzzle"],"acts_visited":["Exordium"],"potions_floor_usage":[4,12,15],"damage_taken":[{"damage":4,"enemies":"2 Louse","floor":2,"turns":3},{"damage":1,"enemies":"Jaw Worm","floor":3,"turns":3},{"damage":25,"enemies":"Lagavulin Event","floor":4,"turns":6},{"damage":0,"enemies":"Cultist","floor":5,"turns":3},{"damage":0,"enemies":"downfall:FleeingMerchant","floor":6,"turns":4},{"damage":4,"enemies":"Large Slime","floor":9,"turns":5},{"damage":15,"enemies":"3 Sentries","floor":10,"turns":6},{"damage":12,"enemies":"Exordium Thugs","floor":11,"turns":4},{"damage":7,"enemies":"downfall:FleeingMerchant","floor":12,"turns":4},{"damage":15,"enemies":"Blue Slaver","floor":14,"turns":3},{"damage":5,"enemies":"Lots of Slimes","floor":15,"turns":4},{"damage":3,"enemies":"downfall:Defect","floor":16,"turns":2}],"seed_played":"-3520552755381721158","potions_obtained":[{"floor":3,"key":"Strength Potion"},{"floor":5,"key":"Energy Potion"},{"floor":10,"key":"Weak Potion"},{"floor":11,"key":"DistilledChaos"},{"floor":14,"key":"Ancient Potion"},{"floor":15,"key":"sneckomod:MuddlingPotion"}],"is_trial":false,"path_per_floor":["R","M","M","?","M","$","T","?","M","E","M","$","R","M","M","B"],"character_chosen":"THE_SPIRIT","items_purchased":["hexamod:SuperheatedStrike","hubris:DisguiseKit"],"campfire_rested":1,"item_purchase_floors":[6,6],"current_hp_per_floor":[70,66,65,40,40,40,40,40,36,21,9,2,23,8,3,0,0,0],"gold":82,"neow_bonus":"HUNDRED_GOLD","is_daily":false,"chose_seed":false,"campfire_upgraded":1,"win_rate":0.0,"timestamp":1610182431,"path_taken":["R","M","M","?","M","$","T","?","M","E","M","?","R","M","M","BOSS"],"items_purchased_type":["Card","Relic"],"build_version":"2020-12-22","purchased_purges":0,"victory":false,"max_hp_per_floor":[70,70,70,70,70,70,70,70,70,70,70,70,70,70,70,70,70,70],"card_choices":[{"not_picked":["hexamod:Firestarter","hexamod:AdvancingGuard"],"picked":"hexamod:HauntingEcho","floor":2},{"not_picked":["hexamod:RainOfEmbers","hexamod:SuperheatedStrike"],"picked":"hexamod:HauntingEcho","floor":3},{"not_picked":["hexamod:GhostShield","hexamod:FlamesFromBeyond"],"picked":"hexamod:ShieldOfDarkness","floor":4},{"not_picked":["hexamod:PowerFromBeyond","hexamod:FastForward"],"picked":"hexamod:HauntingEcho","floor":5},{"not_picked":["hexamod:InspiringFlames","hexamod:BurningTouch"],"picked":"hexamod:SearingWound","floor":6},{"not_picked":["hexamod:NightmareGuise","hexamod:RetreatToShadows","Guardian:ShieldCharger"],"picked":"hexamod:BurningTouch","floor":9},{"not_picked":["hexamod:RainOfEmbers","hexamod:GhostOfSpirePast+1","Guardian:ChargeUp"],"picked":"hexamod:ExtraCrispy+1","floor":10},{"not_picked":["hexamod:NightmareGuise","hexamod:TimeWarp","Guardian:VentSteam"],"picked":"hexamod:SkipABeat","floor":11},{"not_picked":["hexamod:EmpoweredFlame+1","hexamod:SkipABeat","Guardian:VentSteam"],"picked":"hexamod:GhostflameInferno","floor":12},{"not_picked":["hexamod:BurningTouch","hexamod:RainOfEmbers","Guardian:TimeBomb"],"picked":"hexamod:Again","floor":14},{"not_picked":["hexamod:NightmareGuise","hexamod:Rewind","Guardian:Suspension"],"picked":"hexamod:ShieldOfDarkness","floor":15}],"player_experience":559717,"relics_obtained":[{"floor":4,"key":"PreservedInsect"},{"floor":7,"key":"Frozen Egg 2"},{"floor":10,"key":"Centennial Puzzle"}],"event_choices":[],"is_beta":false,"boss_relics":[],"items_purged_floors":[],"is_endless":false,"potions_floor_spawned":[3,5,10,11,14,15],"killed_by":"downfall:Defect","ascension_level":2}}