{"host":"s41rn2jhghpwfrvz","time":1610224674,"event":{"mods":["BaseMod","Minty Spire (QoL Compilation)","Quick Restart","Relic Stats","SuperFastMode"],"gold_per_floor":[112,125,125,139,151,151,162,191,241,271,346,372,387,401,401,480,480,499,517,533,548,566,595,609,637,664,681,715,715,749,1199,1199,1270,1270,1287,1212,939,939,988,1015,1015,1044,1044,746,573,573,586,602,602,602,602,602,602,75,105,105],"floor_reached":57,"playtime":2052,"items_purged":["Nirvana+1","LessonLearned+1","Spot Weakness+1","Quick Slash+1"],"score":3653,"play_id":"458038cf-4590-429c-a0fd-028aadf78309","local_time":"20210109223754","daily_mods":["SealedDeck","Vintage","Diverse"],"is_ascension_mode":true,"campfire_choices":[{"data":"Eviscerate","floor":6,"key":"SMITH"},{"data":"Acrobatics","floor":15,"key":"SMITH"},{"floor":32,"key":"RECALL"},{"data":"1","floor":41,"key":"LIFT"},{"data":"2","floor":46,"key":"LIFT"},{"data":"3","floor":49,"key":"LIFT"},{"data":"Reflex","floor":53,"key":"SMITH"}],"circlet_count":0,"master_deck":["AscendersBane","Turbo+1","Eviscerate+1","Acrobatics+1","Acrobatics+1","Backflip+1","Backflip+1","Reflex+1"],"relics":["Burning Blood","Potion Belt","Ornamental Fan","Art of War","White Beast Statue","Torii","Meat on the Bone","Bag of Marbles","TungstenRod","Mercury Hourglass","Paper Frog","Blood Vial","Runic Pyramid","InkBottle","HornCleat","Strawberry","Question Card","Gremlin Horn","Champion Belt","Anchor","Juzu Bracelet","Girya","Singing Bowl","MealTicket","Empty Cage","Centennial Puzzle","Oddly Smooth Stone","Pocketwatch","Bottled Lightning","Magic Flower","Frozen Egg 2","Sling","Pen Nib","Mummified Hand","Toy Ornithopter","Membership Card","Orichalcum","StoneCalendar"],"acts_visited":["Exordium","TheCity","TheBeyond","TheEnding"],"potions_floor_usage":[12,16,16,23,56,56,56,56],"damage_taken":[{"damage":0,"enemies":"Jaw Worm","floor":1,"turns":1},{"damage":0,"enemies":"Small Slimes","floor":2,"turns":1},{"damage":0,"enemies":"Cultist","floor":4,"turns":2},{"damage":0,"enemies":"Red Slaver","floor":5,"turns":2},{"damage":9,"enemies":"Exordium Thugs","floor":7,"turns":3},{"damage":21,"enemies":"3 Sentries","floor":8,"turns":7},{"damage":15,"enemies":"Lagavulin","floor":10,"turns":4},{"damage":9,"enemies":"3 Sentries","floor":12,"turns":6},{"damage":0,"enemies":"Looter","floor":13,"turns":1},{"damage":0,"enemies":"Large Slime","floor":14,"turns":1},{"damage":0,"enemies":"Hexaghost","floor":16,"turns":2},{"damage":0,"enemies":"Spheric Guardian","floor":18,"turns":2},{"damage":0,"enemies":"3 Byrds","floor":19,"turns":3},{"damage":17,"enemies":"Snake Plant","floor":20,"turns":4},{"damage":0,"enemies":"Sentry and Sphere","floor":21,"turns":3},{"damage":8,"enemies":"Centurion and Healer","floor":22,"turns":3},{"damage":9,"enemies":"Book of Stabbing","floor":23,"turns":2},{"damage":0,"enemies":"Snake Plant","floor":24,"turns":2},{"damage":0,"enemies":"Slavers","floor":25,"turns":1},{"damage":0,"enemies":"Snecko","floor":27,"turns":3},{"damage":0,"enemies":"Gremlin Leader","floor":28,"turns":1},{"damage":0,"enemies":"Slavers","floor":30,"turns":1},{"damage":0,"enemies":"Champ","floor":33,"turns":3},{"damage":0,"enemies":"Orb Walker","floor":35,"turns":1},{"damage":0,"enemies":"2 Orb Walkers","floor":39,"turns":1},{"damage":0,"enemies":"Giant Head","floor":40,"turns":1},{"damage":0,"enemies":"Reptomancer","floor":42,"turns":1},{"damage":0,"enemies":"3 Darklings","floor":47,"turns":1},{"damage":0,"enemies":"Jaw Worm Horde","floor":48,"turns":1},{"damage":0,"enemies":"Donu and Deca","floor":50,"turns":2},{"damage":0,"enemies":"Awakened One","floor":51,"turns":3},{"damage":0,"enemies":"Shield and Spear","floor":55,"turns":1},{"damage":52,"enemies":"The Heart","floor":56,"turns":5}],"seed_played":"-511408119653294175","potions_obtained":[{"floor":2,"key":"ColorlessPotion"},{"floor":5,"key":"SteroidPotion"},{"floor":7,"key":"Ancient Potion"},{"floor":8,"key":"Regen Potion"},{"floor":10,"key":"DuplicationPotion"},{"floor":12,"key":"Swift Potion"},{"floor":16,"key":"SteroidPotion"},{"floor":18,"key":"Energy Potion"},{"floor":22,"key":"PowerPotion"},{"floor":23,"key":"Weak Potion"},{"floor":27,"key":"SpeedPotion"},{"floor":48,"key":"ElixirPotion"}],"is_trial":true,"path_per_floor":["M","M","?","M","M","R","M","E","T","E","?","E","M","M","R","B",null,"M","M","M","M","M","E","M","E","T","M","E","?","E","?","R","B",null,"M","$","$","?","?","E","R","E","T","$","$","R","M","M","R","B","B",null,"R","$","E","B",null],"character_chosen":"IRONCLAD","items_purchased":["Oddly Smooth Stone","Sling","Pen Nib","Membership Card","SteroidPotion","Orichalcum","StoneCalendar"],"campfire_rested":0,"item_purchase_floors":[37,44,45,54,54,54,54],"current_hp_per_floor":[74,75,75,75,75,75,72,57,57,48,38,50,56,62,62,70,74,75,75,71,79,79,78,82,82,82,82,84,84,86,46,46,56,80,88,88,88,88,90,90,90,92,92,92,92,92,92,92,92,92,92,92,92,92,94,69],"gold":105,"neow_bonus":"","is_daily":false,"chose_seed":false,"campfire_upgraded":3,"win_rate":0.0,"timestamp":1610224674,"path_taken":["M","M","?","M","M","R","M","E","T","E","?","E","M","M","R","BOSS","M","M","M","M","M","E","M","E","T","M","E","?","E","?","R","BOSS","M","?","$","?","?","E","R","E","T","?","$","R","M","M","R","BOSS","BOSS","R","$","E","BOSS"],"items_purchased_type":["Relic","Relic","Relic","Relic","Potion","Relic","Relic"],"build_version":"2020-12-22","purchased_purges":4,"victory":true,"max_hp_per_floor":[75,75,75,75,75,75,75,75,75,75,75,75,75,75,75,75,75,75,75,82,82,82,82,82,82,82,82,84,84,86,86,86,88,88,88,88,88,88,90,90,90,92,92,92,92,92,92,92,92,92,92,92,92,92,94,94],"relic_stats":{"Torii":13,"Gremlin Horn":[17,18],"Singing Bowl":12,"Magic Flower":[9],"StoneCalendar":[0],"Juzu Bracelet":1,"Burning Blood":96,"Blood Vial":15,"Centennial Puzzle":[3],"Mummified Hand":[1],"MealTicket":0,"InkBottle":[46],"counters":[33,74],"Pen Nib":[6],"Orichalcum":[6],"Question Card":9,"Mercury Hourglass":[195],"Ornamental Fan":[232],"Art of War":[7],"Champion Belt":[29],"obtain_stats":[{"Torii":7,"Gremlin Horn":22,"Singing Bowl":28,"Magic Flower":42,"StoneCalendar":54,"Juzu Bracelet":25,"Empty Cage":34,"Sling":44,"Burning Blood":0,"Blood Vial":14,"Centennial Puzzle":35,"HornCleat":19,"Mummified Hand":47,"Strawberry":20,"MealTicket":30,"InkBottle":18,"Paper Frog":13,"Runic Pyramid":17,"Potion Belt":1,"Girya":27,"Oddly Smooth Stone":37,"Pen Nib":45,"Frozen Egg 2":43,"Orichalcum":54,"Question Card":21,"White Beast Statue":5,"Mercury Hourglass":12,"Anchor":24,"Ornamental Fan":2,"Art of War":4,"Bag of Marbles":9,"Champion Belt":23,"Bottled Lightning":40,"Membership Card":54,"TungstenRod":10,"Toy Ornithopter":48,"Meat on the Bone":8,"Pocketwatch":39},{"Torii":5,"Gremlin Horn":16,"Singing Bowl":21,"Magic Flower":27,"StoneCalendar":31,"Juzu Bracelet":19,"Empty Cage":23,"Sling":27,"Burning Blood":0,"Blood Vial":10,"Centennial Puzzle":24,"HornCleat":13,"Mummified Hand":28,"Strawberry":14,"MealTicket":22,"InkBottle":12,"Paper Frog":9,"Runic Pyramid":11,"Potion Belt":1,"Girya":20,"Oddly Smooth Stone":24,"Pen Nib":27,"Frozen Egg 2":27,"Orichalcum":31,"Question Card":15,"White Beast Statue":4,"Mercury Hourglass":8,"Anchor":18,"Ornamental Fan":2,"Art of War":3,"Bag of Marbles":6,"Champion Belt":17,"Bottled Lightning":26,"Membership Card":31,"TungstenRod":7,"Toy Ornithopter":29,"Meat on the Bone":6,"Pocketwatch":25},{"Torii":9,"Gremlin Horn":44,"Singing Bowl":53,"Magic Flower":61,"StoneCalendar":68,"Juzu Bracelet":49,"Empty Cage":57,"Sling":61,"Burning Blood":0,"Blood Vial":28,"Centennial Puzzle":58,"HornCleat":34,"Mummified Hand":62,"Strawberry":38,"MealTicket":54,"InkBottle":32,"Paper Frog":27,"Runic Pyramid":30,"Potion Belt":1,"Girya":52,"Oddly Smooth Stone":58,"Pen Nib":61,"Frozen Egg 2":61,"Orichalcum":68,"Question Card":41,"White Beast Statue":6,"Mercury Hourglass":26,"Anchor":48,"Ornamental Fan":2,"Art of War":4,"Bag of Marbles":16,"Champion Belt":46,"Bottled Lightning":60,"Membership Card":68,"TungstenRod":20,"Toy Ornithopter":63,"Meat on the Bone":16,"Pocketwatch":59}],"TungstenRod":20,"Toy Ornithopter":0,"Meat on the Bone":18,"Pocketwatch":[0]},"card_choices":[{"not_picked":["EmptyBody","True Grit","Skim"],"picked":"SKIP","floor":8},{"not_picked":["Barrage","Electrodynamics","Bane"],"picked":"SKIP","floor":10},{"not_picked":["Heavy Blade","Heatsinks","Warcry"],"picked":"SKIP","floor":12},{"not_picked":["Envenom","Berserk"],"picked":"LessonLearned","floor":16},{"not_picked":["ForeignInfluence","Hologram","JustLucky","BowlingBash"],"picked":"SKIP","floor":23},{"not_picked":["Noxious Fumes","EmptyMind","Wish","Dagger Spray"],"picked":"SKIP","floor":25},{"not_picked":["DeusExMachina","True Grit","Reinforced Body","Heavy Blade"],"picked":"Singing Bowl","floor":28},{"not_picked":["Anger","Crippling Poison","Seeing Red","Bouncing Flask"],"picked":"Singing Bowl","floor":30},{"not_picked":["Exhume","Berserk","Rainbow","Brilliance"],"picked":"Singing Bowl","floor":33},{"not_picked":["Compile Driver","Dual Wield","Leg Sweep","Gash"],"picked":"Singing Bowl","floor":39},{"not_picked":["Protect+1","Genetic Algorithm","Ghostly Armor"],"picked":"Reflex","floor":40},{"not_picked":["Poisoned Stab","Omniscience","Bouncing Flask+1","Adaptation"],"picked":"Singing Bowl","floor":42},{"not_picked":["Slice+1","Flex+1","Deflect+1","EmptyFist"],"picked":"Singing Bowl","floor":55}],"player_experience":1693908,"relics_obtained":[{"floor":1,"key":"Potion Belt"},{"floor":2,"key":"Ornamental Fan"},{"floor":4,"key":"Art of War"},{"floor":5,"key":"White Beast Statue"},{"floor":7,"key":"Torii"},{"floor":8,"key":"Meat on the Bone"},{"floor":9,"key":"Bag of Marbles"},{"floor":10,"key":"TungstenRod"},{"floor":12,"key":"Mercury Hourglass"},{"floor":13,"key":"Paper Frog"},{"floor":14,"key":"Blood Vial"},{"floor":18,"key":"InkBottle"},{"floor":19,"key":"HornCleat"},{"floor":20,"key":"Strawberry"},{"floor":21,"key":"Question Card"},{"floor":22,"key":"Gremlin Horn"},{"floor":23,"key":"Champion Belt"},{"floor":24,"key":"Anchor"},{"floor":25,"key":"Juzu Bracelet"},{"floor":27,"key":"Girya"},{"floor":28,"key":"Singing Bowl"},{"floor":30,"key":"MealTicket"},{"floor":35,"key":"Centennial Puzzle"},{"floor":39,"key":"Pocketwatch"},{"floor":40,"key":"Bottled Lightning"},{"floor":42,"key":"Magic Flower"},{"floor":43,"key":"Frozen Egg 2"},{"floor":47,"key":"Mummified Hand"},{"floor":48,"key":"Toy Ornithopter"}],"event_choices":[{"damage_healed":0,"gold_gain":0,"player_choice":"Ignored","damage_taken":0,"max_hp_gain":0,"max_hp_loss":0,"event_name":"Liars Game","floor":3,"gold_loss":0},{"damage_healed":0,"gold_gain":75,"player_choice":"Gather Gold","damage_taken":11,"max_hp_gain":0,"max_hp_loss":0,"event_name":"World of Goop","floor":11,"gold_loss":0},{"damage_healed":0,"gold_gain":0,"player_choice":"Ignored","damage_taken":0,"max_hp_gain":0,"max_hp_loss":0,"event_name":"The Mausoleum","floor":29,"gold_loss":0},{"damage_healed":0,"gold_gain":450,"player_choice":"GOLD GOLD GOLD GOLD GOLD ","damage_taken":46,"max_hp_gain":0,"max_hp_loss":0,"event_name":"Knowing Skull","floor":31,"potions_obtained":[],"gold_loss":0,"cards_obtained":[]},{"damage_healed":0,"gold_gain":0,"player_choice":"Copied","damage_taken":0,"max_hp_gain":0,"max_hp_loss":0,"event_name":"Duplicator","floor":38,"gold_loss":0,"cards_obtained":["Backflip"]},{"damage_healed":0,"gold_gain":0,"player_choice":"Fight","damage_taken":0,"max_hp_gain":0,"max_hp_loss":0,"event_name":"Mysterious Sphere","floor":39,"gold_loss":0}],"is_beta":false,"boss_relics":[{"not_picked":["Sozu","SlaversCollar"],"picked":"Runic Pyramid"},{"not_picked":["Busted Crown","Calling Bell"],"picked":"Empty Cage"}],"items_purged_floors":[36,37,44,54],"is_endless":false,"potions_floor_spawned":[2,5,7,8,10,12,13,14,16,18,19,20,21,22,23,24,25,27,28,30,33,35,39,40,42,47,48,55],"ascension_level":20}}