{"host":"3hht5vm6iswgqu4y","time":1610217684,"event":{"mods":["BaseMod","Curses Come First","Hermit","Minty Spire (QoL Compilation)","Relic Stats","StSLib"],"gold_per_floor":[139,154,169,184,224,254,254,254,304,304,375,450,450,465,465,565,565,580,580,595,595,620,620,535,550,550,553,62,62,112,127,127,227,227,242,257,479,60,60,60],"floor_reached":39,"playtime":3166,"items_purged":[],"score":504,"play_id":"3b906227-e251-4d14-8096-d5e7e9ba6aa2","local_time":"20210109134124","daily_mods":["Shiny","Green Cards","Terminal"],"is_ascension_mode":false,"campfire_choices":[{"data":"Bullet Time","floor":10.0,"key":"SMITH"},{"data":"Die Die Die","floor":15.0,"key":"SMITH"},{"data":"Alpha","floor":23.0,"key":"SMITH"},{"floor":32,"key":"REST"}],"circlet_count":0,"master_deck":["Corpse Explosion","Die Die Die+1","Adrenaline","Envenom","Doppelganger","Burst","Wraith Form v2","Tools of the Trade","After Image","A Thousand Cuts","Venomology","Malaise","Phantasmal Killer","Night Terror","Unload","Bullet Time+1","Storm of Steel","Glass Knife","Brilliance","Devotion","LessonLearned","Vault","Alpha+1","DeusExMachina","Judgement+1","ConjureBlade","Blasphemy","Ragnarok","Scrawl","Wish","Omniscience","SpiritShield","DevaForm","WaveOfTheHand","ForeignInfluence","Acrobatics","SignatureMove","Concentrate","EmptyBody","Envenom","Escape Plan","Bullet Time","ClearTheMind","Ghostly","Ghostly","Ghostly","Ghostly","Ghostly","Bouncing Flask+1","Glass Knife","DeceiveReality","EmptyFist","Predator","Consecrate","Dodge and Roll","Protect","Brilliance","FlyingSleeves","SandsOfTime","Noxious Fumes","Wish","Acrobatics+1","Glass Knife","Backflip","PiercingWail"],"relics":["PureWater","Bird Faced Urn","Letter Opener","Juzu Bracelet","Bronze Scales","Black Star","MealTicket","Unceasing Top","Gambling Chip","Red Mask","Orrery","Calipers","Lantern","Busted Crown","ClockworkSouvenir"],"acts_visited":["Exordium","TheCity","TheBeyond"],"potions_floor_usage":[33,33,33,36,39,39],"damage_taken":[{"damage":7.0,"enemies":"Small Slimes","floor":1.0,"turns":5.0},{"damage":0.0,"enemies":"2 Louse","floor":2.0,"turns":2.0},{"damage":2.0,"enemies":"Jaw Worm","floor":3.0,"turns":3.0},{"damage":0.0,"enemies":"Looter","floor":4.0,"turns":2.0},{"damage":0.0,"enemies":"Gremlin Gang","floor":5.0,"turns":5.0},{"damage":15.0,"enemies":"3 Sentries","floor":6.0,"turns":5.0},{"damage":10.0,"enemies":"2 Fungi Beasts","floor":14.0,"turns":4.0},{"damage":12.0,"enemies":"The Guardian","floor":16.0,"turns":11.0},{"damage":9.0,"enemies":"Spheric Guardian","floor":18.0,"turns":6.0},{"damage":0.0,"enemies":"Shell Parasite","floor":20.0,"turns":4.0},{"damage":13.0,"enemies":"Shelled Parasite and Fungi","floor":25.0,"turns":5.0},{"damage":0.0,"enemies":"Masked Bandits","floor":27.0,"turns":2.0},{"damage":5,"enemies":"3 Cultists","floor":31,"turns":3},{"damage":0,"enemies":"Automaton","floor":33,"turns":10},{"damage":0,"enemies":"Orb Walker","floor":35,"turns":3},{"damage":0,"enemies":"3 Darklings","floor":36,"turns":4},{"damage":17,"enemies":"Writhing Mass","floor":39,"turns":3}],"seed_played":"579003938715623652","potions_obtained":[{"floor":2.0,"key":"DuplicationPotion"},{"floor":6.0,"key":"DistilledChaos"},{"floor":18.0,"key":"Fruit Juice"},{"floor":27.0,"key":"StancePotion"},{"floor":33,"key":"DistilledChaos"}],"is_trial":false,"path_per_floor":["M","M","M","M","M","E","?","?","T","R","?","?","?","M","R","B",null,"M","?","M","?","T","R","?","M","T","?","$","?","T","M","R","B",null,"M","M","?","$","M"],"character_chosen":"WATCHER","items_purchased":["Orrery","Calipers","SandsOfTime","Ambrosia","Glass Knife","Backflip","PiercingWail","ClockworkSouvenir"],"campfire_rested":1,"item_purchase_floors":[28,28,28,38,38,38,38,38],"current_hp_per_floor":[64,64,62,62,62,47,47,47,47,47,47,36,36,32,32,38,54,54,28,27,26,25,24,23,16,16,18,19,18,17,12,15,14,13,12,11,10,9,0,0],"gold":60,"neow_bonus":"","is_daily":true,"chose_seed":false,"campfire_upgraded":3,"win_rate":0.0,"timestamp":1610217684,"path_taken":["M","M","M","M","M","E","?","?","T","R","?","?","?","M","R","BOSS","M","?","M","?","?","R","?","M","T","?","?","?","?","M","R","BOSS","M","M","?","$","M"],"items_purchased_type":["Relic","Relic","Card","Potion","Card","Card","Card","Relic"],"build_version":"2020-12-22","purchased_purges":0,"victory":false,"max_hp_per_floor":[70,69,68,67,66,65,64,63,62,61,60,59,58,57,56,55,54,58,28,27,26,25,24,23,22,21,20,19,18,17,16,15,14,13,12,11,10,9,9,9],"relic_stats":{"Busted Crown":4,"counters":[17,77],"Bird Faced Urn":[36],"Bronze Scales":[141],"Gambling Chip":[5],"MealTicket":2,"Juzu Bracelet":3,"Black Star":0,"Letter Opener":[146],"obtain_stats":[{"Lantern":30,"Calipers":28,"Juzu Bracelet":9,"Letter Opener":8,"ClockworkSouvenir":38,"Busted Crown":34,"Bird Faced Urn":6,"Bronze Scales":13,"Gambling Chip":26,"Orrery":28,"MealTicket":22,"Black Star":17,"Red Mask":27,"PureWater":0,"Unceasing Top":24},{"Lantern":12,"Calipers":12,"Juzu Bracelet":6,"Letter Opener":6,"ClockworkSouvenir":16,"Busted Crown":14,"Bird Faced Urn":6,"Bronze Scales":6,"Gambling Chip":11,"Orrery":12,"MealTicket":10,"Black Star":8,"Red Mask":12,"PureWater":0,"Unceasing Top":10},{"Lantern":54,"Calipers":54,"Juzu Bracelet":22,"Letter Opener":22,"ClockworkSouvenir":74,"Busted Crown":67,"Bird Faced Urn":22,"Bronze Scales":22,"Gambling Chip":52,"Orrery":54,"MealTicket":47,"Black Star":37,"Red Mask":54,"PureWater":0,"Unceasing Top":47}],"Unceasing Top":[5]},"card_choices":[{"not_picked":["Underhanded Strike","Acrobatics"],"picked":"WaveOfTheHand","floor":1.0},{"not_picked":["Slice","Dagger Throw"],"picked":"ForeignInfluence","floor":2.0},{"not_picked":["Underhanded Strike","Outmaneuver"],"picked":"Acrobatics","floor":3.0},{"not_picked":["Wireheading","Crescendo"],"picked":"SignatureMove","floor":4.0},{"not_picked":["Phantasmal Killer","JustLucky"],"picked":"Concentrate","floor":5.0},{"not_picked":["FollowUp","Acrobatics"],"picked":"EmptyBody","floor":6.0},{"not_picked":["Fasting2","CrushJoints"],"picked":"Escape Plan","floor":14.0},{"not_picked":["Burst","Glass Knife"],"picked":"Bullet Time","floor":16.0},{"not_picked":["Quick Slash","Acrobatics"],"picked":"ClearTheMind","floor":18.0},{"not_picked":["Tactician","Conclude"],"picked":"Bouncing Flask+1","floor":20.0},{"not_picked":["ThirdEye","Underhanded Strike"],"picked":"EmptyFist","floor":25.0},{"not_picked":["Outmaneuver","LikeWater"],"picked":"Predator","floor":27.0},{"not_picked":["Footwork","Acrobatics"],"picked":"Consecrate","floor":28.0},{"not_picked":["WindmillStrike","LikeWater"],"picked":"Dodge and Roll","floor":28.0},{"not_picked":["Venomology","WheelKick"],"picked":"Protect","floor":28.0},{"not_picked":["FlurryOfBlows","ReachHeaven"],"picked":"Brilliance","floor":28.0},{"not_picked":["Burst","FlurryOfBlows"],"picked":"FlyingSleeves","floor":28.0},{"not_picked":["Deadly Poison","BowlingBash"],"picked":"Noxious Fumes","floor":31},{"not_picked":["Establishment","Brilliance"],"picked":"Wish","floor":33},{"not_picked":["Nirvana"],"picked":"SKIP","floor":35},{"not_picked":[],"picked":"Acrobatics+1","floor":36}],"player_experience":820888,"relics_obtained":[{"floor":6.0,"key":"Bird Faced Urn"},{"floor":9.0,"key":"Juzu Bracelet"},{"floor":22.0,"key":"MealTicket"},{"floor":26.0,"key":"Gambling Chip"},{"floor":27.0,"key":"Red Mask"},{"floor":30.0,"key":"Lantern"}],"event_choices":[{"damage_healed":0.0,"max_hp_gain":0.0,"max_hp_loss":0.0,"gold_gain":0.0,"cards_transformed":["Establishment"],"event_name":"Living Wall","player_choice":"Change","floor":7.0,"gold_loss":0.0,"damage_taken":0.0,"cards_obtained":["Envenom"]},{"damage_healed":0.0,"max_hp_gain":0.0,"max_hp_loss":0.0,"gold_gain":0.0,"event_name":"Dead Adventurer","player_choice":"Searched \u00272\u0027 times","floor":8.0,"gold_loss":0.0,"damage_taken":0.0,"relics_obtained":["Letter Opener"]},{"damage_healed":0.0,"max_hp_gain":0.0,"max_hp_loss":0.0,"gold_gain":71.0,"event_name":"Golden Wing","player_choice":"Gained Gold","floor":11.0,"gold_loss":0.0,"damage_taken":0.0},{"damage_healed":0.0,"max_hp_gain":0.0,"max_hp_loss":0.0,"gold_gain":75.0,"event_name":"World of Goop","player_choice":"Gather Gold","floor":12.0,"gold_loss":0.0,"damage_taken":11.0},{"damage_healed":0.0,"max_hp_gain":0.0,"max_hp_loss":0.0,"gold_gain":0.0,"event_name":"WeMeetAgain","player_choice":"Gave Potion","floor":13.0,"gold_loss":0.0,"damage_taken":0.0,"relics_obtained":["Bronze Scales"]},{"damage_healed":0.0,"max_hp_gain":0.0,"max_hp_loss":29.0,"gold_gain":0.0,"event_name":"Ghosts","player_choice":"Became a Ghost","floor":19.0,"gold_loss":0.0,"damage_taken":0.0,"cards_obtained":["Ghostly","Ghostly","Ghostly","Ghostly","Ghostly"]},{"damage_healed":0.0,"max_hp_gain":0.0,"max_hp_loss":0.0,"gold_gain":0.0,"cards_transformed":["Grand Finale","MasterReality"],"event_name":"Drug Dealer","player_choice":"Became Test Subject","floor":21.0,"gold_loss":0.0,"damage_taken":0.0,"cards_obtained":["Glass Knife","DeceiveReality"]},{"damage_healed":0.0,"max_hp_gain":0.0,"max_hp_loss":0.0,"gold_gain":0.0,"event_name":"Addict","player_choice":"Obtained Relic","floor":24.0,"gold_loss":85.0,"damage_taken":0.0,"relics_obtained":["Unceasing Top"]},{"damage_healed":0.0,"max_hp_gain":0.0,"max_hp_loss":0.0,"gold_gain":0.0,"event_name":"Masked Bandits","player_choice":"Fought Bandits","floor":27.0,"gold_loss":0.0,"damage_taken":0.0},{"damage_healed":0.0,"max_hp_gain":0.0,"max_hp_loss":0.0,"gold_gain":0.0,"event_name":"N\u0027loth","player_choice":"Ignored","floor":29.0,"gold_loss":0.0,"damage_taken":0.0},{"damage_healed":0,"gold_gain":222,"player_choice":"Wore Mask","damage_taken":0,"max_hp_gain":0,"max_hp_loss":0,"event_name":"Tomb of Lord Red Mask","floor":37,"gold_loss":0}],"is_beta":false,"boss_relics":[{"not_picked":["VioletLotus","Snecko Eye"],"picked":"Black Star"},{"not_picked":["HolyWater","Runic Pyramid"],"picked":"Busted Crown"}],"items_purged_floors":[],"is_endless":false,"potions_floor_spawned":[2,3,6,18,27,31,33],"killed_by":"Writhing Mass","ascension_level":0}}