{"host":"qgrlfjrqk9z96gfi","time":1610214493,"event":{"mods":["BaseMod","Block Reminder","Colored Map","DeckTracker","Minty Spire (QoL Compilation)"],"gold_per_floor":[113,125,139,104,104,148,214,289,316,316,316,334,355,384,384,384,384],"floor_reached":16,"playtime":498,"items_purged":[],"score":220,"play_id":"26d978f8-b739-4510-b793-ca8e18c86ee8","local_time":"20210109074813","is_ascension_mode":true,"campfire_choices":[{"floor":11,"key":"REST"},{"floor":15,"key":"REST"}],"circlet_count":0,"master_deck":["AscendersBane","Strike_G","Strike_G","Strike_G","Strike_G","Strike_G","Defend_G","Defend_G","Defend_G","Defend_G","Defend_G","Survivor","Neutralize","Dash","Quick Slash","Cloak And Dagger","Venomology+1","Bouncing Flask","Burst"],"relics":["Runic Dome","CeramicFish","White Beast Statue","Question Card","Nunchaku","Peace Pipe"],"acts_visited":["Exordium"],"potions_floor_usage":[7,7,7,14,16,16],"damage_taken":[{"damage":4,"enemies":"Cultist","floor":1,"turns":5},{"damage":2,"enemies":"Small Slimes","floor":2,"turns":4},{"damage":9,"enemies":"Jaw Worm","floor":3,"turns":3},{"damage":26,"enemies":"3 Sentries","floor":6,"turns":12},{"damage":6,"enemies":"Gremlin Nob","floor":7,"turns":4},{"damage":0,"enemies":"Looter","floor":12,"turns":4},{"damage":4,"enemies":"2 Fungi Beasts","floor":13,"turns":4},{"damage":18,"enemies":"Lagavulin","floor":14,"turns":7},{"damage":29,"enemies":"Hexaghost","floor":16,"turns":9}],"seed_played":"-5891842166924677496","potions_obtained":[{"floor":2,"key":"Weak Potion"},{"floor":3,"key":"Block Potion"},{"floor":7,"key":"Fire Potion"}],"is_trial":false,"path_per_floor":["M","M","M","?","?","E","?","?","T","?","R","M","M","E","R","B"],"character_chosen":"THE_SILENT","items_purchased":[],"campfire_rested":2,"item_purchase_floors":[],"current_hp_per_floor":[55,53,44,60,55,29,23,12,12,12,31,31,27,9,28,0,0],"gold":384,"neow_bonus":"BOSS_RELIC","is_daily":false,"chose_seed":false,"campfire_upgraded":0,"win_rate":0.0,"timestamp":1610214493,"path_taken":["M","M","?","?","?","E","?","?","T","?","R","M","M","E","R","BOSS"],"items_purchased_type":[],"build_version":"2020-12-22","purchased_purges":0,"victory":false,"max_hp_per_floor":[66,66,66,66,66,66,66,66,66,66,66,66,66,66,66,66,66],"card_choices":[{"not_picked":["Poisoned Stab","Riddle With Holes"],"picked":"Dash","floor":1},{"not_picked":["Outmaneuver","Endless Agony"],"picked":"Quick Slash","floor":2},{"not_picked":["Bouncing Flask","PiercingWail"],"picked":"Cloak And Dagger","floor":3},{"not_picked":["Storm of Steel","Outmaneuver"],"picked":"Venomology","floor":6},{"not_picked":["Reflex","Prepared"],"picked":"Bouncing Flask","floor":7},{"not_picked":["Choke","Prepared","Riddle With Holes","Quick Slash"],"picked":"SKIP","floor":12},{"not_picked":["Deflect","Bouncing Flask","Dagger Throw"],"picked":"Burst","floor":13},{"not_picked":["Choke","Deflect","Bane","Slice"],"picked":"SKIP","floor":14}],"player_experience":982001,"relics_obtained":[{"floor":6,"key":"White Beast Statue"},{"floor":7,"key":"Question Card"},{"floor":9,"key":"Nunchaku"},{"floor":14,"key":"Peace Pipe"}],"event_choices":[{"damage_healed":16,"gold_gain":0,"player_choice":"Healed","damage_taken":0,"max_hp_gain":0,"max_hp_loss":0,"event_name":"The Cleric","floor":4,"gold_loss":35},{"damage_healed":0,"gold_gain":0,"player_choice":"Success","damage_taken":5,"relics_obtained":["CeramicFish"],"max_hp_gain":0,"max_hp_loss":0,"event_name":"Scrap Ooze","floor":5,"gold_loss":0},{"damage_healed":0,"gold_gain":0,"player_choice":"Searched \u00271\u0027 times","damage_taken":0,"max_hp_gain":0,"max_hp_loss":0,"event_name":"Dead Adventurer","floor":7,"gold_loss":0},{"damage_healed":0,"gold_gain":75,"player_choice":"Gather Gold","damage_taken":11,"max_hp_gain":0,"max_hp_loss":0,"event_name":"World of Goop","floor":8,"gold_loss":0},{"damage_healed":0,"gold_gain":0,"player_choice":"Grow","damage_taken":0,"max_hp_gain":0,"max_hp_loss":0,"event_name":"Living Wall","floor":10,"gold_loss":0,"cards_upgraded":["Venomology"]}],"is_beta":false,"boss_relics":[],"items_purged_floors":[],"is_endless":false,"potions_floor_spawned":[2,3,7,12,13,14],"killed_by":"Hexaghost","ascension_level":20}}