{"host":"4rvakrj1idbgia3f","time":1610196964,"event":{"mods":["BaseMod","Colored Map","Colored Powertips","DeckTracker","Highlight Path","Minty Spire (QoL Compilation)","Random Character Button","StSLib"],"gold_per_floor":[12,12,27,48,48,48,67,67,92,17,56,75,118,193,193,286,286,309,234,234,247,263,263,282,282,282,282,313,313,353,27,27,27,27],"floor_reached":33,"playtime":1218,"items_purged":["Defend_G"],"score":636,"play_id":"ab982621-2ae1-49bb-aedf-6f45c037e288","local_time":"20210109215604","is_ascension_mode":true,"campfire_choices":[{"data":"Apotheosis","floor":6.0,"key":"SMITH"},{"data":"Neutralize","floor":8.0,"key":"SMITH"},{"floor":15.0,"key":"REST"},{"floor":23.0,"key":"RECALL"},{"floor":27.0,"key":"REST"},{"floor":29.0,"key":"REST"},{"data":"Strike_G","floor":32.0,"key":"PURGE"}],"circlet_count":0,"master_deck":["AscendersBane","Strike_G","Strike_G","Strike_G","Defend_G","Defend_G","Defend_G","Defend_G","Survivor","Neutralize+1","Apotheosis+1","Cloak And Dagger","Backflip","Dash","Blur","Blade Dance","Corpse Explosion","Bullet Time","Ghostly","Ghostly","Ghostly","Leg Sweep","Escape Plan","Blade Dance","Doppelganger"],"relics":["Ring of the Snake","Golden Idol","Bronze Scales","PreservedInsect","StoneCalendar","Mercury Hourglass","Fusion Hammer","Toy Ornithopter","Omamori","Peace Pipe","Gambling Chip"],"acts_visited":["Exordium","TheCity"],"potions_floor_usage":[33],"damage_taken":[{"damage":8.0,"enemies":"2 Louse","floor":1.0,"turns":3.0},{"damage":0.0,"enemies":"Jaw Worm","floor":3.0,"turns":5.0},{"damage":0.0,"enemies":"Cultist","floor":4.0,"turns":5.0},{"damage":2.0,"enemies":"2 Fungi Beasts","floor":7.0,"turns":5.0},{"damage":6.0,"enemies":"Lagavulin","floor":11.0,"turns":8.0},{"damage":0.0,"enemies":"Looter","floor":12.0,"turns":3.0},{"damage":22.0,"enemies":"Gremlin Nob","floor":13.0,"turns":4.0},{"damage":6.0,"enemies":"Hexaghost","floor":16.0,"turns":9.0},{"damage":0.0,"enemies":"3 Byrds","floor":18.0,"turns":2.0},{"damage":1.0,"enemies":"Shell Parasite","floor":21.0,"turns":4.0},{"damage":0.0,"enemies":"Snake Plant","floor":22.0,"turns":5.0},{"damage":0.0,"enemies":"3 Cultists","floor":24.0,"turns":3.0},{"damage":3.0,"enemies":"Slavers","floor":28.0,"turns":2.0},{"damage":0.0,"enemies":"Gremlin Leader","floor":30.0,"turns":5.0},{"damage":40,"enemies":"Collector","floor":33,"turns":10}],"seed_played":"2025525871980175260","potions_obtained":[{"floor":4.0,"key":"SneckoOil"},{"floor":7.0,"key":"Ancient Potion"},{"floor":12.0,"key":"DuplicationPotion"},{"floor":21.0,"key":"BlessingOfTheForge"}],"is_trial":false,"path_per_floor":["M","?","M","M","?","R","M","R","T","$","E","M","E","T","R","B",null,"M","?","?","M","M","R","M","?","T","R","E","R","E","$","R","B"],"character_chosen":"THE_SILENT","items_purchased":["Gambling Chip"],"campfire_rested":3,"item_purchase_floors":[31],"current_hp_per_floor":[51,51,51,51,56,56,54,54,54,54,48,48,26,26,45,39,59,59,59,32,31,31,31,31,31,31,32,29,32,32,32,32,0,0],"gold":27,"neow_bonus":"RANDOM_COLORLESS_2","is_daily":false,"chose_seed":false,"campfire_upgraded":2,"win_rate":0.0,"timestamp":1610196964,"path_taken":["M","?","M","M","?","R","M","R","T","?","E","?","E","?","R","BOSS","M","?","?","M","M","R","M","?","T","R","E","R","E","$","R","BOSS"],"items_purchased_type":["Relic"],"build_version":"2020-12-22","purchased_purges":1,"victory":false,"max_hp_per_floor":[66,60,60,60,65,65,65,65,65,65,65,65,65,65,65,65,65,65,65,32,32,32,32,32,32,32,32,32,32,32,32,32,32,32],"card_choices":[{"not_picked":["HandOfGreed","Chrysalis"],"picked":"Apotheosis","floor":0.0},{"not_picked":["Infinite Blades","Masterful Stab"],"picked":"Cloak And Dagger","floor":1.0},{"not_picked":["Cloak And Dagger","Dagger Throw"],"picked":"Backflip","floor":3.0},{"not_picked":["Sucker Punch","Crippling Poison"],"picked":"Dash","floor":4.0},{"not_picked":["Slice","Sucker Punch"],"picked":"Blur","floor":7.0},{"not_picked":["Setup","Acrobatics","Sucker Punch"],"picked":"SKIP","floor":11.0},{"not_picked":["Leg Sweep","Well Laid Plans"],"picked":"Blade Dance","floor":12.0},{"not_picked":["Acrobatics","Quick Slash"],"picked":"Corpse Explosion","floor":13.0},{"not_picked":["Glass Knife","Die Die Die"],"picked":"Bullet Time","floor":16.0},{"not_picked":["Deadly Poison","Quick Slash","Sucker Punch"],"picked":"SKIP","floor":18.0},{"not_picked":["Heel Hook","Quick Slash"],"picked":"Leg Sweep","floor":21.0},{"not_picked":["Predator","Prepared","Dagger Throw+1"],"picked":"SKIP","floor":22.0},{"not_picked":["Finisher+1","Heel Hook"],"picked":"Escape Plan","floor":24.0},{"not_picked":["Dagger Throw","Slice"],"picked":"Blade Dance","floor":28.0},{"not_picked":["Night Terror","Leg Sweep"],"picked":"Doppelganger","floor":30.0}],"player_experience":1982939,"relics_obtained":[{"floor":9.0,"key":"Bronze Scales"},{"floor":11.0,"key":"PreservedInsect"},{"floor":13.0,"key":"StoneCalendar"},{"floor":14.0,"key":"Mercury Hourglass"},{"floor":26.0,"key":"Toy Ornithopter"},{"floor":28.0,"key":"Omamori"},{"floor":30.0,"key":"Peace Pipe"}],"event_choices":[{"damage_healed":0.0,"max_hp_gain":0.0,"max_hp_loss":6.0,"gold_gain":0.0,"event_name":"Golden Idol","player_choice":"Lose Max HP","floor":2.0,"gold_loss":0.0,"damage_taken":0.0,"relics_obtained":["Golden Idol"]},{"damage_healed":0.0,"max_hp_gain":5.0,"max_hp_loss":0.0,"gold_gain":0.0,"event_name":"Big Fish","player_choice":"Donut","floor":5.0,"gold_loss":0.0,"damage_taken":0.0},{"cards_removed":["Strike_G"],"damage_healed":0.0,"max_hp_gain":0.0,"max_hp_loss":0.0,"gold_gain":0.0,"event_name":"Beggar","player_choice":"Gave Gold","floor":19.0,"gold_loss":75.0,"damage_taken":0.0},{"damage_healed":0.0,"max_hp_gain":0.0,"max_hp_loss":33.0,"gold_gain":0.0,"event_name":"Ghosts","player_choice":"Became a Ghost","floor":20.0,"gold_loss":0.0,"damage_taken":0.0,"cards_obtained":["Ghostly","Ghostly","Ghostly"]},{"damage_healed":0.0,"max_hp_gain":0.0,"max_hp_loss":0.0,"gold_gain":0.0,"event_name":"Cursed Tome","player_choice":"Ignored","floor":25.0,"gold_loss":0.0,"damage_taken":0.0}],"is_beta":false,"boss_relics":[{"not_picked":["Ring of the Serpent","Sozu"],"picked":"Fusion Hammer"}],"items_purged_floors":[10],"is_endless":false,"potions_floor_spawned":[4,7,12,13,21,22,28],"killed_by":"Collector","ascension_level":20}}