{"host":"9ndbo4kgsfoemf7y","time":1610181645,"event":{"mods":["AchievementEnabler","BaseMod","Colored Map","DeckTracker","Keyboard Shortcuts","Minty Spire (QoL Compilation)","Permanent Neow","Quick Restart","Relic Stats","StSLib","SuperFastMode"],"gold_per_floor":[114,130,150,165,165,165,198,198,198,198,210,228,261,291,291,394,394,406,417,427,427,427],"floor_reached":21,"playtime":804,"items_purged":[],"score":251,"play_id":"c1117b20-d171-4b5c-8d7b-f7bc77ec0c6e","local_time":"20210109174045","is_ascension_mode":true,"campfire_choices":[{"data":"Hologram","floor":6,"key":"SMITH"},{"floor":8,"key":"REST"},{"data":"The Bomb","floor":10,"key":"SMITH"},{"floor":15,"key":"REST"}],"circlet_count":0,"master_deck":["Strike_B","Strike_B","Strike_B","Defend_B","Defend_B","Defend_B","Defend_B","Zap","Dualcast","Writhe","The Bomb+1","Sweeping Beam","BootSequence","Reinforced Body","Hologram+1","Capacitor","FTL","Streamline","Echo Form","Beam Cell+1","Coolheaded+1","Leap"],"relics":["FrozenCore","PreservedInsect","Sundial","Turnip","Odd Mushroom"],"acts_visited":["Exordium","TheCity"],"potions_floor_usage":[13,14,16],"damage_taken":[{"damage":12,"enemies":"Small Slimes","floor":1,"turns":3},{"damage":0,"enemies":"Cultist","floor":2,"turns":3},{"damage":0,"enemies":"2 Louse","floor":3,"turns":2},{"damage":8,"enemies":"Lots of Slimes","floor":4,"turns":2},{"damage":35,"enemies":"3 Sentries","floor":7,"turns":5},{"damage":3,"enemies":"Large Slime","floor":11,"turns":4},{"damage":0,"enemies":"2 Fungi Beasts","floor":12,"turns":3},{"damage":8,"enemies":"Gremlin Nob","floor":13,"turns":3},{"damage":16,"enemies":"The Mushroom Lair","floor":14,"turns":5},{"damage":2,"enemies":"Hexaghost","floor":16,"turns":8},{"damage":14,"enemies":"2 Thieves","floor":18,"turns":4},{"damage":16,"enemies":"Spheric Guardian","floor":19,"turns":5},{"damage":26,"enemies":"Snake Plant","floor":20,"turns":6},{"damage":7,"enemies":"Snecko","floor":21,"turns":3}],"seed_played":"7010099690898539407","potions_obtained":[{"floor":3,"key":"Weak Potion"},{"floor":7,"key":"AttackPotion"},{"floor":12,"key":"LiquidBronze"},{"floor":13,"key":"Fire Potion"},{"floor":20,"key":"SteroidPotion"}],"is_trial":false,"path_per_floor":["M","M","M","M","?","R","E","R","T","R","M","M","E","?","R","B",null,"M","M","M","M"],"character_chosen":"DEFECT","items_purchased":[],"campfire_rested":2,"item_purchase_floors":[],"current_hp_per_floor":[56,56,56,48,48,48,13,35,35,35,32,32,24,8,30,28,63,49,33,7,0,0],"gold":427,"neow_bonus":"RANDOM_COLORLESS_2","is_daily":false,"chose_seed":false,"campfire_upgraded":2,"win_rate":0.0,"timestamp":1610181645,"path_taken":["M","M","M","M","?","R","E","R","T","R","M","?","E","?","R","BOSS","M","M","M","M"],"items_purchased_type":[],"build_version":"2020-12-22","purchased_purges":0,"victory":false,"max_hp_per_floor":[75,75,75,75,75,75,75,75,75,75,75,75,75,75,75,75,75,75,75,75,75,75],"relic_stats":{"counters":[14,56],"Sundial":[4],"PreservedInsect":21,"Turnip":[9],"obtain_stats":[{"Sundial":9,"PreservedInsect":7,"Turnip":13,"Odd Mushroom":14,"Cracked Core":0,"FrozenCore":17},{"Sundial":5,"PreservedInsect":5,"Turnip":8,"Odd Mushroom":9,"Cracked Core":0,"FrozenCore":10},{"Sundial":15,"PreservedInsect":15,"Turnip":25,"Odd Mushroom":30,"Cracked Core":0,"FrozenCore":38}],"FrozenCore":[12]},"card_choices":[{"not_picked":["Secret Weapon","Metamorphosis"],"picked":"The Bomb","floor":0},{"not_picked":["Rebound","Streamline"],"picked":"Sweeping Beam","floor":1},{"not_picked":["Coolheaded","Rebound"],"picked":"BootSequence","floor":2},{"not_picked":["Compile Driver","Turbo"],"picked":"Reinforced Body","floor":3},{"not_picked":["Barrage","Sweeping Beam"],"picked":"Hologram","floor":4},{"not_picked":["Reprogram","Tempest","Barrage"],"picked":"SKIP","floor":7},{"not_picked":["Ball Lightning","Multi-Cast"],"picked":"Capacitor","floor":11},{"not_picked":["Hologram","Rebound"],"picked":"FTL","floor":12},{"not_picked":["Steam","Ball Lightning"],"picked":"Streamline","floor":13},{"not_picked":["Biased Cognition","Reboot"],"picked":"Echo Form","floor":16},{"not_picked":["Barrage+1","Coolheaded"],"picked":"Beam Cell+1","floor":18},{"not_picked":["Turbo","Beam Cell"],"picked":"Coolheaded+1","floor":19},{"not_picked":["BootSequence","Ball Lightning"],"picked":"Leap","floor":20}],"player_experience":794852,"relics_obtained":[{"floor":7,"key":"PreservedInsect"},{"floor":9,"key":"Sundial"},{"floor":13,"key":"Turnip"},{"floor":14,"key":"Odd Mushroom"}],"event_choices":[{"cards_removed":["Strike_B"],"damage_healed":0,"gold_gain":0,"player_choice":"Offered Basic","damage_taken":0,"max_hp_gain":0,"max_hp_loss":0,"event_name":"Bonfire Elementals","floor":5,"gold_loss":0},{"damage_healed":0,"gold_gain":0,"player_choice":"Fought Mushrooms","damage_taken":0,"max_hp_gain":0,"max_hp_loss":0,"event_name":"Mushrooms","floor":14,"gold_loss":0}],"is_beta":false,"boss_relics":[{"not_picked":["Calling Bell","SlaversCollar"],"picked":"FrozenCore"}],"items_purged_floors":[],"is_endless":false,"potions_floor_spawned":[3,7,12,13,20],"killed_by":"Snecko","ascension_level":6}}