{"host":"ldbx2jhnvtia1ouf","time":1610216513,"event":{"mods":["BaseMod","Better Note","Better Sensory Stone","Better Skull","Better Third Choice","Block Reminder","Colored Map","Colored Powertips","Curses Come First","Highlight Path","Minty Spire (QoL Compilation)","Permanent Neow","Spicy Shops","StSLib","Transform Curses","Unceasing Turn Reminder"],"gold_per_floor":[112,127,141,316,333,333,346,379,379,379,394,394,394,469,469,588,588,602,68,87,101,114,114,114,114],"floor_reached":24,"playtime":1231,"items_purged":["Doubt","Strike_B"],"score":200,"play_id":"288c87d2-25ef-4cb8-ab3d-44f55d80d716","local_time":"20210110042153","is_ascension_mode":false,"campfire_choices":[{"floor":6,"key":"REST"},{"floor":10,"key":"REST"},{"floor":13,"key":"REST"},{"floor":15,"key":"REST"},{"data":"Loop","floor":23,"key":"SMITH"}],"circlet_count":0,"master_deck":["Strike_B","Strike_B","Defend_B","Defend_B","Defend_B","Zap","Dualcast","Secret Technique","BootSequence","Loop+1","Rip and Tear","Thunder Strike","Conserve Battery","Electrodynamics+1","Self Repair+1","Lockon","Melter","Panacea","Metamorphosis","Consume","Defragment+1"],"relics":["Cracked Core","Pen Nib","Frozen Egg 2","Golden Idol","Empty Cage","Membership Card"],"acts_visited":["Exordium","TheCity"],"potions_floor_usage":[11,16,16,24],"damage_taken":[{"damage":1,"enemies":"Cultist","floor":1,"turns":3},{"damage":1,"enemies":"Jaw Worm","floor":2,"turns":3},{"damage":0,"enemies":"2 Louse","floor":3,"turns":2},{"damage":10,"enemies":"2 Fungi Beasts","floor":5,"turns":6},{"damage":16,"enemies":"Lots of Slimes","floor":7,"turns":4},{"damage":26,"enemies":"Lagavulin","floor":8,"turns":6},{"damage":1,"enemies":"Large Slime","floor":11,"turns":3},{"damage":11,"enemies":"Slime Boss","floor":16,"turns":9},{"damage":5,"enemies":"3 Byrds","floor":18,"turns":2},{"damage":20,"enemies":"Chosen","floor":20,"turns":5},{"damage":17,"enemies":"Centurion and Healer","floor":21,"turns":6},{"damage":16,"enemies":"3 Cultists","floor":22,"turns":4},{"damage":86,"enemies":"Gremlin Leader","floor":24,"turns":4}],"seed_played":"-8596224449107452554","potions_obtained":[{"floor":2,"key":"Fire Potion"},{"floor":5,"key":"CultistPotion"},{"floor":11,"key":"BlessingOfTheForge"},{"floor":20,"key":"PowerPotion"},{"floor":22,"key":"Block Potion"}],"is_trial":false,"path_per_floor":["M","M","M","?","M","R","M","E","T","R","M","?","R","?","R","B",null,"M","$","M","M","M","R","E"],"character_chosen":"DEFECT","items_purchased":["Self Repair+1","Membership Card","Lockon","Melter","Panacea","Metamorphosis"],"campfire_rested":4,"item_purchase_floors":[19,19,19,19,19,19],"current_hp_per_floor":[53,52,52,52,42,64,48,22,22,44,43,25,47,40,62,51,75,70,70,70,73,75,75,0,0],"gold":114,"neow_bonus":"RANDOM_COLORLESS_2","is_daily":false,"chose_seed":false,"campfire_upgraded":1,"win_rate":0.0,"timestamp":1610216513,"path_taken":["M","?","M","?","M","R","M","E","T","R","M","?","R","?","R","BOSS","M","?","?","M","M","R","E"],"items_purchased_type":["Card","Relic","Card","Card","Card","Card"],"build_version":"2020-12-22","purchased_purges":2,"victory":false,"max_hp_per_floor":[75,75,75,75,75,75,75,75,75,75,75,75,75,75,75,75,75,75,75,75,75,75,75,75,75],"card_choices":[{"not_picked":["Chrysalis","Thinking Ahead"],"picked":"Secret Technique","floor":0},{"not_picked":["Force Field","Storm","Gash"],"picked":"SKIP","floor":1},{"not_picked":["Barrage","Compile Driver"],"picked":"BootSequence","floor":2},{"not_picked":["Reprogram","Cold Snap"],"picked":"Loop","floor":3},{"not_picked":["Redo","Barrage"],"picked":"Rip and Tear","floor":5},{"not_picked":["Force Field","Sweeping Beam"],"picked":"Thunder Strike","floor":7},{"not_picked":["Barrage","Rip and Tear"],"picked":"Conserve Battery","floor":8},{"not_picked":["Stack","Leap","Streamline"],"picked":"SKIP","floor":11},{"not_picked":["Rainbow","Core Surge"],"picked":"Electrodynamics+1","floor":16},{"not_picked":["BootSequence","Streamline+1","Rip and Tear"],"picked":"SKIP","floor":18},{"not_picked":["Reprogram+1","Coolheaded","Compile Driver"],"picked":"SKIP","floor":20},{"not_picked":["Streamline","Redo"],"picked":"Consume","floor":21},{"not_picked":["Go for the Eyes","Leap+1"],"picked":"Defragment+1","floor":22}],"player_experience":87065,"relics_obtained":[{"floor":8,"key":"Pen Nib"},{"floor":9,"key":"Frozen Egg 2"}],"event_choices":[{"damage_healed":0,"gold_gain":175,"player_choice":"AGREE","damage_taken":141,"max_hp_gain":0,"max_hp_loss":0,"event_name":"betterThird:BetterSerpent","floor":4,"gold_loss":0},{"damage_healed":0,"gold_gain":0,"player_choice":"Take Damage","damage_taken":18,"relics_obtained":["Golden Idol"],"max_hp_gain":0,"max_hp_loss":0,"event_name":"Golden Idol","floor":12,"gold_loss":0},{"damage_healed":0,"gold_gain":75,"player_choice":"Touch","damage_taken":7,"max_hp_gain":0,"max_hp_loss":0,"event_name":"FaceTrader","floor":14,"gold_loss":0}],"is_beta":false,"boss_relics":[{"not_picked":["Ectoplasm","Philosopher\u0027s Stone"],"picked":"Empty Cage"}],"items_purged_floors":[19,19],"is_endless":false,"potions_floor_spawned":[2,5,11,20,22],"killed_by":"Gremlin Leader","ascension_level":0}}