{"host":"56ghxnzsglgdq727","time":1610185747,"event":{"mods":["AchievementEnabler","BaseMod","Downfall","Duelist Mod","Hermit","Marisa????????","Minty Spire (QoL Compilation)","Rare Cards Sparkle","Remilia??????","SOS???????","StSLib","The Bug Knight","The Senshi","The Servant 0.9.4","The Wild Card","Yuri Mod"],"gold_per_floor":[135,145,145,16,28,62,62,82,156,176,189,203,84,84,84],"floor_reached":14,"playtime":978,"items_purged":[],"score":94,"play_id":"5afa4c5a-831e-458b-b716-1690a51658b3","local_time":"20210109044907","is_ascension_mode":false,"campfire_choices":[{"floor":7,"key":"REST"}],"circlet_count":0,"master_deck":["theDuelist:CastleWalls","theDuelist:CastleWalls","theDuelist:CastleWalls","theDuelist:NaturiaBeast","theDuelist:NaturiaCliff","theDuelist:NaturiaRock","theDuelist:NaturiaTulip","theDuelist:Sparks","theDuelist:Sparks","theDuelist:Sparks","theDuelist:DemiseLand","theDuelist:GracefulCharity","theDuelist:NaturiaSacredTree","theDuelist:NaturiaGuardian","theDuelist:NaturiaHydrangea","theDuelist:NaturiaSacredTree","theDuelist:NaturiaAntjaw","Mayhem","theDuelist:NaturiaButterfly","theDuelist:NaturiaSacredTree","theDuelist:ConvulsionNature","theDuelist:LonefireBlossom"],"relics":["theDuelist:MillenniumPuzzle","theDuelist:CardPoolRelic","theDuelist:CardPoolBasicRelic","theDuelist:BoosterPackPoolRelic","theDuelist:CardPoolAddRelic","theDuelist:CardPoolMinusRelic","theDuelist:CardPoolSaveRelic","theDuelist:CardPoolOptionsRelic","theDuelist:MerchantPendant","theDuelist:NatureOrb","Ornamental Fan"],"acts_visited":["Exordium"],"potions_floor_usage":[11,11,14],"damage_taken":[{"damage":5,"enemies":"Jaw Worm","floor":1,"turns":5},{"damage":0,"enemies":"Cultist","floor":2,"turns":4},{"damage":9,"enemies":"Small Slimes","floor":5,"turns":4},{"damage":40,"enemies":"Gremlin Nob","floor":6,"turns":5},{"damage":10,"enemies":"2 Fungi Beasts","floor":8,"turns":3},{"damage":24,"enemies":"Lots of Slimes","floor":10,"turns":5},{"damage":6,"enemies":"Blue Slaver","floor":11,"turns":5},{"damage":0,"enemies":"2 Fungi Beasts","floor":12,"turns":4},{"damage":17,"enemies":"Lagavulin","floor":14,"turns":3}],"seed_played":"-7050298834407528222","potions_obtained":[{"floor":6,"key":"theDuelist:SolderPotionB"},{"floor":10,"key":"theDuelist:FlamingBottle"},{"floor":11,"key":"theDuelist:ReducerPotion"}],"is_trial":false,"path_per_floor":["M","M","?","$","M","E","R","M","T","M","M","M","$","E"],"character_chosen":"THE_DUELIST","items_purchased":["theDuelist:NaturiaSacredTree","theDuelist:MerchantPendant","theDuelist:NaturiaGuardian","theDuelist:ConvulsionNature","theDuelist:LonefireBlossom"],"campfire_rested":1,"item_purchase_floors":[4,4,4,13,13],"current_hp_per_floor":[75,75,75,75,66,26,50,40,40,16,10,10,10,0,0],"gold":84,"neow_bonus":"ONE_RANDOM_RARE_CARD","is_daily":false,"chose_seed":false,"campfire_upgraded":0,"win_rate":0.0,"timestamp":1610185747,"path_taken":["M","M","?","$","M","E","R","M","T","M","M","?","?","E"],"items_purchased_type":["Card","Relic","Card","Card","Card"],"build_version":"2020-12-22","purchased_purges":0,"victory":false,"max_hp_per_floor":[80,80,80,80,80,80,80,80,80,80,80,80,80,80,80],"card_choices":[{"not_picked":["theDuelist:BigFire","theDuelist:MudGolem","theDuelist:WingedKuriboh","theDuelist:Sangan","theDuelist:AttackTheMoon"],"picked":"SKIP","floor":1},{"not_picked":["theDuelist:NaturiaEggplant","theDuelist:NaturiaDragonfly","theDuelist:NaturiaMarron","theDuelist:Spore"],"picked":"theDuelist:GracefulCharity","floor":2},{"not_picked":["theDuelist:NaturiaEggplant","theDuelist:Spore","theDuelist:NaturiaMantis","theDuelist:DigitalBug"],"picked":"theDuelist:NaturiaHydrangea","floor":5},{"not_picked":["theDuelist:NaturalDisaster","theDuelist:LeodrakeMane","theDuelist:LairWire"],"picked":"theDuelist:NaturiaSacredTree","floor":6},{"not_picked":["theDuelist:NaturiaHydrangea","theDuelist:NaturiaCliff","theDuelist:NaturiaRagweed","theDuelist:Alpacaribou"],"picked":"theDuelist:NaturiaAntjaw","floor":8},{"not_picked":["Chrysalis","Flash of Steel","Good Instincts"],"picked":"Mayhem","floor":10},{"not_picked":["theDuelist:BottomlessTrapHole","theDuelist:AfterGenocide","theDuelist:NaturiaGuardian","theDuelist:CrystalRose"],"picked":"theDuelist:NaturiaButterfly","floor":11},{"not_picked":["theDuelist:NaturiaCliff","theDuelist:NaturiaSunflower","theDuelist:NaturiaMantis","theDuelist:SummoningSwarm"],"picked":"theDuelist:NaturiaSacredTree","floor":12}],"player_experience":200220,"relics_obtained":[{"floor":6,"key":"theDuelist:NatureOrb"},{"floor":9,"key":"Ornamental Fan"}],"event_choices":[{"damage_healed":0,"gold_gain":0,"player_choice":"Leave","duelist":true,"damage_taken":0,"max_hp_gain":0,"max_hp_loss":0,"event_name":"Tomb of the Nameless","floor":3,"gold_loss":0}],"is_beta":false,"boss_relics":[],"items_purged_floors":[],"is_endless":false,"potions_floor_spawned":[6,10,11],"killed_by":"Lagavulin","ascension_level":0}}