{"host":"2lo6hma6kymb0g9i","time":1610183510,"event":{"mods":["BaseMod","Colored Map","DeckTracker","Minty Spire (QoL Compilation)"],"gold_per_floor":[116,191,191,203,203,203,203,203,203,215,225,236,236,246,246,348,398,410,410,420,420,345,345,124,124,202,202,216,216,316,191,191,294,294,313,313,327,327,342,342,376,265,265,276,276,44,57,74,74,74],"floor_reached":51,"playtime":3778,"items_purged":["Strike_B","Strike_B","Strike_B"],"score":914,"play_id":"ec07183e-73e9-47b4-8e34-20565f9530fc","local_time":"20210109181150","is_ascension_mode":true,"campfire_choices":[{"data":"Streamline","floor":6,"key":"SMITH"},{"data":"Zap","floor":13,"key":"SMITH"},{"data":"Barrage","floor":15,"key":"SMITH"},{"data":"Hologram","floor":23,"key":"SMITH"},{"data":"Defragment","floor":27,"key":"SMITH"},{"data":"Cold Snap","floor":29,"key":"SMITH"},{"floor":32,"key":"REST"},{"data":"Capacitor","floor":40,"key":"SMITH"},{"floor":49,"key":"REST"}],"circlet_count":0,"master_deck":["Defend_B","Defend_B","Defend_B","Defend_B","Zap+1","Dualcast+1","Streamline+1","Go for the Eyes","Barrage+1","Cold Snap+1","Chill","Core Surge+1","Chill+1","Hologram+1","Capacitor+1","Defragment+1","Doom and Gloom","Seek","Fission+1","Redo+1","Finesse+1","Dark Shackles+1","Dark Shackles+1","Melter","Hologram+1","Undo+1","Loop","Hologram+1","Stack+1"],"relics":["Cracked Core","Strawberry","InkBottle","Du-Vu Doll","Cables","Nloth\u0027s Gift","Toxic Egg 2","Cursed Key","MawBank","War Paint"],"acts_visited":["Exordium","TheCity","TheBeyond"],"potions_floor_usage":[12,16,37,41,41,41,48,50,50,50,50,50],"damage_taken":[{"damage":7,"enemies":"Jaw Worm","floor":1,"turns":3},{"damage":7,"enemies":"2 Louse","floor":4,"turns":2},{"damage":6,"enemies":"Small Slimes","floor":10,"turns":2},{"damage":8,"enemies":"Exordium Wildlife","floor":11,"turns":3},{"damage":8,"enemies":"Gremlin Gang","floor":12,"turns":3},{"damage":5,"enemies":"Red Slaver","floor":14,"turns":2},{"damage":12,"enemies":"Hexaghost","floor":16,"turns":9},{"damage":0,"enemies":"Spheric Guardian","floor":18,"turns":3},{"damage":12,"enemies":"3 Byrds","floor":20,"turns":6},{"damage":16,"enemies":"Shelled Parasite and Fungi","floor":28,"turns":5},{"damage":20,"enemies":"Champ","floor":33,"turns":9},{"damage":7,"enemies":"3 Darklings","floor":35,"turns":4},{"damage":8,"enemies":"Orb Walker","floor":37,"turns":2},{"damage":0,"enemies":"Writhing Mass","floor":39,"turns":5},{"damage":45,"enemies":"Nemesis","floor":41,"turns":13},{"damage":0,"enemies":"Sphere and 2 Shapes","floor":44,"turns":3},{"damage":3,"enemies":"Jaw Worm Horde","floor":47,"turns":6},{"damage":0,"enemies":"3 Darklings","floor":48,"turns":4},{"damage":31,"enemies":"Donu and Deca","floor":50,"turns":8}],"seed_played":"8182553326571351243","potions_obtained":[{"floor":10,"key":"DuplicationPotion"},{"floor":11,"key":"Regen Potion"},{"floor":17,"key":"DistilledChaos"},{"floor":28,"key":"GamblersBrew"},{"floor":33,"key":"Block Potion"},{"floor":35,"key":"FocusPotion"},{"floor":39,"key":"SpeedPotion"},{"floor":44,"key":"CultistPotion"},{"floor":47,"key":"ColorlessPotion"}],"is_trial":false,"path_per_floor":["M","?","?","M","T","R","?","?","T","M","M","M","R","M","R","B",null,"M","?","M","?","$","R","$","?","T","R","M","R","?","$","R","B",null,"M","T","M","?","M","R","E","$","T","M","$","$","M","M","R","B",null],"character_chosen":"DEFECT","items_purchased":["Defragment","Doom and Gloom","Hologram+1","EntropicBrew","Loop","War Paint","Hologram+1"],"campfire_rested":2,"item_purchase_floors":[24,24,42,42,46,46,46],"current_hp_per_floor":[68,57,57,50,50,50,47,47,47,41,33,25,25,20,20,23,72,72,72,60,43,43,43,43,43,43,43,27,27,27,27,54,34,78,71,71,63,53,53,53,8,8,8,8,8,8,5,5,32,16],"gold":74,"neow_bonus":"RANDOM_COMMON_RELIC","is_daily":false,"chose_seed":false,"campfire_upgraded":7,"win_rate":0.0,"timestamp":1610183510,"path_taken":["M","?","?","M","?","R","?","?","T","?","M","?","R","M","R","BOSS","M","?","?","?","$","R","?","?","T","R","M","R","?","$","R","BOSS","M","?","M","?","M","R","E","$","T","M","?","$","M","M","R","BOSS"],"items_purchased_type":["Card","Card","Card","Potion","Card","Relic","Card"],"build_version":"2020-12-22","purchased_purges":3,"victory":true,"max_hp_per_floor":[82,82,82,82,82,82,82,82,82,82,82,82,82,82,82,82,87,87,87,87,92,92,92,92,92,92,92,92,92,92,92,92,92,92,92,92,92,92,92,92,92,92,92,92,92,92,92,92,92,92],"card_choices":[{"not_picked":["Blizzard","Rebound"],"picked":"Streamline","floor":1},{"not_picked":["Ball Lightning","Auto Shields"],"picked":"Go for the Eyes","floor":4},{"not_picked":["Redo","Ball Lightning"],"picked":"Barrage","floor":10},{"not_picked":["Turbo","Rebound"],"picked":"Cold Snap","floor":11},{"not_picked":["Ball Lightning","Beam Cell","Static Discharge"],"picked":"SKIP","floor":12},{"not_picked":["Heatsinks","Leap"],"picked":"Chill","floor":14},{"not_picked":["Electrodynamics","Echo Form"],"picked":"Core Surge","floor":16},{"not_picked":["Steam","Rebound"],"picked":"Chill","floor":17},{"not_picked":["Rebound","Lockon"],"picked":"Hologram","floor":18},{"not_picked":["Compile Driver","Force Field"],"picked":"Capacitor","floor":20},{"not_picked":["Ball Lightning","BootSequence+1"],"picked":"Fission+1","floor":28},{"not_picked":["Stack+1","Reboot+1","Rebound"],"picked":"SKIP","floor":35},{"not_picked":["Aggregate+1","Go for the Eyes+1"],"picked":"Redo+1","floor":37},{"not_picked":["Dramatic Entrance","Sadistic Nature"],"picked":"Finesse+1","floor":38},{"not_picked":["Violence+1","Swift Strike"],"picked":"Dark Shackles+1","floor":38},{"not_picked":["Discovery+1","Madness+1"],"picked":"Dark Shackles+1","floor":38},{"not_picked":["White Noise+1","Turbo+1"],"picked":"Melter","floor":39},{"not_picked":["Turbo+1","Self Repair+1","Gash"],"picked":"SKIP","floor":41},{"not_picked":["Redo+1","Hologram+1"],"picked":"Undo+1","floor":44},{"not_picked":["Sweeping Beam+1","Storm","Static Discharge+1"],"picked":"SKIP","floor":47},{"not_picked":["Streamline+1","Tempest+1"],"picked":"Stack+1","floor":48}],"player_experience":990856,"relics_obtained":[{"floor":5,"key":"InkBottle"},{"floor":9,"key":"Cables"},{"floor":26,"key":"Toxic Egg 2"},{"floor":41,"key":"MawBank"}],"event_choices":[{"damage_healed":0,"gold_gain":75,"player_choice":"Gather Gold","damage_taken":11,"max_hp_gain":0,"max_hp_loss":0,"event_name":"World of Goop","floor":2,"gold_loss":0},{"cards_removed":["Strike_B"],"damage_healed":0,"gold_gain":0,"player_choice":"Forget","damage_taken":0,"max_hp_gain":0,"max_hp_loss":0,"event_name":"Living Wall","floor":3,"gold_loss":0},{"damage_healed":0,"gold_gain":0,"player_choice":"Success","damage_taken":3,"relics_obtained":["Du-Vu Doll"],"max_hp_gain":0,"max_hp_loss":0,"event_name":"Scrap Ooze","floor":7,"gold_loss":0},{"damage_healed":0,"gold_gain":0,"player_choice":"Ignored","damage_taken":0,"max_hp_gain":0,"max_hp_loss":0,"event_name":"Liars Game","floor":8,"gold_loss":0},{"damage_healed":0,"gold_gain":0,"player_choice":"Traded Relic","damage_taken":0,"relics_obtained":["Nloth\u0027s Gift"],"max_hp_gain":0,"max_hp_loss":0,"event_name":"N\u0027loth","floor":19,"relics_lost":["Tiny House"],"gold_loss":0},{"damage_healed":0,"gold_gain":0,"player_choice":"Shed Blood","damage_taken":22,"max_hp_gain":5,"max_hp_loss":0,"event_name":"Forgotten Altar","floor":21,"gold_loss":0},{"damage_healed":0,"gold_gain":0,"player_choice":"Read","damage_taken":0,"max_hp_gain":0,"max_hp_loss":0,"event_name":"The Library","floor":25,"gold_loss":0,"cards_obtained":["Seek"]},{"damage_healed":0,"gold_gain":100,"player_choice":"Pray","damage_taken":0,"max_hp_gain":0,"max_hp_loss":0,"event_name":"Golden Shrine","floor":30,"gold_loss":0},{"damage_healed":0,"gold_gain":0,"player_choice":"Memory 3","damage_taken":10,"max_hp_gain":0,"max_hp_loss":0,"event_name":"SensoryStone","floor":38,"gold_loss":0}],"is_beta":false,"boss_relics":[{"not_picked":["Ectoplasm","Sozu"],"picked":"Tiny House"},{"not_picked":["Fusion Hammer","Velvet Choker"],"picked":"Cursed Key"}],"items_purged_floors":[22,24,31],"is_endless":false,"potions_floor_spawned":[10,11,28,33,35,39,44,47],"ascension_level":7}}