{"host":"nc9kxycvldgbp2kx","time":1610189432,"event":{"mods":["2.2 Compatiblity","AchievementEnabler","AlwaysNeverKeys","BaseMod","Better Altar","Better Match","Better Note","Better Sensory Stone","Better Skull","Better Third Choice","Better Vampires","Block Reminder","Colored Powertips","Curses Come First","GifTheSpireLib","Highlight Path","Minty Spire (QoL Compilation)","Permanent Neow","Quick Restart","Random Character Button","Rare Cards Sparkle","Relic Sorter","Relic Stats","Spicy Shops","StSLib","Transform Curses"],"gold_per_floor":[109,127,144,144,144,144,156,156,156,194,194,215,250,286,298,436,448,481,517,529,541,568,618,630,655,667,679,704,731,783,870,882,1023,1035,1060,632,653,653,420,453,453,469,469,469,84,115,129,462,462,462,462,462,61,87,87],"floor_reached":56,"playtime":8089,"items_purged":["Strike_R","Defend_R","Strike_R","Strike_R"],"score":1282,"play_id":"0783076c-57e8-468e-b925-caa02663f677","local_time":"20210109115032","is_ascension_mode":false,"campfire_choices":[{"data":"Entrench","floor":6.0,"key":"SMITH"},{"data":"Shockwave","floor":15.0,"key":"SMITH"},{"data":"Iron Wave","floor":24.0,"key":"SMITH"},{"data":"Berserk","floor":32.0,"key":"SMITH"},{"data":"Sword Boomerang","floor":41,"key":"SMITH"},{"data":"Pommel Strike","floor":49,"key":"SMITH"},{"data":"Bash","floor":52,"key":"SMITH"}],"circlet_count":0,"master_deck":["Strike_R","Strike_R","Defend_R","Defend_R","Defend_R","Bash+1","Dropkick+1","Entrench+1","Shockwave+1","Battle Trance+1","Thunderclap","Inflame+1","Impervious","Sword Boomerang+1","Ghostly Armor+1","Havoc+1","Fire Breathing+1","Iron Wave+1","Dropkick+1","Berserk+1","Body Slam+1","Pommel Strike+1","Feel No Pain+1","Burning Pact+1","Limit Break+1","Pummel+1","Sword Boomerang+1","Warcry+1","Disarm+1","Warcry+1","Madness+1","Madness+1","Intimidate+1","Havoc+1","Heavy Blade+1","Dropkick+1","Bandage Up+1","Warcry+1","Limit Break+1","Trip+1","Thunderclap+1"],"relics":["Burning Blood","Magic Flower","HornCleat","Strawberry","Prayer Wheel","Smiling Mask","MawBank","Black Star","Centennial Puzzle","Eternal Feather","Toxic Egg 2","Whetstone","Vajra","SlaversCollar","Happy Flower","HandDrill","Dream Catcher","Bag of Marbles","Molten Egg 2","Letter Opener","Calipers","Oddly Smooth Stone","Mango","Lantern","Red Skull","Bronze Scales","Blood Vial"],"acts_visited":["Exordium","TheCity","TheBeyond","TheEnding"],"potions_floor_usage":[],"damage_taken":[{"damage":6.0,"enemies":"Jaw Worm","floor":1.0,"turns":4.0},{"damage":5.0,"enemies":"Small Slimes","floor":2.0,"turns":3.0},{"damage":4.0,"enemies":"2 Louse","floor":3.0,"turns":4.0},{"damage":3.0,"enemies":"Red Slaver","floor":7.0,"turns":4.0},{"damage":34.0,"enemies":"3 Sentries","floor":10.0,"turns":14.0},{"damage":7.0,"enemies":"Blue Slaver","floor":12.0,"turns":4.0},{"damage":12.0,"enemies":"Gremlin Nob","floor":13.0,"turns":4.0},{"damage":0.0,"enemies":"3 Louse","floor":14.0,"turns":3.0},{"damage":38.0,"enemies":"Slime Boss","floor":16.0,"turns":8.0},{"damage":19.0,"enemies":"Shell Parasite","floor":18.0,"turns":8.0},{"damage":7.0,"enemies":"Chosen","floor":19.0,"turns":6.0},{"damage":2.0,"enemies":"Centurion and Healer","floor":22.0,"turns":7.0},{"damage":21.0,"enemies":"Slavers","floor":23.0,"turns":5.0},{"damage":15.0,"enemies":"Snake Plant","floor":25.0,"turns":5.0},{"damage":9.0,"enemies":"Cultist and Chosen","floor":28.0,"turns":6.0},{"damage":6.0,"enemies":"Centurion and Healer","floor":29.0,"turns":5.0},{"damage":15.0,"enemies":"Gremlin Leader","floor":30.0,"turns":5.0},{"damage":90.0,"enemies":"Collector","floor":33.0,"turns":11.0},{"damage":12.0,"enemies":"3 Darklings","floor":35.0,"turns":4.0},{"damage":15,"enemies":"3 Shapes","floor":37,"turns":3},{"damage":30,"enemies":"Reptomancer","floor":40,"turns":5},{"damage":3,"enemies":"Transient","floor":42,"turns":5},{"damage":8,"enemies":"Giant Head","floor":46,"turns":5},{"damage":0,"enemies":"Sphere and 2 Shapes","floor":47,"turns":3},{"damage":11,"enemies":"Donu and Deca","floor":50,"turns":7},{"damage":6,"enemies":"Shield and Spear","floor":54,"turns":4},{"damage":53,"enemies":"The Heart","floor":55,"turns":6}],"seed_played":"8821082912545190098","potions_obtained":[{"floor":1.0,"key":"BlessingOfTheForge"},{"floor":2.0,"key":"BloodPotion"},{"floor":7.0,"key":"BloodPotion"},{"floor":10.0,"key":"Fire Potion"},{"floor":18.0,"key":"ColorlessPotion"},{"floor":20.0,"key":"LiquidMemories"},{"floor":22.0,"key":"EssenceOfSteel"},{"floor":29.0,"key":"SteroidPotion"},{"floor":30.0,"key":"FairyPotion"},{"floor":33.0,"key":"SkillPotion"},{"floor":40,"key":"Energy Potion"},{"floor":42,"key":"SpeedPotion"}],"is_trial":false,"path_per_floor":["M","M","M","?","?","R","M","?","T","E","T","M","E","M","R","B",null,"M","M","?","?","M","E","R","M","T","?","M","M","E","?","R","B",null,"M","$","M","?","$","E","R","M","T","?","$","E","M","?","R","B",null,"R","$","E","B",null],"character_chosen":"IRONCLAD","items_purchased":["Happy Flower","HandDrill","Warcry+1","Dream Catcher","Intimidate+1","Havoc+1","Dropkick+1","Calipers","Oddly Smooth Stone","Bandage Up+1","Warcry+1","Limit Break+1","Trip+1","Red Skull"],"campfire_rested":0,"item_purchase_floors":[36,36,36,39,39,39,45,45,45,45,53,53,53,53],"current_hp_per_floor":[72,72,72,72,65,65,71,53,60,58,58,60,57,66,66,37,79,69,71,71,64,71,59,71,65,65,65,65,68,62,55,70,12,79,76,76,70,60,60,39,60,66,66,66,66,90,93,93,93,93,93,93,93,93,58],"gold":87,"neow_bonus":"ONE_RARE_RELIC","is_daily":false,"chose_seed":false,"campfire_upgraded":7,"win_rate":0.0,"timestamp":1610189432,"path_taken":["M","M","M","?","?","R","M","?","T","E","?","M","E","M","R","BOSS","M","M","?","?","M","E","R","M","T","?","M","M","E","?","R","BOSS","M","$","M","?","$","E","R","M","T","?","$","E","?","?","R","BOSS","R","$","E","BOSS"],"items_purchased_type":["Relic","Relic","Card","Relic","Card","Card","Card","Relic","Relic","Card","Card","Card","Card","Relic"],"build_version":"2020-12-22","purchased_purges":4,"victory":true,"max_hp_per_floor":[72,72,72,72,72,72,72,72,79,79,79,79,79,79,79,79,79,79,79,79,79,79,79,79,79,79,79,79,79,79,79,79,79,79,79,79,79,79,79,79,79,79,79,79,79,93,93,93,93,93,93,93,93,93,93],"relic_stats":{"Happy Flower":[12],"counters":[27,148],"Magic Flower":[85],"Eternal Feather":48,"Whetstone":["Dropkick","Dropkick"],"Letter Opener":[120],"Smiling Mask":250,"MawBank":276,"Burning Blood":218,"Blood Vial":0,"Centennial Puzzle":[39],"Dream Catcher":0,"Bronze Scales":[42],"Prayer Wheel":12,"Black Star":5,"HandDrill":[14],"obtain_stats":[{"Lantern":46,"Calipers":45,"Magic Flower":0,"Vajra":30,"Mango":46,"Whetstone":30,"Smiling Mask":11,"Burning Blood":0,"Blood Vial":54,"Centennial Puzzle":23,"Dream Catcher":39,"HornCleat":4,"Strawberry":9,"Prayer Wheel":10,"HandDrill":36,"Toxic Egg 2":26,"Red Skull":53,"Happy Flower":36,"Golden Idol":8,"Oddly Smooth Stone":45,"Eternal Feather":23,"Letter Opener":43,"MawBank":13,"SlaversCollar":34,"Bronze Scales":54,"Molten Egg 2":40,"Black Star":17,"Bag of Marbles":40},{"Lantern":23,"Calipers":22,"Magic Flower":0,"Vajra":17,"Mango":23,"Whetstone":17,"Smiling Mask":5,"Burning Blood":0,"Blood Vial":26,"Centennial Puzzle":13,"Dream Catcher":20,"HornCleat":3,"Strawberry":4,"Prayer Wheel":5,"HandDrill":19,"Toxic Egg 2":14,"Red Skull":25,"Happy Flower":19,"Golden Idol":4,"Oddly Smooth Stone":22,"Eternal Feather":13,"Letter Opener":22,"MawBank":7,"SlaversCollar":18,"Bronze Scales":26,"Molten Egg 2":21,"Black Star":9,"Bag of Marbles":21},{"Lantern":128,"Calipers":123,"Magic Flower":0,"Vajra":95,"Mango":128,"Whetstone":95,"Smiling Mask":29,"Burning Blood":0,"Blood Vial":142,"Centennial Puzzle":74,"Dream Catcher":113,"HornCleat":11,"Strawberry":15,"Prayer Wheel":29,"HandDrill":110,"Toxic Egg 2":79,"Red Skull":138,"Happy Flower":110,"Golden Idol":15,"Oddly Smooth Stone":123,"Eternal Feather":74,"Letter Opener":123,"MawBank":37,"SlaversCollar":106,"Bronze Scales":142,"Molten Egg 2":118,"Black Star":48,"Bag of Marbles":118}]},"card_choices":[{"not_picked":["Power Through","Carnage"],"picked":"Dropkick","floor":1.0},{"not_picked":["Dark Embrace","Feel No Pain","Headbutt"],"picked":"SKIP","floor":2.0},{"not_picked":["Twin Strike","Sever Soul"],"picked":"Entrench","floor":3.0},{"not_picked":["Perfected Strike","Rage","Havoc"],"picked":"SKIP","floor":7.0},{"not_picked":["Shockwave","Sword Boomerang","Rage"],"picked":"SKIP","floor":10.0},{"not_picked":["Sword Boomerang","Rage"],"picked":"Shockwave","floor":10.0},{"not_picked":["Twin Strike","Sword Boomerang"],"picked":"Battle Trance","floor":12.0},{"not_picked":["Searing Blow","Burning Pact","Flex"],"picked":"SKIP","floor":12.0},{"not_picked":["Carnage","Reaper"],"picked":"Thunderclap","floor":13.0},{"not_picked":["Sever Soul","Warcry"],"picked":"Inflame","floor":14.0},{"not_picked":["Spot Weakness","Twin Strike","Disarm"],"picked":"SKIP","floor":14.0},{"not_picked":["Barricade","Brutality"],"picked":"Impervious","floor":16.0},{"not_picked":["Dual Wield","Searing Blow"],"picked":"Sword Boomerang+1","floor":18.0},{"not_picked":["Rampage+1","Anger","Clothesline"],"picked":"SKIP","floor":18.0},{"not_picked":["Sword Boomerang","Shockwave"],"picked":"Ghostly Armor+1","floor":19.0},{"not_picked":["Iron Wave","Warcry"],"picked":"Havoc+1","floor":19.0},{"not_picked":["Armaments","Perfected Strike"],"picked":"Fire Breathing+1","floor":22.0},{"not_picked":["Warcry","Wild Strike+1","Anger"],"picked":"SKIP","floor":22.0},{"not_picked":["Immolate","Hemokinesis"],"picked":"Iron Wave","floor":23.0},{"not_picked":["Rage","Shrug It Off"],"picked":"Dropkick","floor":25.0},{"not_picked":["Havoc","Flame Barrier","Clash"],"picked":"SKIP","floor":25.0},{"not_picked":["Reckless Charge","Dual Wield+1"],"picked":"Berserk","floor":28.0},{"not_picked":["Infernal Blade+1","Clash+1"],"picked":"Body Slam+1","floor":28.0},{"not_picked":["Headbutt","Carnage"],"picked":"Pommel Strike","floor":29.0},{"not_picked":["Iron Wave","Havoc+1"],"picked":"Feel No Pain+1","floor":29.0},{"not_picked":["Twin Strike","Juggernaut"],"picked":"Burning Pact+1","floor":30.0},{"not_picked":["Reaper","Corruption"],"picked":"Limit Break+1","floor":33.0},{"not_picked":["Thunderclap","Armaments+1"],"picked":"Pummel+1","floor":35.0},{"not_picked":["Evolve","Headbutt"],"picked":"Sword Boomerang","floor":35.0},{"not_picked":["Searing Blow+1","Reckless Charge"],"picked":"Disarm+1","floor":37},{"not_picked":["Clothesline","Wild Strike+1"],"picked":"Warcry+1","floor":37},{"not_picked":["Second Wind+1","Clash+1"],"picked":"Heavy Blade+1","floor":40},{"not_picked":["Clash+1","Clothesline+1","Headbutt+1"],"picked":"SKIP","floor":42},{"not_picked":["Clothesline+1","Impervious+1","Flame Barrier+1"],"picked":"SKIP","floor":42},{"not_picked":["Iron Wave+1","Headbutt+1","Twin Strike+1"],"picked":"SKIP","floor":46},{"not_picked":["Wild Strike+1","Havoc+1","Perfected Strike+1"],"picked":"SKIP","floor":47},{"not_picked":["Cleave+1","Wild Strike+1","Perfected Strike+1"],"picked":"SKIP","floor":47},{"not_picked":["Cleave+1","Corruption"],"picked":"Thunderclap+1","floor":54}],"player_experience":297023,"relics_obtained":[{"floor":9.0,"key":"Strawberry"},{"floor":10.0,"key":"Prayer Wheel"},{"floor":11.0,"key":"Smiling Mask"},{"floor":13.0,"key":"MawBank"},{"floor":23.0,"key":"Centennial Puzzle"},{"floor":23.0,"key":"Eternal Feather"},{"floor":26.0,"key":"Toxic Egg 2"},{"floor":30.0,"key":"Whetstone"},{"floor":30.0,"key":"Vajra"},{"floor":40,"key":"Bag of Marbles"},{"floor":40,"key":"Molten Egg 2"},{"floor":43,"key":"Letter Opener"},{"floor":46,"key":"Mango"},{"floor":46,"key":"Lantern"},{"floor":54,"key":"Bronze Scales"},{"floor":54,"key":"Blood Vial"}],"event_choices":[{"damage_healed":0.0,"max_hp_gain":0.0,"max_hp_loss":0.0,"gold_gain":0.0,"event_name":"Big Fish","player_choice":"Box","floor":4.0,"gold_loss":0.0,"damage_taken":0.0,"relics_obtained":["HornCleat"],"cards_obtained":["Regret"]},{"cards_removed":["Regret"],"damage_healed":0.0,"max_hp_gain":0.0,"max_hp_loss":0.0,"gold_gain":0.0,"event_name":"Golden Wing","player_choice":"Card Removal","floor":5.0,"gold_loss":0.0,"damage_taken":7.0},{"damage_healed":0.0,"max_hp_gain":0.0,"max_hp_loss":0.0,"gold_gain":0.0,"event_name":"Golden Idol","player_choice":"Take Damage","floor":8.0,"gold_loss":0.0,"damage_taken":18.0,"relics_obtained":["Golden Idol"]},{"damage_healed":0.0,"max_hp_gain":0.0,"max_hp_loss":0.0,"gold_gain":0.0,"event_name":"Lab","player_choice":"Got Potions","floor":20.0,"gold_loss":0.0,"damage_taken":0.0},{"damage_healed":0.0,"max_hp_gain":0.0,"max_hp_loss":0.0,"gold_gain":0.0,"event_name":"Wheel of Change","player_choice":"Damaged","floor":21.0,"gold_loss":0.0,"damage_taken":7.0},{"damage_healed":0.0,"max_hp_gain":0.0,"max_hp_loss":0.0,"gold_gain":0.0,"event_name":"Upgrade Shrine","player_choice":"Upgraded","floor":27.0,"gold_loss":0.0,"damage_taken":0.0,"cards_upgraded":["Inflame"]},{"damage_healed":0.0,"max_hp_gain":0.0,"max_hp_loss":0.0,"gold_gain":75.0,"event_name":"FaceTrader","player_choice":"Touch","floor":31.0,"gold_loss":0.0,"damage_taken":7.0},{"damage_healed":0,"gold_gain":0,"player_choice":"Embrace Madness","damage_taken":10,"max_hp_gain":0,"max_hp_loss":0,"event_name":"Winding Halls","floor":38,"gold_loss":0,"cards_obtained":["Madness","Madness"]},{"damage_healed":0,"gold_gain":0,"player_choice":"Forge","damage_taken":0,"max_hp_gain":0,"max_hp_loss":0,"event_name":"Accursed Blacksmith","floor":44,"gold_loss":0,"cards_upgraded":["Battle Trance"]},{"damage_healed":0,"gold_gain":333,"player_choice":"Gave Idol","damage_taken":0,"max_hp_gain":0,"max_hp_loss":0,"event_name":"The Moai Head","floor":48,"relics_lost":["Golden Idol"],"gold_loss":0}],"is_beta":false,"boss_relics":[{"not_picked":["Runic Cube","Mark of Pain"],"picked":"Black Star"},{"not_picked":["Tiny House","Runic Pyramid"],"picked":"SlaversCollar"}],"items_purged_floors":[36,39,45,53],"is_endless":false,"potions_floor_spawned":[1,2,7,10,14,18,22,29,30,33,40,42,46,47],"ascension_level":0}}