{"host":"pvafbce70weqvzks","time":1610176409,"event":{"mods":["BaseMod","Gremlin Mod","Hermit","Minty Spire (QoL Compilation)","StSLib","themimic"],"gold_per_floor":[112,128,145,123,142,142,142,142,142,142,155,155,62,87,87,206,206,221,221,61,61,61,96,21,21,21,46,10,44,44,58,58,58,58],"floor_reached":33,"playtime":865,"items_purged":[],"score":273,"play_id":"1186eba1-ff7c-4f3c-a7f9-df258b372320","local_time":"20210109041329","is_ascension_mode":false,"campfire_choices":[{"data":"Terror","floor":6,"key":"SMITH"},{"data":"Endless Agony","floor":8,"key":"SMITH"},{"data":"Predator","floor":10,"key":"SMITH"},{"floor":15,"key":"REST"},{"data":"Corpse Explosion","floor":25,"key":"SMITH"},{"floor":30,"key":"REST"},{"floor":32,"key":"REST"}],"circlet_count":0,"master_deck":["Strike_G","Strike_G","Strike_G","Strike_G","Strike_G","Defend_G","Defend_G","Defend_G","Defend_G","Defend_G","Survivor","Neutralize","Heel Hook","Predator+1","Terror+1","Underhanded Strike","Endless Agony+1","Poisoned Stab","Swift Strike","Blade Dance","Corpse Explosion+1","PiercingWail","Bouncing Flask","Slice","Accuracy","Crippling Poison","RitualDagger","Sucker Punch","Masterful Stab+1","Finisher","Dagger Spray","Terror"],"relics":["Ring of the Snake","Question Card","Vajra","Golden Idol","Philosopher\u0027s Stone","Shuriken","FossilizedHelix","Tiny Chest","Oddly Smooth Stone"],"acts_visited":["Exordium","TheCity"],"potions_floor_usage":[2,16,18,23,23,29,33,33],"damage_taken":[{"damage":0,"enemies":"Cultist","floor":1,"turns":5},{"damage":0,"enemies":"Small Slimes","floor":2,"turns":3},{"damage":5,"enemies":"Jaw Worm","floor":3,"turns":5},{"damage":0,"enemies":"Blue Slaver","floor":5,"turns":3},{"damage":9,"enemies":"3 Louse","floor":11,"turns":3},{"damage":2,"enemies":"Looter","floor":14,"turns":3},{"damage":35,"enemies":"The Guardian","floor":16,"turns":9},{"damage":0,"enemies":"Spheric Guardian","floor":18,"turns":1},{"damage":10,"enemies":"Book of Stabbing","floor":23,"turns":3},{"damage":15,"enemies":"Shell Parasite","floor":27,"turns":4},{"damage":9,"enemies":"Gremlin Leader","floor":29,"turns":5},{"damage":6,"enemies":"Centurion and Healer","floor":31,"turns":3},{"damage":79,"enemies":"Automaton","floor":33,"turns":6}],"seed_played":"5448144397360094751","potions_obtained":[{"floor":0,"key":"DistilledChaos"},{"floor":0,"key":"Explosive Potion"},{"floor":0,"key":"Fire Potion"},{"floor":2,"key":"LiquidBronze"},{"floor":16,"key":"BlessingOfTheForge"},{"floor":27,"key":"GhostInAJar"},{"floor":29,"key":"Block Potion"},{"floor":31,"key":"PowerPotion"}],"is_trial":false,"path_per_floor":["M","M","M","$","M","R","?","R","T","R","M","?","$","M","R","B",null,"M","?","$","?","?","E","?","R","T","M","$","E","R","M","R","B"],"character_chosen":"THE_SILENT","items_purchased":["Underhanded Strike","Swift Strike","Slice","Accuracy","Crippling Poison","Finisher"],"campfire_rested":3,"item_purchase_floors":[4,13,20,20,20,28],"current_hp_per_floor":[70,70,65,65,65,65,58,58,58,58,49,49,49,47,65,30,65,65,65,65,65,59,49,49,49,49,34,34,25,44,38,57,0,0],"gold":58,"neow_bonus":"THREE_SMALL_POTIONS","is_daily":false,"chose_seed":false,"campfire_upgraded":4,"win_rate":0.0,"timestamp":1610176409,"path_taken":["M","?","?","$","M","R","?","R","T","R","M","?","?","M","R","BOSS","M","?","$","?","?","E","?","R","T","?","$","E","R","M","R","BOSS"],"items_purchased_type":["Card","Card","Card","Card","Card","Card"],"build_version":"2020-12-22","purchased_purges":0,"victory":false,"max_hp_per_floor":[70,70,70,70,70,70,70,70,70,70,70,65,65,65,65,65,65,65,65,65,65,65,65,65,65,65,65,65,65,65,65,65,65,65],"card_choices":[{"not_picked":["Backflip","Sucker Punch"],"picked":"Heel Hook","floor":1},{"not_picked":["Finisher","Backflip"],"picked":"Predator","floor":2},{"not_picked":["Flying Knee","PiercingWail"],"picked":"Terror","floor":3},{"not_picked":["Backflip","Outmaneuver"],"picked":"Endless Agony","floor":5},{"not_picked":["Bane","Deadly Poison","Cloak And Dagger"],"picked":"Poisoned Stab","floor":11},{"not_picked":["Catalyst","Dagger Throw","Tactician"],"picked":"Blade Dance","floor":14},{"not_picked":["A Thousand Cuts","Doppelganger","Night Terror"],"picked":"Corpse Explosion","floor":16},{"not_picked":["Leg Sweep","Infinite Blades","Cloak And Dagger"],"picked":"PiercingWail","floor":18},{"not_picked":["Underhanded Strike","PiercingWail+1","Dagger Throw"],"picked":"Sucker Punch","floor":23},{"not_picked":["Crippling Poison","Blade Dance","All Out Attack"],"picked":"Masterful Stab+1","floor":27},{"not_picked":["Predator","Acrobatics","Blade Dance"],"picked":"Dagger Spray","floor":29},{"not_picked":["Sucker Punch","Reflex","Underhanded Strike"],"picked":"Terror","floor":31}],"player_experience":66241,"relics_obtained":[{"floor":9,"key":"Vajra"},{"floor":23,"key":"FossilizedHelix"},{"floor":26,"key":"Tiny Chest"},{"floor":29,"key":"Oddly Smooth Stone"}],"event_choices":[{"damage_healed":0,"gold_gain":0,"player_choice":"Success","damage_taken":7,"relics_obtained":["Question Card"],"max_hp_gain":0,"max_hp_loss":0,"event_name":"Scrap Ooze","floor":7,"gold_loss":0},{"damage_healed":0,"gold_gain":0,"player_choice":"Lose Max HP","damage_taken":0,"relics_obtained":["Golden Idol"],"max_hp_gain":0,"max_hp_loss":5,"event_name":"Golden Idol","floor":12,"gold_loss":0},{"damage_healed":0,"gold_gain":0,"player_choice":"Read","damage_taken":0,"max_hp_gain":0,"max_hp_loss":0,"event_name":"The Library","floor":19,"gold_loss":0,"cards_obtained":["Bouncing Flask"]},{"damage_healed":0,"gold_gain":0,"player_choice":"Opened","damage_taken":0,"relics_obtained":["Shuriken"],"max_hp_gain":0,"max_hp_loss":0,"event_name":"The Mausoleum","floor":21,"gold_loss":0,"cards_obtained":["Writhe"]},{"damage_healed":0,"gold_gain":0,"player_choice":"Joined the Cult","damage_taken":6,"max_hp_gain":0,"max_hp_loss":0,"event_name":"Nest","floor":22,"gold_loss":0,"cards_obtained":["RitualDagger"]},{"cards_removed":["Writhe"],"damage_healed":0,"gold_gain":0,"player_choice":"Gave Gold","damage_taken":0,"max_hp_gain":0,"max_hp_loss":0,"event_name":"Beggar","floor":24,"gold_loss":75}],"is_beta":false,"boss_relics":[{"not_picked":["Sozu","Black Star"],"picked":"Philosopher\u0027s Stone"}],"items_purged_floors":[],"is_endless":false,"potions_floor_spawned":[2,3,11,16,27,29,31],"killed_by":"Automaton","ascension_level":0}}