{"host":"5e0jz0sn42a2vhx9","time":1610177236,"event":{"mods":["ATMod(°¢èªMod)","Act Like it!","BaseMod","Downfall","Hallownest","Lobotomy","Minty Spire (QoL Compilation)","Replay The Spire","StSLib","The Bug Knight","The Cursed","The Hierophant"],"gold_per_floor":[0,19,4,14,31,49,49,49,77,77,91,26,26,11,26,124,124,124,137,9304,9154,9154,9164,9189,9320,9320,9398,9415,8822,8833,8864,8876,8971,8971,8971,8535,8066,8080,8094,8126,8204,8204,8235,8246,8246,8171,8183,7618,7637,7637],"floor_reached":51,"playtime":3971,"items_purged":["Regret","Slimebound:Strike_Slimebound","Slimebound:Tackle"],"score":942,"play_id":"0c1c50f1-d9db-44be-816b-67279147464d","local_time":"20210109152716","is_ascension_mode":false,"campfire_choices":[{"data":"AT_FamilyPortrait","floor":1,"key":"SMITH"},{"floor":10,"key":"REST"},{"data":"Slimebound:MassFeed","floor":18,"key":"SMITH"},{"data":"Slimebound:MinionMaster","floor":26,"key":"SMITH"},{"floor":35,"key":"DIG"},{"data":"expansioncontent:DashGenerateEvil","floor":42,"key":"SMITH"},{"floor":46,"key":"RECALL"}],"circlet_count":0,"master_deck":["Slimebound:Strike_Slimebound","Slimebound:Defend_Slimebound","Slimebound:Defend_Slimebound+1","Slimebound:Defend_Slimebound","Slimebound:Defend_Slimebound","Slimebound:Split","Slimebound:CorrosiveSpit","Slimebound:MinionMaster","AT_FamilyPortrait+1","Slimebound:ComboTackle","Slimebound:SplitAcid","Slimebound:Dissolve","Slimebound:MassRepurpose","Slimebound:ProtectTheBoss+1","Slimebound:AcidTongue+1","Slimebound:SlimeBarrage","Slimebound:Gluttony","Slimebound:SplitLeeching+1","Slimebound:MassFeed+1","Slimebound:LeadByExample","Slimebound:SplitBruiser+1","Slimebound:MinionMaster+1","Slimebound:SplitLeeching","Secret Technique","Ghostly","Slimebound:PressTheAttack","Slimebound:SplitLeeching","Slimebound:SplitLeeching+1","Slimebound:SplitAcid","Slimebound:PressTheAttack+1","Slimebound:SplitLeeching","Slimebound:AcidTongue","Slimebound:SelfFormingGoo","expansioncontent:DashGenerateEvil+1","Slimebound:PressTheAttack+1","Slimebound:OozeBath","Slimebound:AcidTongue","Slimebound:SlimeSlap","Slimebound:WasteNot","Master of Strategy","Slimebound:LeechEnergy","Slimebound:SplitLeeching+1","Slimebound:SamplingLick+1","Slimebound:SamplingLick+1","Slimebound:MegaLick+1","Slimebound:Replication+1","Slimebound:LevelUp+1","AT_FamilyPortrait+1","ReplayTheSpireMod:Private Reserves","ReplayUltimateDefense","Slimebound:RainOfGoop+1"],"relics":["Slimebound:AbsorbEndCombat","AT_ATBox","ReplayTheSpireMod:Shallot","Odd Mushroom","AT_TrinityForce","War Paint","Membership Card","AT_SeraphEmbrace","Ancient Tea Set","Blood Vial","Orrery","AT_TimeSand","Lee\u0027s Waffle","HollowMod:QueensCombRelic","Replay:Bottled Snecko","WingedGreaves","SlaversCollar","Letter Opener","StoneCalendar","Replay:Rubber Ducky","OrangePellets","Whetstone","Bag of Preparation","Toolbox","AT_BladeRuinedKing","White Beast Statue","Replay:Baseball","Red Mask","downfall:RedIOUUpgrade","downfall:HeartBlessingGreen","AT_SpeedBoots","Sundial","DollysMirror"],"acts_visited":["Exordium","TheCity","TheBeyond"],"potions_floor_usage":[12,14,16,16,16,16,16,16,19,25,25,28,30,31,31,33,33,40,43,43,50],"damage_taken":[{"damage":12,"enemies":"Cultist","floor":2,"turns":5},{"damage":12,"enemies":"downfall:FleeingMerchant","floor":3,"turns":4},{"damage":10,"enemies":"Small Slimes","floor":4,"turns":3},{"damage":9,"enemies":"2 Louse","floor":5,"turns":2},{"damage":14,"enemies":"2 Fungi Beasts","floor":6,"turns":3},{"damage":31,"enemies":"The Mushroom Lair","floor":9,"turns":4},{"damage":7,"enemies":"Blue Slaver","floor":11,"turns":4},{"damage":11,"enemies":"downfall:FleeingMerchant","floor":12,"turns":4},{"damage":11,"enemies":"downfall:FleeingMerchant","floor":14,"turns":4},{"damage":0,"enemies":"Red Slaver","floor":15,"turns":1},{"damage":77,"enemies":"downfall:Silent","floor":16,"turns":12},{"damage":4,"enemies":"3 Byrds","floor":19,"turns":1},{"damage":24,"enemies":"downfall:FleeingMerchant","floor":20,"turns":4},{"damage":20,"enemies":"Snecko","floor":23,"turns":5},{"damage":25,"enemies":"downfall:FleeingMerchant","floor":25,"turns":4},{"damage":56,"enemies":"Cultist and Chosen","floor":28,"turns":7},{"damage":47,"enemies":"Centurion and Healer","floor":30,"turns":6},{"damage":44,"enemies":"Book of Stabbing","floor":31,"turns":6},{"damage":15,"enemies":"Chosen and Byrds","floor":32,"turns":4},{"damage":55,"enemies":"downfall:Ironclad","floor":33,"turns":8},{"damage":12,"enemies":"3 Shapes","floor":38,"turns":3},{"damage":12,"enemies":"Orb Walker","floor":39,"turns":4},{"damage":17,"enemies":"Reptomancer","floor":40,"turns":6},{"damage":32,"enemies":"Giant Head","floor":43,"turns":6},{"damage":24,"enemies":"Transient","floor":44,"turns":5},{"damage":27,"enemies":"Spire Growth","floor":47,"turns":3},{"damage":20,"enemies":"Jaw Worm Horde","floor":49,"turns":3},{"damage":20,"enemies":"downfall:Defect","floor":50,"turns":5}],"seed_played":"7092280013684837644","potions_obtained":[{"floor":9,"key":"Block Potion"},{"floor":11,"key":"FearPotion"},{"floor":15,"key":"Fruit Juice"},{"floor":28,"key":"BlessingOfTheForge"},{"floor":31,"key":"CultistPotion"},{"floor":32,"key":"Fire Potion"},{"floor":43,"key":"BlessingOfTheForge"},{"floor":44,"key":"Fire Potion"},{"floor":47,"key":"GamblersBrew"}],"is_trial":false,"path_per_floor":["R","M","$","M","M","M","T","?","?","R","M","$","?","$","M","B",null,"R","M","$","?","?","M","T","$","R","T","M","$","M","E","M","B",null,"R","$","$","M","M","E","T","R","E","M","?","R","M","$","M","B",null],"character_chosen":"SLIMEBOUND","items_purchased":["Weak Potion","War Paint","Membership Card","HollowMod:PaleOreRelic","Slimebound:MinionMaster","Languid Potion","Fire Potion","Explosive Potion","Slimebound:SplitLeeching","Secret Technique","Ancient Tea Set","Blood Vial","Orrery","Slimebound:SelfFormingGoo","Slimebound:DisruptingSlam","Lee\u0027s Waffle","HollowMod:QueensCombRelic","expansioncontent:DashGenerateEvil","Replay:Bottled Snecko","PowerPotion","FearPotion","StoneCalendar","Replay:Rubber Ducky","OrangePellets","champ:CounterPotion","Fire Potion","Fire Potion","Whetstone","Bag of Preparation","Toolbox","Slimebound:WasteNot","Master of Strategy","ColorlessPotion","Ancient Potion","Dexterity Potion","Slimebound:LeechEnergy","AT_SpeedBoots","Sundial","DollysMirror","ReplayTheSpireMod:Private Reserves","ReplayUltimateDefense","Toxic Potion","AttackPotion","Swift Potion"],"campfire_rested":1,"item_purchase_floors":[12,20,20,20,20,20,20,20,20,20,25,25,25,29,29,29,29,29,29,29,29,36,36,36,36,36,36,37,37,37,37,37,37,37,37,37,48,48,48,48,48,48,48,48],"current_hp_per_floor":[60,53,53,51,46,40,40,40,25,43,54,59,59,60,60,34,65,65,65,61,61,61,65,65,60,60,60,38,50,43,30,37,23,50,50,50,50,54,54,50,50,50,54,50,50,50,43,43,50,54],"gold":7637,"neow_bonus":"THREE_RARE_CARDS","is_daily":false,"chose_seed":false,"campfire_upgraded":4,"win_rate":0.0,"timestamp":1610177236,"path_taken":["R","M","$","M","M","M","T","?","?","R","M","$","?","$","M","BOSS","R","M","$","?","?","M","T","$","R","?","M","$","?","E","M","BOSS","R","$","$","?","M","E","T","R","E","M","?","R","M","$","M","BOSS"],"items_purchased_type":["Potion","Relic","Relic","Relic","Card","Potion","Potion","Potion","Card","Card","Relic","Relic","Relic","Card","Card","Relic","Relic","Card","Relic","Potion","Potion","Relic","Relic","Relic","Potion","Potion","Potion","Relic","Relic","Relic","Card","Card","Potion","Potion","Potion","Card","Relic","Relic","Relic","Card","Card","Potion","Potion","Potion"],"build_version":"2020-12-22","purchased_purges":3,"victory":true,"max_hp_per_floor":[60,60,60,60,60,60,60,60,60,60,60,60,60,60,60,65,65,65,65,65,65,65,65,65,69,69,69,69,50,50,50,50,50,50,50,50,50,54,54,54,54,54,54,54,54,54,54,54,54,54],"card_choices":[{"not_picked":["Slimebound:Overexert","Slimebound:WasteNot"],"picked":"Slimebound:MinionMaster","floor":0},{"not_picked":["Slimebound:LeechingTouch","Slimebound:ViciousTackle"],"picked":"Slimebound:ComboTackle","floor":2},{"not_picked":["Slimebound:LeechEnergy","Slimebound:SamplingLick"],"picked":"Slimebound:SplitAcid","floor":3},{"not_picked":["Slimebound:GrowthPunch","Slimebound:RollThrough"],"picked":"Slimebound:Dissolve","floor":4},{"not_picked":["Slimebound:LeechingTouch","Slimebound:DisruptingSlam"],"picked":"Slimebound:MassRepurpose","floor":5},{"not_picked":["Slimebound:FinishingTackle","Slimebound:SpikyOuterGoop"],"picked":"Slimebound:ProtectTheBoss","floor":6},{"not_picked":["Slimebound:ProtectTheBoss","Slimebound:Nibble"],"picked":"Slimebound:AcidTongue","floor":9},{"not_picked":["Slimebound:AcidTongue","Slimebound:LivingWall"],"picked":"Slimebound:SlimeBarrage","floor":11},{"not_picked":["Slimebound:Equalize","Slimebound:Schlurp"],"picked":"Slimebound:Gluttony","floor":12},{"not_picked":["Slimebound:SlimeSpikes","Slimebound:GoopSpray","Slimebound:Chomp"],"picked":"SKIP","floor":14},{"not_picked":["Slimebound:ComboTackle","Slimebound:PressTheAttack"],"picked":"Slimebound:SplitLeeching","floor":15},{"not_picked":["Slimebound:Teamwork","Slimebound:MassRepurpose"],"picked":"Slimebound:MassFeed","floor":16},{"not_picked":["Slimebound:SpikyOuterGoop","Slimebound:RollThrough"],"picked":"Slimebound:LeadByExample","floor":19},{"not_picked":["Slimebound:FinishingTackle","Slimebound:ViciousTackle"],"picked":"Slimebound:SplitBruiser","floor":20},{"not_picked":["Slimebound:SlimeSpikes","Slimebound:SamplingLick+1"],"picked":"Slimebound:PressTheAttack","floor":23},{"not_picked":["Slimebound:ForwardTackle","Slimebound:Equalize","Slimebound:FlameTackle+1"],"picked":"SKIP","floor":25},{"not_picked":["Slimebound:GoopSpray","Slimebound:RollThrough"],"picked":"Slimebound:SplitLeeching","floor":25},{"not_picked":["Slimebound:GrowthPunch+1","Slimebound:MegaLick"],"picked":"Slimebound:SplitLeeching+1","floor":25},{"not_picked":["Slimebound:SlimeTap+1","Slimebound:LeechEnergy"],"picked":"Slimebound:SplitAcid","floor":25},{"not_picked":["Slimebound:RollThrough","Slimebound:LeechingTouch"],"picked":"Slimebound:PressTheAttack","floor":25},{"not_picked":["Slimebound:FlameTackle","Slimebound:GoopSpray+1"],"picked":"Slimebound:SplitLeeching","floor":25},{"not_picked":["Slimebound:RollThrough","Slimebound:FinishingTackle+1"],"picked":"Slimebound:AcidTongue","floor":28},{"not_picked":["Slimebound:RollThrough","Slimebound:Prepare"],"picked":"Slimebound:PressTheAttack","floor":30},{"not_picked":["Slimebound:GrowthPunch","Slimebound:ViciousTackle+1"],"picked":"Slimebound:OozeBath","floor":31},{"not_picked":["Slimebound:LeechingTouch","Slimebound:SlimeBarrage"],"picked":"Slimebound:AcidTongue","floor":32},{"not_picked":["Slimebound:PrepareCrush","Slimebound:DuplicatedForm"],"picked":"Slimebound:SlimeSlap","floor":33},{"not_picked":["Slimebound:BestDefense","Slimebound:SlimeBrawl"],"picked":"Slimebound:SplitLeeching+1","floor":38},{"not_picked":["Slimebound:GoopSpray","Slimebound:LeechEnergy"],"picked":"Slimebound:SamplingLick+1","floor":39},{"not_picked":["Slimebound:GoopTackle+1","Slimebound:SplitAcid"],"picked":"Slimebound:SamplingLick+1","floor":40},{"not_picked":["Slimebound:FinishingTackle+1","Slimebound:LeechEnergy"],"picked":"Slimebound:MegaLick+1","floor":43},{"not_picked":["Slimebound:FinishingTackle+1","Slimebound:Equalize"],"picked":"Slimebound:Replication+1","floor":44},{"not_picked":["Slimebound:Dissolve","Slimebound:GrowthPunch"],"picked":"Slimebound:LevelUp+1","floor":47},{"not_picked":["Slimebound:SplitLeeching+1","Slimebound:Nibble"],"picked":"Slimebound:RainOfGoop+1","floor":49}],"player_experience":368072,"relics_obtained":[{"floor":7,"key":"ReplayTheSpireMod:Shallot"},{"floor":9,"key":"Odd Mushroom"},{"floor":24,"key":"AT_ArchangelStaff"},{"floor":27,"key":"AT_TimeSand"},{"floor":31,"key":"WingedGreaves"},{"floor":35,"key":"Letter Opener"},{"floor":40,"key":"AT_BladeRuinedKing"},{"floor":41,"key":"White Beast Statue"},{"floor":43,"key":"Replay:Baseball"}],"event_choices":[{"damage_healed":0,"gold_gain":0,"player_choice":"Fought Mushrooms","damage_taken":0,"max_hp_gain":0,"max_hp_loss":0,"event_name":"Mushrooms","floor":9,"gold_loss":0}],"is_beta":false,"boss_relics":[{"not_picked":["Busted Crown","Slimebound:AbsorbEndCombatUpgraded"],"picked":"AT_TrinityForce"},{"not_picked":["Replay:Wanted Poster","Coffee Dripper"],"picked":"SlaversCollar"}],"items_purged_floors":[20,36,48],"is_endless":false,"potions_floor_spawned":[9,11,15,23,28,31,32,38,43,44,47,49],"ascension_level":0}}