{"host":"mfnyjbfkyfsz33u9","time":1610157183,"event":{"mods":["2.2 Compatiblity","BaseMod","Colored Powertips","Downfall","Marisa£¨Ùöéë¡¡Øª×âÞÞ£©","Minty Spire (QoL Compilation)","Rare Cards Sparkle","Replay The Spire","StSLib","SuperFastMode","The Cursed"],"gold_per_floor":[112,128,148,148,148,148,163,191,244,261,63,89,89,99,99,202,202,214,232,14,14,14,14,42,69,69,122,145,169,169,190,190,301,301,328,353,444,123,163,163,207,207,288,321,339,355,36,38,38],"floor_reached":48,"playtime":2314,"items_purged":["Strike_G","Normality"],"score":610,"play_id":"eea5b74a-e5f9-4cd2-9d7d-36327fc50e70","local_time":"20210109105303","is_ascension_mode":true,"campfire_choices":[{"data":"Noxious Fumes","floor":6,"key":"SMITH"},{"data":"Underhanded Strike","floor":13,"key":"SMITH"},{"data":"Malaise","floor":23,"key":"SMITH"},{"floor":30,"key":"REST"},{"floor":32,"key":"DIG"},{"floor":40,"key":"REST"},{"data":"After Image","floor":42,"key":"SMITH"}],"circlet_count":0,"master_deck":["Strike_G+1","Strike_G+1","Strike_G+1","Strike_G+1","Defend_G+1","Defend_G+1","Defend_G+1","Defend_G+1","Defend_G+1","Neutralize","Cloak And Dagger+1","Noxious Fumes+1","Backflip","m_Survivalism","PiercingWail","Flying Knee","Tools of the Trade","Underhanded Strike+1","hexamod:Haunted","Malaise+1","ReplayTheSpireMod:Speed Training","Predator","sneckomod:Bewildered","Blur+1","Draining Mist","ReplayTheSpireMod:From All Sides","Dodge and Roll+1","Overencumbered","After Image+1","Hidden Blade+1","Prepared+1","Tactician","Decay","ReplayTheSpireMod:Tripwire+1","Panache"],"relics":["Ring of the Snake","NeowsBlessing","Iron Hammer","Tiny Chest","Replay:Baseball","Du-Vu Doll","Cursed Key","Potion Belt","Replay:Bandana","Bottled Flame","Mercury Hourglass","Replay:Mystery Machine","HoveringKite","Orichalcum","Nunchaku","Orrery","Regal Pillow","Meat on the Bone","Juzu Bracelet","Ancient Tea Set"],"acts_visited":["Exordium","TheCity","TheBeyond"],"potions_floor_usage":[16,24,24,27,44,45,45],"damage_taken":[{"damage":0,"enemies":"Cultist","floor":1,"turns":1},{"damage":0,"enemies":"Jaw Worm","floor":2,"turns":1},{"damage":0,"enemies":"2 Louse","floor":3,"turns":1},{"damage":2,"enemies":"Blue Slaver","floor":7,"turns":5},{"damage":16,"enemies":"Lagavulin","floor":8,"turns":12},{"damage":0,"enemies":"2 Fungi Beasts","floor":10,"turns":5},{"damage":0,"enemies":"Exordium Wildlife","floor":14,"turns":3},{"damage":3,"enemies":"Hexaghost","floor":16,"turns":9},{"damage":12,"enemies":"Chosen","floor":18,"turns":5},{"damage":3,"enemies":"Shell Parasite","floor":19,"turns":7},{"damage":16,"enemies":"Slavers","floor":24,"turns":4},{"damage":11,"enemies":"Cultist and Chosen","floor":25,"turns":7},{"damage":7,"enemies":"Gremlin Leader","floor":27,"turns":6},{"damage":0,"enemies":"Snecko","floor":28,"turns":6},{"damage":1,"enemies":"Snake Plant","floor":29,"turns":3},{"damage":2,"enemies":"Chosen and Byrds","floor":31,"turns":6},{"damage":24,"enemies":"Champ","floor":33,"turns":12},{"damage":30,"enemies":"3 Darklings","floor":35,"turns":5},{"damage":1,"enemies":"3 Shapes","floor":39,"turns":3},{"damage":18,"enemies":"Nemesis","floor":41,"turns":9},{"damage":3,"enemies":"Giant Head","floor":44,"turns":10},{"damage":10,"enemies":"3 Darklings","floor":45,"turns":5},{"damage":19,"enemies":"Writhing Mass","floor":46,"turns":7},{"damage":34,"enemies":"Jaw Worm Horde","floor":48,"turns":2}],"seed_played":"-4375953314310949312","potions_obtained":[{"floor":3,"key":"Block Potion"},{"floor":8,"key":"Poison Potion"},{"floor":16,"key":"Fire Potion"},{"floor":18,"key":"Explosive Potion"},{"floor":25,"key":"LifebloodPotion"},{"floor":28,"key":"Milkshake"},{"floor":33,"key":"BlessingOfTheForge"},{"floor":39,"key":"Death Potion"},{"floor":46,"key":"SpeedPotion"}],"is_trial":false,"path_per_floor":["M","M","M","?","?","R","M","E","T","M","$","T","R","M","R","B",null,"M","M","$","?","?","R","E","M","T","E","M","M","R","M","R","B",null,"M","T","?","$","M","R","E","R","T","E","M","M","$","M"],"character_chosen":"THE_SILENT","items_purchased":["Underhanded Strike","Tiny Chest","Potion Belt","After Image","Orrery","Panache","Ancient Tea Set"],"campfire_rested":2,"item_purchase_floors":[11,11,20,38,38,47,47],"current_hp_per_floor":[70,70,70,70,70,70,68,52,52,52,52,52,52,52,52,49,70,58,55,55,55,55,55,39,28,28,21,21,20,41,39,39,15,70,40,40,40,40,39,60,42,42,42,39,41,34,34,0,0],"gold":38,"neow_bonus":"THREE_ENEMY_KILL","is_daily":false,"chose_seed":false,"campfire_upgraded":4,"win_rate":0.0,"timestamp":1610157183,"path_taken":["M","?","M","?","?","R","M","E","T","M","?","?","R","M","R","BOSS","M","M","$","?","?","R","E","M","T","E","M","M","R","M","R","BOSS","M","?","?","$","M","R","E","R","T","E","M","M","?","M"],"items_purchased_type":["Card","Relic","Relic","Card","Relic","Card","Relic"],"build_version":"2020-12-22","purchased_purges":2,"victory":false,"max_hp_per_floor":[70,70,70,70,70,70,70,70,70,70,70,70,70,70,70,70,70,70,70,70,70,70,70,70,70,70,70,70,70,70,70,70,70,70,70,70,70,70,70,70,70,70,70,70,70,70,70,70,70],"card_choices":[{"not_picked":["Dodge and Roll","Backflip"],"picked":"Cloak And Dagger","floor":1},{"not_picked":["Quick Slash","Outmaneuver"],"picked":"Noxious Fumes","floor":2},{"not_picked":["Cloak And Dagger","Bouncing Flask"],"picked":"Backflip","floor":3},{"not_picked":["Blade Dance","Quick Slash"],"picked":"PiercingWail","floor":7},{"not_picked":["Outmaneuver","ReplayTheSpireMod:Scrap Shanks"],"picked":"Flying Knee","floor":8},{"not_picked":["Sucker Punch","Dodge and Roll"],"picked":"Tools of the Trade","floor":10},{"not_picked":["Backflip","Slice","Leg Sweep"],"picked":"SKIP","floor":14},{"not_picked":["A Thousand Cuts","Atom Bomb"],"picked":"Malaise","floor":16},{"not_picked":["Skewer","Quick Slash+1","Underhanded Strike+1"],"picked":"SKIP","floor":18},{"not_picked":["Deadly Poison","Slice"],"picked":"ReplayTheSpireMod:Speed Training","floor":19},{"not_picked":["All Out Attack","Bouncing Flask","ReplayTheSpireMod:The Works+1"],"picked":"SKIP","floor":24},{"not_picked":["Acrobatics","Cloak And Dagger"],"picked":"Predator","floor":25},{"not_picked":["Blade Dance","Dash"],"picked":"Blur+1","floor":27},{"not_picked":["Backflip+1","Quick Slash"],"picked":"Draining Mist","floor":28},{"not_picked":["Prepared","ReplayTheSpireMod:Tripwire","ReplayTheSpireMod:Shiv Toss"],"picked":"SKIP","floor":29},{"not_picked":["Backstab","Sucker Punch","Flying Knee"],"picked":"SKIP","floor":31},{"not_picked":["Venomology","A Thousand Cuts"],"picked":"ReplayTheSpireMod:From All Sides","floor":33},{"not_picked":["Endless Agony","Blade Dance+1"],"picked":"Dodge and Roll+1","floor":35},{"not_picked":["Envenom","Blade Dance+1"],"picked":"Hidden Blade+1","floor":38},{"not_picked":["Endless Agony+1","Toxin Wave+1"],"picked":"Prepared+1","floor":38},{"not_picked":["Underhanded Strike","Leg Sweep","Night Terror"],"picked":"SKIP","floor":39},{"not_picked":["Calculated Gamble","Cloak And Dagger"],"picked":"Tactician","floor":41},{"not_picked":["Toxin Wave","Flying Knee+1","Prepared+1"],"picked":"SKIP","floor":44},{"not_picked":["Sneak Up","Escape Plan+1","Tactician+1"],"picked":"SKIP","floor":45},{"not_picked":["Predator","ReplayTheSpireMod:The Works"],"picked":"ReplayTheSpireMod:Tripwire+1","floor":46}],"player_experience":29354,"relics_obtained":[{"floor":8,"key":"Iron Hammer"},{"floor":12,"key":"Replay:Baseball"},{"floor":24,"key":"Replay:Bandana"},{"floor":26,"key":"Bottled Flame"},{"floor":27,"key":"Mercury Hourglass"},{"floor":32,"key":"Replay:Mystery Machine"},{"floor":36,"key":"Orichalcum"},{"floor":37,"key":"Nunchaku"},{"floor":41,"key":"Regal Pillow"},{"floor":43,"key":"Meat on the Bone"},{"floor":44,"key":"Juzu Bracelet"}],"event_choices":[{"damage_healed":0,"gold_gain":0,"player_choice":"Grow","damage_taken":0,"max_hp_gain":0,"max_hp_loss":0,"event_name":"Living Wall","floor":5,"gold_loss":0,"cards_upgraded":["Cloak And Dagger"]},{"damage_healed":0,"gold_gain":0,"player_choice":"Simplicity","damage_taken":0,"max_hp_gain":0,"max_hp_loss":0,"event_name":"Back to Basics","floor":21,"gold_loss":0,"cards_upgraded":["Strike_G","Strike_G","Strike_G","Strike_G","Defend_G","Defend_G","Defend_G","Defend_G","Defend_G"]},{"damage_healed":0,"gold_gain":0,"player_choice":"Ignored","damage_taken":0,"max_hp_gain":0,"max_hp_loss":0,"event_name":"Fountain of Cleansing","floor":22,"gold_loss":0}],"is_beta":false,"boss_relics":[{"not_picked":["Velvet Choker","Ring of Chaos"],"picked":"Cursed Key"},{"not_picked":["Kintsugi","ChewingGum"],"picked":"HoveringKite"}],"items_purged_floors":[20,38],"is_endless":false,"potions_floor_spawned":[3,8,16,18,25,28,33,39,46],"killed_by":"Jaw Worm Horde","ascension_level":2}}