{"host":"CKW","time":1610197630,"event":{"mods":["AchievementEnabler","BaseMod","Card Forge","Colored Powertips","Gold Saver","Googly Eyes","Highlight Path","Marisa£¨Ùöéë¡¡Øª×âÞÞ£©","Minty Spire (QoL Compilation)","Quick Restart","Rare Cards Sparkle","Shop Mod","StSLib","SuperFastMode"],"gold_per_floor":[440,24,24,40,40,71,71,85,85,117,98,108,108,123,123,223,223,242,258,173,192,292,322,342,342,342],"floor_reached":25,"playtime":912,"items_purged":["Strike_MRS"],"score":256,"play_id":"c977822d-bcc0-465b-aa57-d7c810d7b00e","local_time":"20210109220710","is_ascension_mode":true,"campfire_choices":[{"data":"FairyDestructionRay","floor":7,"key":"SMITH"},{"data":"StarBarrage","floor":13,"key":"SMITH"},{"data":"EscapeVelocity","floor":15,"key":"SMITH"}],"circlet_count":0,"master_deck":["Strike_MRS","Strike_MRS","Strike_MRS","Defend_MRS+1","Defend_MRS+1","Defend_MRS","Defend_MRS","MasterSpark","UpSweep","CurseOfTheBell","6A+1","FairyDestructionRay+1","StarBarrage+1","EscapeVelocity+1","WitchLeyline","WitchLeyline","SuperNova","WitchLeyline+1"],"relics":["Hammer of Thor","Seething Fire","Anvil of the Gods","Mummified Hand","StoneCalendar","MerchantsRug","Thread and Needle","Meat on the Bone","Gremlin Horn","AmplifyWand","Darkstone Periapt","Philosopher\u0027s Stone","Turnip","Pantograph"],"acts_visited":["Exordium","TheCity"],"potions_floor_usage":[21,21,25],"damage_taken":[{"damage":7.0,"enemies":"Jaw Worm","floor":1.0,"turns":3.0},{"damage":0,"enemies":"2 Louse","floor":4,"turns":2},{"damage":2,"enemies":"3 Sentries","floor":6,"turns":7},{"damage":0,"enemies":"Cultist","floor":8,"turns":3},{"damage":4,"enemies":"Lagavulin","floor":10,"turns":7},{"damage":5,"enemies":"Large Slime","floor":12,"turns":5},{"damage":0,"enemies":"Lots of Slimes","floor":14,"turns":2},{"damage":10,"enemies":"Slime Boss","floor":16,"turns":7},{"damage":1,"enemies":"Chosen","floor":18,"turns":3},{"damage":0,"enemies":"Spheric Guardian","floor":19,"turns":2},{"damage":22,"enemies":"Shelled Parasite and Fungi","floor":21,"turns":4},{"damage":2,"enemies":"Gremlin Leader","floor":23,"turns":5},{"damage":22,"enemies":"Centurion and Healer","floor":24,"turns":5},{"damage":40,"enemies":"Slavers","floor":25,"turns":3}],"seed_played":"3548994200867395570","potions_obtained":[{"floor":6,"key":"Swift Potion"},{"floor":8,"key":"ShroomBrew"},{"floor":10,"key":"Dexterity Potion"},{"floor":14,"key":"ColorlessPotion"},{"floor":16,"key":"AttackPotion"},{"floor":18,"key":"BlessingOfTheForge"}],"is_trial":false,"path_per_floor":["M","$","?","M","?","E","R","M","T","E","$","M","R","M","R","B",null,"M","M","?","M","?","E","M","E"],"character_chosen":"MARISA","items_purchased":["MerchantsRug","Thread and Needle"],"campfire_rested":0,"item_purchase_floors":[2,2],"current_hp_per_floor":[68,68,35,47,47,45,45,45,45,41,41,48,48,48,48,38,75,74,74,74,52,52,50,40,0,0],"gold":342,"neow_bonus":"BOSS_RELIC","is_daily":false,"chose_seed":false,"campfire_upgraded":3,"win_rate":0.0,"timestamp":1610197630,"path_taken":["M","$","?","M","?","E","R","M","T","E","$","?","R","M","R","BOSS","M","M","?","M","?","E","M","E"],"items_purchased_type":["Relic","Relic"],"build_version":"2020-12-18","purchased_purges":1,"victory":false,"max_hp_per_floor":[75,75,75,75,75,75,75,75,75,75,75,75,75,75,75,75,75,75,75,75,75,75,75,75,75,75],"card_choices":[{"not_picked":["GrandCross","DoubleSpark"],"picked":"6A","floor":1.0},{"not_picked":["LuminesStrike","SporeBomb","OneTimeOff"],"picked":"SKIP","floor":4},{"not_picked":["MysteriousBeam","DeepEcoloBomb"],"picked":"FairyDestructionRay","floor":6},{"not_picked":["ShootingEcho","GravityBeat"],"picked":"StarBarrage","floor":8},{"not_picked":["OneTimeOff","DoubleSpark"],"picked":"EscapeVelocity","floor":10},{"not_picked":["GrandCross","MilkyWay"],"picked":"WitchLeyline","floor":12},{"not_picked":["AsteroidBelt","SatelliteIllusion"],"picked":"WitchLeyline","floor":14},{"not_picked":["TreasureHunter","StarDustReverie"],"picked":"SuperNova","floor":16},{"not_picked":["GravityBeat","SporeBomb","GalacticHalo"],"picked":"SKIP","floor":18},{"not_picked":["DC","IllusionStar","WitchOfGreed"],"picked":"SKIP","floor":19},{"not_picked":["MagicChant","Occultation","MaximisePower"],"picked":"SKIP","floor":21},{"not_picked":["DC","SporeBomb"],"picked":"WitchLeyline+1","floor":23},{"not_picked":["MeteoricShower","MagicAbsorber","MysteriousBeam+1"],"picked":"SKIP","floor":24},{"not_picked":["MeteoricShower","MagicAbsorber","MysteriousBeam+1"],"picked":"SKIP","floor":24}],"player_experience":231254,"relics_obtained":[{"floor":0.0,"key":"War Paint"},{"floor":0.0,"key":"Mummified Hand"},{"floor":0.0,"key":"StoneCalendar"},{"floor":6,"key":"Gremlin Horn"},{"floor":9,"key":"AmplifyWand"},{"floor":10,"key":"Darkstone Periapt"},{"floor":23,"key":"Pantograph"}],"event_choices":[{"damage_healed":0,"gold_gain":0,"player_choice":"Success","damage_taken":33,"relics_obtained":["Meat on the Bone"],"max_hp_gain":0,"max_hp_loss":0,"event_name":"Scrap Ooze","floor":3,"gold_loss":0},{"damage_healed":0,"gold_gain":0,"player_choice":"Upgraded","damage_taken":0,"max_hp_gain":0,"max_hp_loss":0,"event_name":"Upgrade Shrine","floor":5,"gold_loss":0,"cards_upgraded":["6A"]},{"damage_healed":0,"gold_gain":0,"player_choice":"Obtained Relic","damage_taken":0,"relics_obtained":["Turnip"],"max_hp_gain":0,"max_hp_loss":0,"event_name":"Addict","floor":20,"gold_loss":85},{"damage_healed":0,"gold_gain":100,"player_choice":"Pray","damage_taken":0,"max_hp_gain":0,"max_hp_loss":0,"event_name":"Golden Shrine","floor":22,"gold_loss":0}],"is_beta":true,"boss_relics":[{"not_picked":["Velvet Choker","Empty Cage"],"picked":"Philosopher\u0027s Stone"}],"items_purged_floors":[11],"is_endless":false,"potions_floor_spawned":[6,8,10,14,16,18,21],"killed_by":"Slavers","ascension_level":2}}