{"host":"3l94tha3a4jgu0q4","time":1610194695,"event":{"mods":["2.2 Compatiblity","AchievementEnabler","BaseMod","Colored Map","Colored Powertips","Highlight Path","Minty Spire (QoL Compilation)","Permanent Neow","StSLib","SuperFastMode"],"gold_per_floor":[115,40,40,55,73,73,90,90,117,146,46,65,65,65],"floor_reached":13,"playtime":241,"items_purged":["Strike_G","Strike_G"],"score":85,"play_id":"beab590f-ceb5-46fb-b5fd-6974393995e9","local_time":"20210109041815","is_ascension_mode":false,"campfire_choices":[{"data":"Cloak And Dagger","floor":6,"key":"SMITH"},{"data":"Neutralize","floor":8,"key":"SMITH"}],"circlet_count":0,"master_deck":["Strike_G","Strike_G","Strike_G","Defend_G+1","Defend_G+1","Defend_G","Defend_G","Defend_G","Survivor","Neutralize+1","Cloak And Dagger+1","Backflip","Blur","Dagger Throw","Footwork","Flying Knee"],"relics":["Sozu","War Paint","Snake Skull"],"acts_visited":["Exordium"],"potions_floor_usage":[],"damage_taken":[{"damage":0,"enemies":"Cultist","floor":1,"turns":5},{"damage":1,"enemies":"Jaw Worm","floor":4,"turns":4},{"damage":0,"enemies":"2 Louse","floor":5,"turns":2},{"damage":3,"enemies":"Lots of Slimes","floor":7,"turns":7},{"damage":13,"enemies":"3 Sentries","floor":10,"turns":12},{"damage":0,"enemies":"2 Fungi Beasts","floor":12,"turns":3},{"damage":54,"enemies":"Gremlin Nob","floor":13,"turns":5}],"seed_played":"-1279555119278051726","potions_obtained":[],"is_trial":false,"path_per_floor":["M","$","?","M","M","R","M","R","T","E","$","M","E"],"character_chosen":"THE_SILENT","items_purchased":[],"campfire_rested":0,"item_purchase_floors":[],"current_hp_per_floor":[70,70,70,69,69,69,66,66,66,53,53,53,0,0],"gold":65,"neow_bonus":"BOSS_RELIC","is_daily":false,"chose_seed":false,"campfire_upgraded":2,"win_rate":0.0,"timestamp":1610194695,"path_taken":["M","$","?","M","M","R","M","R","T","E","?","?","E"],"items_purchased_type":[],"build_version":"2020-12-22","purchased_purges":2,"victory":false,"max_hp_per_floor":[70,70,70,70,70,70,70,70,70,70,70,70,70,70],"card_choices":[{"not_picked":["Poisoned Stab","Bouncing Flask"],"picked":"Cloak And Dagger","floor":1},{"not_picked":["Deflect","Flechettes"],"picked":"Backflip","floor":4},{"not_picked":["All Out Attack","Deadly Poison"],"picked":"Blur","floor":5},{"not_picked":["Bane","Expertise"],"picked":"Dagger Throw","floor":7},{"not_picked":["Infinite Blades","Dodge and Roll"],"picked":"Footwork","floor":10},{"not_picked":["Deadly Poison","Bouncing Flask"],"picked":"Flying Knee","floor":12}],"player_experience":1913007,"relics_obtained":[{"floor":9,"key":"War Paint"},{"floor":10,"key":"Snake Skull"}],"event_choices":[{"damage_healed":0,"gold_gain":0,"player_choice":"Got Potions","damage_taken":0,"max_hp_gain":0,"max_hp_loss":0,"event_name":"Lab","floor":3,"gold_loss":0}],"is_beta":false,"boss_relics":[],"items_purged_floors":[2,11],"is_endless":false,"potions_floor_spawned":[4,7,12],"killed_by":"Gremlin Nob","ascension_level":0}}