{"host":"9ndbo4kgsfoemf7y","time":1610191329,"event":{"mods":["AchievementEnabler","BaseMod","Colored Map","DeckTracker","Keyboard Shortcuts","Minty Spire (QoL Compilation)","Permanent Neow","Quick Restart","Relic Stats","StSLib","SuperFastMode"],"gold_per_floor":[115,290,305,58,73,73,91,103,103,103,144,72,72,112,112,232,232,246,266,284,284,305,305,7,42,67,67,167,183,196,211,211,331,331,346,346,366,387,402,402,402],"floor_reached":40,"playtime":1868,"items_purged":["Doubt"],"score":574,"play_id":"d05ee473-1040-48df-b61b-a8cde6a5f177","local_time":"20210109202209","is_ascension_mode":true,"campfire_choices":[{"data":"White Noise","floor":6.0,"key":"SMITH"},{"floor":13.0,"key":"REST"},{"floor":15.0,"key":"REST"},{"floor":23.0,"key":"REST"},{"floor":27.0,"key":"REST"},{"data":"Seek","floor":32,"key":"SMITH"}],"circlet_count":0,"master_deck":["Zap","Dualcast","Undo","Loop","White Noise+1","Core Surge","Stack","Conserve Battery","Rebound","Reboot","Sweeping Beam","FTL","All For One","All For One","Consume","Scrape","Turbo+1","Gash","Flash of Steel","All For One","Beam Cell+1","FTL","Seek+1","Biased Cognition","Chill","Skim","Reprogram","Cold Snap","Melter","Meteor Strike","Sweeping Beam","Hologram","Go for the Eyes","Streamline","Stack+1"],"relics":["Cracked Core","Cables","Golden Idol","Anchor","Meat on the Bone","Sozu","TheAbacus","Pear","Blood Vial","Pandora\u0027s Box"],"acts_visited":["Exordium","TheCity","TheBeyond"],"potions_floor_usage":[],"damage_taken":[{"damage":2.0,"enemies":"Jaw Worm","floor":1.0,"turns":4.0},{"damage":10.0,"enemies":"2 Louse","floor":3.0,"turns":3.0},{"damage":0.0,"enemies":"Small Slimes","floor":5.0,"turns":3.0},{"damage":5.0,"enemies":"Red Slaver","floor":7.0,"turns":4.0},{"damage":14.0,"enemies":"3 Louse","floor":8.0,"turns":3.0},{"damage":20.0,"enemies":"3 Sentries","floor":11.0,"turns":8.0},{"damage":24.0,"enemies":"Lagavulin","floor":14.0,"turns":4.0},{"damage":17.0,"enemies":"Hexaghost","floor":16.0,"turns":9.0},{"damage":2.0,"enemies":"2 Thieves","floor":18.0,"turns":4.0},{"damage":17.0,"enemies":"3 Byrds","floor":19.0,"turns":5.0},{"damage":25.0,"enemies":"Cultist and Chosen","floor":20.0,"turns":5.0},{"damage":26.0,"enemies":"Shelled Parasite and Fungi","floor":22.0,"turns":6.0},{"damage":27.0,"enemies":"Book of Stabbing","floor":25.0,"turns":5.0},{"damage":13,"enemies":"Sentry and Sphere","floor":29,"turns":4},{"damage":0,"enemies":"Centurion and Healer","floor":30,"turns":4},{"damage":3,"enemies":"Snecko","floor":31,"turns":3},{"damage":41,"enemies":"Champ","floor":33,"turns":8},{"damage":0,"enemies":"Orb Walker","floor":35,"turns":3},{"damage":13,"enemies":"3 Shapes","floor":37,"turns":3},{"damage":9,"enemies":"Jaw Worm Horde","floor":38,"turns":3},{"damage":37,"enemies":"4 Shapes","floor":39,"turns":5},{"damage":25,"enemies":"Reptomancer","floor":40,"turns":4}],"seed_played":"9140923569694376177","potions_obtained":[{"floor":3.0,"key":"Swift Potion"},{"floor":14.0,"key":"CultistPotion"},{"floor":16.0,"key":"Swift Potion"}],"is_trial":false,"path_per_floor":["M","?","M","$","M","R","M","M","T","?","E","$","R","E","R","B",null,"M","M","M","?","M","R","$","E","T","R","?","M","M","M","R","B",null,"M","?","M","M","M","E"],"character_chosen":"DEFECT","items_purchased":["Core Surge","Stack","FTL","Gash","Flash of Steel","TheAbacus"],"campfire_rested":4,"item_purchase_floors":[4,4,12,24,24,24],"current_hp_per_floor":[66,66,56,56,56,56,51,37,37,37,17,17,37,13,33,28,59,57,40,27,27,13,33,33,28,28,51,51,40,42,41,41,14,63,65,58,47,40,17,0,0],"gold":402,"neow_bonus":"TRANSFORM_CARD","is_daily":false,"chose_seed":false,"campfire_upgraded":2,"win_rate":0.0,"timestamp":1610191329,"path_taken":["M","?","M","$","M","R","M","M","T","?","E","?","R","E","R","BOSS","M","M","M","?","M","R","$","E","T","R","?","M","M","?","R","BOSS","M","?","M","?","M","E"],"items_purchased_type":["Card","Card","Card","Card","Card","Relic"],"build_version":"2020-12-22","purchased_purges":1,"victory":false,"max_hp_per_floor":[75,75,75,75,75,75,75,75,75,69,69,69,69,69,69,69,69,69,69,69,69,69,69,69,79,79,79,79,79,79,79,79,79,79,79,79,79,79,79,79,79],"relic_stats":{"Sozu":6,"Blood Vial":18,"TheAbacus":[60],"counters":[22,100],"Golden Idol":109,"Pandora\u0027s Box":["Chill","Skim","Reprogram","Cold Snap","Melter","Meteor Strike","Sweeping Beam"],"obtain_stats":[{"Sozu":17,"Blood Vial":26,"Anchor":11,"TheAbacus":24,"Pear":25,"Golden Idol":10,"Pandora\u0027s Box":34,"Cracked Core":0,"Cables":9,"Meat on the Bone":14},{"Sozu":8,"Blood Vial":13,"Anchor":6,"TheAbacus":12,"Pear":13,"Golden Idol":5,"Pandora\u0027s Box":17,"Cracked Core":0,"Cables":5,"Meat on the Bone":7},{"Sozu":38,"Blood Vial":63,"Anchor":25,"TheAbacus":58,"Pear":63,"Golden Idol":17,"Pandora\u0027s Box":82,"Cracked Core":0,"Cables":17,"Meat on the Bone":29}],"Cables":[68,57,11,0,0],"Meat on the Bone":72},"card_choices":[{"not_picked":["Stack","Conserve Battery"],"picked":"Loop","floor":1.0},{"not_picked":["Coolheaded","Sunder"],"picked":"White Noise","floor":3.0},{"not_picked":["Scrape","Rebound"],"picked":"Conserve Battery","floor":5.0},{"not_picked":["Fusion","Leap"],"picked":"Rebound","floor":7.0},{"not_picked":["Skim","White Noise"],"picked":"Reboot","floor":8.0},{"not_picked":["Cold Snap","Reprogram"],"picked":"Sweeping Beam","floor":11.0},{"not_picked":["Gash","BootSequence"],"picked":"All For One","floor":14.0},{"not_picked":["Reboot","Fission"],"picked":"All For One","floor":16.0},{"not_picked":["Steam+1","Barrage"],"picked":"Consume","floor":18.0},{"not_picked":["Rebound","Barrage"],"picked":"Scrape","floor":19.0},{"not_picked":["Force Field","Chill+1"],"picked":"Turbo+1","floor":20.0},{"not_picked":["Doom and Gloom+1","Stack","Coolheaded+1"],"picked":"SKIP","floor":22.0},{"not_picked":["Stack+1","Steam Power"],"picked":"All For One","floor":25.0},{"not_picked":["Conserve Battery","Self Repair"],"picked":"Beam Cell+1","floor":29},{"not_picked":["Barrage+1","White Noise+1"],"picked":"FTL","floor":30},{"not_picked":["Doom and Gloom","Sweeping Beam"],"picked":"Seek","floor":31},{"not_picked":["Thunder Strike","Rainbow"],"picked":"Biased Cognition","floor":33},{"not_picked":["Conserve Battery+1","Chill"],"picked":"Hologram","floor":35},{"not_picked":["Steam","Steam Power+1"],"picked":"Go for the Eyes","floor":37},{"not_picked":["Hologram","Leap"],"picked":"Streamline","floor":38},{"not_picked":["Defragment","Go for the Eyes"],"picked":"Stack+1","floor":39}],"player_experience":797665,"relics_obtained":[{"floor":9.0,"key":"Cables"},{"floor":11.0,"key":"Anchor"},{"floor":14.0,"key":"Meat on the Bone"},{"floor":25.0,"key":"Pear"},{"floor":26.0,"key":"Blood Vial"}],"event_choices":[{"damage_healed":0.0,"max_hp_gain":0.0,"max_hp_loss":0.0,"gold_gain":175.0,"event_name":"Liars Game","player_choice":"AGREE","floor":2.0,"gold_loss":0.0,"damage_taken":0.0,"cards_obtained":["Doubt"]},{"damage_healed":0.0,"max_hp_gain":0.0,"max_hp_loss":6.0,"gold_gain":0.0,"event_name":"Golden Idol","player_choice":"Lose Max HP","floor":10.0,"gold_loss":0.0,"damage_taken":0.0,"relics_obtained":["Golden Idol"]},{"damage_healed":0.0,"max_hp_gain":0.0,"max_hp_loss":0.0,"gold_gain":0.0,"event_name":"Ghosts","player_choice":"Ignored","floor":21.0,"gold_loss":0.0,"damage_taken":0.0},{"damage_healed":0.0,"max_hp_gain":0.0,"max_hp_loss":0.0,"gold_gain":100.0,"event_name":"Golden Shrine","player_choice":"Pray","floor":28.0,"gold_loss":0.0,"damage_taken":0.0},{"damage_healed":0,"gold_gain":0,"player_choice":"Damaged","damage_taken":7,"max_hp_gain":0,"max_hp_loss":0,"event_name":"Wheel of Change","floor":36,"gold_loss":0}],"is_beta":false,"boss_relics":[{"not_picked":["Tiny House","Runic Dome"],"picked":"Sozu"},{"not_picked":["Calling Bell","Empty Cage"],"picked":"Pandora\u0027s Box"}],"items_purged_floors":[4],"is_endless":false,"potions_floor_spawned":[3,14,16,18,22,31,33,37,38],"killed_by":"Reptomancer","ascension_level":6}}