{"host":"p7j7o00jacnw7qzt","time":1610170255,"event":{"mods":["BaseMod","Colored Map","Colored Powertips","DeckTracker","Highlight Path","Minty Spire (QoL Compilation)","Relic Stats"],"gold_per_floor":[113,123,138,138,138,138,176,101,101,121,196,231,231,255,255,351,351,365,365,411,4,20,20,44,84,84,127,127,127,27,50,50,149,149,162,162,186,202,252,252,287,300,300,315,354,375,419,443,443,443,443,443,443,22,57,57],"floor_reached":57,"playtime":3217,"items_purged":["Strike_R","Strike_R","Bash"],"score":3134,"play_id":"43628e9e-028c-4ce1-9931-baa352fe5099","local_time":"20210109003055","is_ascension_mode":true,"campfire_choices":[{"data":"Carnage","floor":6.0,"key":"SMITH"},{"data":"Shockwave","floor":13.0,"key":"SMITH"},{"data":"Feel No Pain","floor":15.0,"key":"SMITH"},{"data":"Corruption","floor":23.0,"key":"SMITH"},{"floor":32.0,"key":"RECALL"},{"data":"Dark Embrace","floor":40.0,"key":"SMITH"},{"data":"Dark Embrace","floor":49.0,"key":"SMITH"},{"data":"Body Slam","floor":53.0,"key":"SMITH"}],"circlet_count":0,"master_deck":["AscendersBane","Strike_R","Defend_R","Defend_R","Defend_R","Defend_R","Reaper","Carnage+1","Shockwave+1","Sword Boomerang","Corruption+1","Feel No Pain+1","Reaper","Body Slam+1","Regret","Shockwave+1","Second Wind","Dark Embrace+1","Clumsy","True Grit","Dark Embrace+1","Disarm","Corruption","Shrug It Off+1","Entrench","Shrug It Off","Armaments","Shockwave+1","Warcry+1"],"relics":["Burning Blood","Golden Idol","Gremlin Horn","Toy Ornithopter","Oddly Smooth Stone","Cursed Key","Dead Branch","MealTicket","Self Forming Clay","Pocketwatch","Enchiridion","SacredBark","Darkstone Periapt","Shuriken","Ancient Tea Set","TheAbacus","Pear"],"acts_visited":["Exordium","TheCity","TheBeyond","TheEnding"],"potions_floor_usage":[],"damage_taken":[{"damage":7.0,"enemies":"Small Slimes","floor":1.0,"turns":4.0},{"damage":4.0,"enemies":"Jaw Worm","floor":2.0,"turns":4.0},{"damage":9.0,"enemies":"2 Louse","floor":3.0,"turns":4.0},{"damage":0.0,"enemies":"Gremlin Nob","floor":7.0,"turns":2.0},{"damage":11.0,"enemies":"Blue Slaver","floor":10.0,"turns":3.0},{"damage":30.0,"enemies":"Lagavulin","floor":12.0,"turns":4.0},{"damage":26.0,"enemies":"Large Slime","floor":14.0,"turns":7.0},{"damage":20.0,"enemies":"Slime Boss","floor":16.0,"turns":12.0},{"damage":6.0,"enemies":"Chosen","floor":18.0,"turns":6.0},{"damage":21.0,"enemies":"2 Thieves","floor":22.0,"turns":4.0},{"damage":3.0,"enemies":"Chosen and Byrds","floor":24.0,"turns":6.0},{"damage":7.0,"enemies":"Slavers","floor":25.0,"turns":3.0},{"damage":34.0,"enemies":"Book of Stabbing","floor":27.0,"turns":5.0},{"damage":12.0,"enemies":"3 Cultists","floor":31.0,"turns":3.0},{"damage":15.0,"enemies":"Collector","floor":33.0,"turns":4.0},{"damage":8.0,"enemies":"3 Shapes","floor":35.0,"turns":4.0},{"damage":8.0,"enemies":"Orb Walker","floor":37.0,"turns":2.0},{"damage":12.0,"enemies":"4 Shapes","floor":38.0,"turns":3.0},{"damage":59.0,"enemies":"Reptomancer","floor":41.0,"turns":3.0},{"damage":0.0,"enemies":"Spire Growth","floor":42.0,"turns":4.0},{"damage":0.0,"enemies":"Writhing Mass","floor":44.0,"turns":4.0},{"damage":0.0,"enemies":"Giant Head","floor":45.0,"turns":2.0},{"damage":54.0,"enemies":"Transient","floor":46.0,"turns":6.0},{"damage":3.0,"enemies":"Reptomancer","floor":47.0,"turns":3.0},{"damage":0.0,"enemies":"Maw","floor":48.0,"turns":4.0},{"damage":24.0,"enemies":"Time Eater","floor":50.0,"turns":9.0},{"damage":11.0,"enemies":"Donu and Deca","floor":51.0,"turns":4.0},{"damage":8,"enemies":"Shield and Spear","floor":55,"turns":2},{"damage":25,"enemies":"The Heart","floor":56,"turns":7}],"seed_played":"8319447674635727132","potions_obtained":[{"floor":1.0,"key":"SteroidPotion"},{"floor":2.0,"key":"Explosive Potion"},{"floor":10.0,"key":"BlessingOfTheForge"},{"floor":22.0,"key":"LiquidBronze"},{"floor":31.0,"key":"Swift Potion"},{"floor":33.0,"key":"DistilledChaos"},{"floor":38.0,"key":"Block Potion"},{"floor":46.0,"key":"ColorlessPotion"}],"is_trial":false,"path_per_floor":["M","M","M","?","?","R","E","?","T","M","?","E","R","M","R","B",null,"M","?","T","$","M","R","M","E","T","E","?","?","$","M","R","B",null,"M","?","M","M","?","R","E","M","T","M","E","M","E","M","R","B","B",null,"R","$","E","B",null],"character_chosen":"IRONCLAD","items_purchased":["Dead Branch","TheAbacus","GamblersBrew","Energy Potion"],"campfire_rested":0,"item_purchase_floors":[21,54,54,54],"current_hp_per_floor":[57,59,60,53,53,53,59,59,59,57,46,33,33,23,23,14,55,59,59,59,59,59,59,68,68,68,46,25,25,40,68,68,68,68,66,62,60,62,62,62,9,27,27,37,61,25,43,60,60,68,63,67,67,68,76,57],"gold":57,"neow_bonus":"THREE_RARE_CARDS","is_daily":false,"chose_seed":false,"campfire_upgraded":7,"win_rate":0.0,"timestamp":1610170255,"path_taken":["M","M","M","?","?","R","E","?","T","M","?","E","R","?","R","BOSS","M","?","?","$","M","R","?","E","T","E","?","?","?","M","R","BOSS","M","?","?","M","?","R","E","?","T","M","E","M","E","M","R","BOSS","BOSS","R","$","E","BOSS"],"items_purchased_type":["Relic","Relic","Potion","Potion"],"build_version":"2020-12-22","purchased_purges":3,"victory":true,"max_hp_per_floor":[75,75,75,75,68,68,68,68,68,68,68,68,68,68,68,68,68,68,68,68,68,68,68,68,68,68,68,68,68,68,68,68,68,68,68,68,68,68,68,68,68,68,68,68,68,68,68,68,68,68,68,68,68,68,78,78],"relic_stats":{"Darkstone Periapt":0,"Gremlin Horn":[24,25],"counters":[29,128],"Golden Idol":212,"Self Forming Clay":[96],"Dead Branch":[522],"Cursed Key":2,"Burning Blood":155,"TheAbacus":[18],"Shuriken":[16],"MealTicket":16,"obtain_stats":[{"Darkstone Periapt":41,"Pear":55,"Gremlin Horn":7,"Golden Idol":5,"Self Forming Clay":26,"Dead Branch":21,"SacredBark":34,"Oddly Smooth Stone":12,"Enchiridion":28,"Cursed Key":17,"Ancient Tea Set":47,"Burning Blood":0,"TheAbacus":54,"Shuriken":45,"MealTicket":25,"Toy Ornithopter":9,"Pocketwatch":27},{"Darkstone Periapt":19,"Pear":28,"Gremlin Horn":4,"Golden Idol":3,"Self Forming Clay":12,"Dead Branch":9,"SacredBark":15,"Oddly Smooth Stone":6,"Enchiridion":13,"Cursed Key":8,"Ancient Tea Set":24,"Burning Blood":0,"TheAbacus":27,"Shuriken":22,"MealTicket":12,"Toy Ornithopter":4,"Pocketwatch":13},{"Darkstone Periapt":83,"Pear":121,"Gremlin Horn":14,"Golden Idol":12,"Self Forming Clay":59,"Dead Branch":46,"SacredBark":71,"Oddly Smooth Stone":21,"Enchiridion":64,"Cursed Key":40,"Ancient Tea Set":102,"Burning Blood":0,"TheAbacus":119,"Shuriken":93,"MealTicket":59,"Toy Ornithopter":14,"Pocketwatch":64}],"Toy Ornithopter":25,"Pocketwatch":[18]},"card_choices":[{"not_picked":["Immolate","Brutality"],"picked":"Reaper","floor":0.0},{"not_picked":["Uppercut","Rage"],"picked":"Carnage","floor":1.0},{"not_picked":["Anger","Sentinel"],"picked":"Shockwave","floor":2.0},{"not_picked":["Anger","Combust"],"picked":"Sword Boomerang","floor":3.0},{"not_picked":["Clash","Twin Strike","Armaments"],"picked":"SKIP","floor":7.0},{"not_picked":["Sentinel","Iron Wave"],"picked":"Corruption","floor":10.0},{"not_picked":["Blood for Blood","Clothesline","Clash"],"picked":"SKIP","floor":12.0},{"not_picked":["Heavy Blade","True Grit"],"picked":"Feel No Pain","floor":14.0},{"not_picked":["Berserk","Exhume"],"picked":"Reaper","floor":16.0},{"not_picked":["Havoc","Wild Strike"],"picked":"Body Slam","floor":18.0},{"not_picked":["Intimidate","Battle Trance"],"picked":"Shockwave+1","floor":22.0},{"not_picked":["Anger","Headbutt"],"picked":"Second Wind","floor":24.0},{"not_picked":["Thunderclap","Entrench"],"picked":"Dark Embrace","floor":25.0},{"not_picked":["Heavy Blade","Body Slam+1"],"picked":"True Grit","floor":27.0},{"not_picked":["Heavy Blade","Sword Boomerang"],"picked":"Disarm","floor":31.0},{"not_picked":["Brutality","Demon Form"],"picked":"Corruption","floor":33.0},{"not_picked":["Clothesline+1","Twin Strike+1","Anger+1"],"picked":"SKIP","floor":35.0},{"not_picked":["Thunderclap","Armaments"],"picked":"Shrug It Off+1","floor":37.0},{"not_picked":["Spot Weakness","Sever Soul","Corruption"],"picked":"SKIP","floor":38.0},{"not_picked":["Spot Weakness","Sever Soul","Corruption"],"picked":"SKIP","floor":38.0},{"not_picked":["Pommel Strike","Wild Strike","Anger"],"picked":"SKIP","floor":41.0},{"not_picked":["Carnage","Clothesline"],"picked":"Entrench","floor":42.0},{"not_picked":["Warcry","Demon Form"],"picked":"Shrug It Off","floor":44.0},{"not_picked":["Fire Breathing","Clash"],"picked":"Armaments","floor":45.0},{"not_picked":["Body Slam+1","Reckless Charge","Cleave"],"picked":"SKIP","floor":46.0},{"not_picked":["Body Slam+1","Reckless Charge","Cleave"],"picked":"SKIP","floor":46.0},{"not_picked":["Uppercut","Sword Boomerang","Body Slam"],"picked":"SKIP","floor":47.0},{"not_picked":["Hemokinesis+1","Flame Barrier"],"picked":"Shockwave+1","floor":48.0},{"not_picked":["Shockwave","Havoc"],"picked":"Warcry+1","floor":55}],"player_experience":1017431,"relics_obtained":[{"floor":7.0,"key":"Gremlin Horn"},{"floor":9.0,"key":"Toy Ornithopter"},{"floor":12.0,"key":"Oddly Smooth Stone"},{"floor":25.0,"key":"MealTicket"},{"floor":26.0,"key":"Self Forming Clay"},{"floor":27.0,"key":"Pocketwatch"},{"floor":28.0,"key":"Enchiridion"},{"floor":41.0,"key":"Darkstone Periapt"},{"floor":45.0,"key":"Shuriken"},{"floor":47.0,"key":"Ancient Tea Set"},{"floor":55,"key":"Pear"}],"event_choices":[{"cards_removed":["Strike_R"],"damage_healed":0.0,"max_hp_gain":0.0,"max_hp_loss":0.0,"gold_gain":0.0,"event_name":"Golden Wing","player_choice":"Card Removal","floor":4.0,"gold_loss":0.0,"damage_taken":7.0},{"damage_healed":0.0,"max_hp_gain":0.0,"max_hp_loss":7.0,"gold_gain":0.0,"event_name":"Golden Idol","player_choice":"Lose Max HP","floor":5.0,"gold_loss":0.0,"damage_taken":0.0,"relics_obtained":["Golden Idol"]},{"cards_removed":["Strike_R"],"damage_healed":0.0,"max_hp_gain":0.0,"max_hp_loss":0.0,"gold_gain":0.0,"event_name":"The Cleric","player_choice":"Card Removal","floor":8.0,"gold_loss":75.0,"damage_taken":0.0},{"damage_healed":0.0,"max_hp_gain":0.0,"max_hp_loss":0.0,"gold_gain":75.0,"event_name":"World of Goop","player_choice":"Gather Gold","floor":11.0,"gold_loss":0.0,"damage_taken":11.0},{"damage_healed":0.0,"max_hp_gain":0.0,"max_hp_loss":0.0,"gold_gain":0.0,"event_name":"Vampires","player_choice":"Ignored","floor":19.0,"gold_loss":0.0,"damage_taken":0.0},{"damage_healed":0.0,"max_hp_gain":0.0,"max_hp_loss":0.0,"gold_gain":0.0,"event_name":"Cursed Tome","player_choice":"Obtained Book","floor":28.0,"gold_loss":0.0,"damage_taken":21.0},{"damage_healed":0.0,"max_hp_gain":0.0,"max_hp_loss":0.0,"gold_gain":0.0,"event_name":"The Library","player_choice":"Read","floor":29.0,"gold_loss":0.0,"damage_taken":0.0,"cards_obtained":["Dark Embrace"]},{"damage_healed":0.0,"max_hp_gain":0.0,"max_hp_loss":0.0,"gold_gain":0.0,"event_name":"The Woman in Blue","player_choice":"Bought 0 Potions","floor":36.0,"gold_loss":0.0,"damage_taken":0.0},{"damage_healed":0.0,"max_hp_gain":0.0,"max_hp_loss":0.0,"gold_gain":50.0,"event_name":"Golden Shrine","player_choice":"Pray","floor":39.0,"gold_loss":0.0,"damage_taken":0.0}],"is_beta":false,"boss_relics":[{"not_picked":["Snecko Eye","Velvet Choker"],"picked":"Cursed Key"},{"not_picked":["Runic Dome","Runic Cube"],"picked":"SacredBark"}],"items_purged_floors":[21,30,54],"is_endless":false,"potions_floor_spawned":[1,2,3,10,22,31,33,38,41,45,46,47],"ascension_level":20}}