{"host":"aadxjbenhue3vj4l","time":1610165965,"event":{"mods":["AchievementEnabler","Aspiration","BaseMod","Best Route Mod","BetterRewards","Block Reminder","Challenge The Spire","Colored Map","Conspire","Energized Spire","GifTheSpireLib","Gold Saver","Hubris","Infinite Spire","Minty Spire (QoL Compilation)","Rare Cards Sparkle","Replay The Spire","Shop Mod","StSLib","Stuff the Spire","Synergy Search","The IronCluck","Transform Curses"],"gold_per_floor":[109,127,227,246,263,263,288,288,336,367,9,46,80,32,32,141,141,172,190,226,226,226,270,270,298,371,420,420,448,448,457,457,601,601,671,750,750,792,801,894,894,953,953,953,962,962,471,542,542,492,492],"floor_reached":50,"playtime":5567,"items_purged":["Replay:Hysterical Blindness","StuffTheSpire:CuriosityCurse"],"score":598,"play_id":"31534385-9a6f-4d88-b6db-904209e25ea1","local_time":"20210108231925","is_ascension_mode":false,"campfire_choices":[{"floor":6,"key":"RECALL"},{"floor":8,"key":"REST"},{"floor":15,"key":"REST"},{"floor":24,"key":"REST"},{"floor":30,"key":"REST"},{"data":"infinitespire:Oblivion","floor":32,"key":"SMITH"},{"floor":41,"key":"REST"},{"data":"Transmutation","floor":44,"key":"SMITH"},{"floor":49,"key":"REST"}],"circlet_count":0,"master_deck":["Strike_B+1","Strike_B+1","Strike_B+1","Strike_B+1","Defend_B+1","Defend_B+1","Defend_B+1","Defend_B+1","Zap","Dualcast","Stack","Barrage","Ball Lightning","All For One","Conserve Battery","Beam Cell","hubris:Ukulele","Beam Cell","Beam Cell","Barrage","Transmutation+1","Lockon","Streamline","FIFO Queue","Sunder","Self Repair+1","Amplify","Coolheaded","White Noise","infinitespire:Fortify","infinitespire:Oblivion+1","Redo+1","Chaos","Leap","Darkness+1","Fusion","Barrage+1","StuffTheSpire:Plugnplay+1","Loop+1","Tempest","Shame","hubris:SpecializedCircuitry","StuffTheSpire:Coldhearted","Hologram+1","BasicCrystalCard+1","ReplayGash","Chill+1","Discovery","FIFO Queue+1","conspire:Rain+1","Sweeping Beam","hubris:DoWhile+1","Loop","Rebound","Stack+1"],"relics":["Cracked Core","Prayer Wheel","Bird Faced Urn","MerchantsRug","CeramicFish","hubris:HollowSoul","aspiration:SneckoTail","infinitespire:CheckeredPen","infinitespire:WardingShard","aspiration:RitualStick","infinitespire:EvilPickle","hubris:ScarierMask","hubris:Icosahedron","Prayer Wheel","infinitespire:FocusingShard","Juzu Bracelet","StuffTheSpire:Tea","Blue Doll","Replay:Accelerometer","conspire:IceCreamScoop"],"acts_visited":["Exordium","TheCity","TheBeyond"],"potions_floor_usage":[],"damage_taken":[{"damage":8,"enemies":"Cultist","floor":1,"turns":6},{"damage":0,"enemies":"2 Louse","floor":2,"turns":1},{"damage":4,"enemies":"Jaw Worm","floor":4,"turns":3},{"damage":0,"enemies":"Large Slime","floor":5,"turns":4},{"damage":5,"enemies":"Replay:BlueRogue","floor":7,"turns":5},{"damage":4,"enemies":"Gremlin Nob","floor":10,"turns":3},{"damage":10,"enemies":"Looter","floor":12,"turns":2},{"damage":11,"enemies":"Exordium Wildlife","floor":13,"turns":4},{"damage":40,"enemies":"Hexaghost","floor":16,"turns":8},{"damage":23,"enemies":"2 Thieves","floor":18,"turns":4},{"damage":33,"enemies":"conspire:FuzzyDice","floor":20,"turns":6},{"damage":43,"enemies":"Nightmare","floor":23,"turns":9},{"damage":6,"enemies":"Snecko","floor":25,"turns":3},{"damage":28,"enemies":"Centurion and Healer","floor":27,"turns":6},{"damage":10,"enemies":"Chosen and Byrds","floor":29,"turns":5},{"damage":58,"enemies":"Pondfish","floor":33,"turns":10},{"damage":23,"enemies":"3 Shapes","floor":35,"turns":4},{"damage":24,"enemies":"Orb Walker","floor":36,"turns":3},{"damage":54,"enemies":"conspire:MimicChest","floor":38,"turns":9},{"damage":48,"enemies":"Nemesis","floor":40,"turns":5},{"damage":0,"enemies":"Mind Bloom Boss Battle","floor":42,"turns":7},{"damage":50,"enemies":"4 Shapes","floor":48,"turns":4},{"damage":91,"enemies":"conspire:OrnateMirror","floor":50,"turns":5}],"seed_played":"8141326402984742968","potions_obtained":[{"floor":1,"key":"EssenceOfSteel"},{"floor":4,"key":"BlessingOfTheForge"},{"floor":7,"key":"Strength Potion"},{"floor":25,"key":"FocusPotion"},{"floor":27,"key":"Fire Potion"},{"floor":29,"key":"Elixir"},{"floor":38,"key":"Toxic Potion"}],"is_trial":false,"path_per_floor":["M","M","?","M","M","R","E","R","T","E","$","M","M","$","R","B",null,"M","AVR","M","?","?","NM","R","M","T","M","?","M","R","?","R","B",null,"M","M","?","?","?","E","R","?","T","R","?","T","$","M","R","B"],"character_chosen":"DEFECT","items_purchased":["MerchantsRug","CeramicFish","Transmutation","Self Repair+1","conspire:IceCreamScoop","Sweeping Beam","hubris:DoWhile+1"],"campfire_rested":6,"item_purchase_floors":[11,11,11,14,47,47,47],"current_hp_per_floor":[67,67,67,63,63,63,58,75,75,78,78,68,57,57,81,55,82,71,71,58,58,58,51,75,71,71,59,43,45,69,69,69,17,82,61,57,57,19,19,20,44,62,62,62,62,62,62,28,52,0,0],"gold":492,"neow_bonus":"ONE_RARE_RELIC","is_daily":false,"chose_seed":false,"campfire_upgraded":2,"win_rate":0.0,"timestamp":1610165965,"path_taken":["M","?","?","?","M","R","E","R","T","E","$","M","M","?","R","BOSS","M","AVR","M","?","?","NM","R","?","T","M","?","M","R","?","R","BOSS","M","M","?","?","?","E","R","?","T","R","?","?","?","M","R","BOSS"],"items_purchased_type":["Relic","Relic","Card","Card","Relic","Card","Card"],"build_version":"2020-12-22","purchased_purges":2,"victory":false,"max_hp_per_floor":[75,75,75,75,75,75,75,75,75,82,82,82,82,82,82,82,82,82,82,82,82,82,82,82,82,82,82,82,82,82,82,82,82,82,82,82,82,82,82,82,82,82,82,82,82,82,82,82,82,82,82],"card_choices":[{"not_picked":["hubris:Prefetch","Meteor Strike"],"picked":"ReplayTheSpireMod:Fabricate Wheel","floor":0},{"not_picked":["StuffTheSpire:NuclearReactor","Skim"],"picked":"Stack","floor":1},{"not_picked":["Gash","Stack"],"picked":"Barrage","floor":1},{"not_picked":["Chill","Redo"],"picked":"Ball Lightning","floor":2},{"not_picked":["Redo","ReplayGash"],"picked":"All For One","floor":2},{"not_picked":["Force Field","Stack"],"picked":"Conserve Battery","floor":4},{"not_picked":["Panic Button","StuffTheSpire:LoadUp"],"picked":"Beam Cell","floor":4},{"not_picked":["Beam Cell","Cold Snap"],"picked":"hubris:Ukulele","floor":5},{"not_picked":["Core Surge","ReplayTheSpireMod:GoodbyeWorld"],"picked":"Beam Cell","floor":5},{"not_picked":["Compile Driver","Recycle"],"picked":"Beam Cell","floor":7},{"not_picked":["ReplaySolidLightProjector","Panic Button"],"picked":"Barrage","floor":10},{"not_picked":["StuffTheSpire:Plugnplay","ReplaySolidLightProjector"],"picked":"Lockon","floor":12},{"not_picked":["ReplaySort","Amplify"],"picked":"Streamline","floor":12},{"not_picked":["Leap","Gash"],"picked":"FIFO Queue","floor":13},{"not_picked":["Stack","Coolheaded"],"picked":"Sunder","floor":13},{"not_picked":["Reboot","hubris:Prefetch"],"picked":"Amplify","floor":16},{"not_picked":["Gash","Panic Button+1"],"picked":"Coolheaded","floor":18},{"not_picked":["Steam+1","Auto Shields+1"],"picked":"White Noise","floor":18},{"not_picked":["ReplayGash","Steam"],"picked":"Redo+1","floor":20},{"not_picked":["Go for the Eyes+1","Panic Button"],"picked":"Chaos","floor":20},{"not_picked":["StuffTheSpire:CleanHardDrive","hubris:DoWhile"],"picked":"Leap","floor":23},{"not_picked":["Panic Button","StuffTheSpire:LoadUp"],"picked":"Darkness+1","floor":25},{"not_picked":["Compile Driver","Rebound+1"],"picked":"Fusion","floor":25},{"not_picked":["Melter+1","Gash"],"picked":"Barrage+1","floor":27},{"not_picked":["Gash","Sweeping Beam"],"picked":"StuffTheSpire:Plugnplay+1","floor":27},{"not_picked":["FTL","Compile Driver"],"picked":"Loop+1","floor":29},{"not_picked":["ReplayTheSpireMod:Reroute Power","Coolheaded"],"picked":"Tempest","floor":29},{"not_picked":["Machine Learning","Fission"],"picked":"hubris:SpecializedCircuitry","floor":33},{"not_picked":["StuffTheSpire:Plugnplay","StuffTheSpire:ShieldGenerator+1"],"picked":"StuffTheSpire:Coldhearted","floor":35},{"not_picked":["StuffTheSpire:CleanHardDrive","StuffTheSpire:LoadUp"],"picked":"Hologram+1","floor":35},{"not_picked":["Redo","FIFO Queue+1"],"picked":"BasicCrystalCard+1","floor":36},{"not_picked":["StuffTheSpire:Purify","hubris:PowerSurge+1"],"picked":"ReplayGash","floor":36},{"not_picked":["hubris:Ukulele+1","Gash+1"],"picked":"Chill+1","floor":38},{"not_picked":["Good Instincts","Deep Breath"],"picked":"Discovery","floor":39},{"not_picked":["ReplaySort","Streamline"],"picked":"FIFO Queue+1","floor":40},{"not_picked":["Beam Cell+1","Sweeping Beam+1"],"picked":"conspire:Rain+1","floor":42},{"not_picked":["Coolheaded+1","Turbo"],"picked":"Loop","floor":48},{"not_picked":["StuffTheSpire:Rend+1","Gash"],"picked":"Rebound","floor":48},{"not_picked":["Scrape+1","hubris:Ukulele+1"],"picked":"Stack+1","floor":48}],"player_experience":22889,"relics_obtained":[{"floor":7,"key":"Bird Faced Urn"},{"floor":10,"key":"Strawberry"},{"floor":23,"key":"infinitespire:CheckeredPen"},{"floor":26,"key":"infinitespire:WardingShard"},{"floor":38,"key":"infinitespire:FocusingShard"},{"floor":40,"key":"Juzu Bracelet"},{"floor":43,"key":"StuffTheSpire:Tea"},{"floor":46,"key":"Replay:Accelerometer"}],"event_choices":[{"damage_healed":0,"gold_gain":100,"player_choice":"Pray","damage_taken":0,"max_hp_gain":0,"max_hp_loss":0,"event_name":"Golden Shrine","floor":3,"gold_loss":0},{"damage_healed":0,"gold_gain":0,"player_choice":"Simplicity","damage_taken":0,"max_hp_gain":0,"max_hp_loss":0,"event_name":"Back to Basics","floor":21,"gold_loss":0,"cards_upgraded":["Strike_B","Strike_B","Strike_B","Strike_B","Defend_B","Defend_B","Defend_B","Defend_B"]},{"damage_healed":0,"gold_gain":0,"player_choice":"Ignored","damage_taken":0,"max_hp_gain":0,"max_hp_loss":0,"event_name":"Vampires","floor":22,"gold_loss":0},{"damage_healed":0,"gold_gain":0,"player_choice":"Memory 1","damage_taken":0,"max_hp_gain":0,"max_hp_loss":0,"event_name":"SensoryStone","floor":39,"gold_loss":0},{"damage_healed":0,"gold_gain":0,"player_choice":"Fight","damage_taken":0,"max_hp_gain":0,"max_hp_loss":0,"event_name":"MindBloom","floor":42,"gold_loss":0}],"is_beta":false,"boss_relics":[{"not_picked":["StuffTheSpire:RunicConfusion","energizedSpire:CursedPentagram"],"picked":"hubris:HollowSoul"},{"not_picked":["Honey Jar","aspiration:RunicSpoon"],"picked":"hubris:ScarierMask"}],"items_purged_floors":[11,47],"is_endless":true,"potions_floor_spawned":[1,4,7,25,27,29,38,48],"killed_by":"conspire:OrnateMirror","ascension_level":0}}