{"host":"sav7uxregyirlf69","time":1610178514,"event":{"mods":["AchievementEnabler","BaseMod","Colored Map","DeckTracker","Keyboard Shortcuts","Minty Spire (QoL Compilation)","READ ME - Guardian Mod","StSLib","SuperFastMode"],"gold_per_floor":[215,215,231,58,58,91,91,91,91,91,105,117,141,155,155,230,230,242,252,252,112,162,162,162,181,255,265,140,140,140,150,150,222,222,242,542,64,83,101,134,134,134,134,134,166,116,116,130,130,130,130],"floor_reached":50,"playtime":1145,"items_purged":["Strike_G","Strike_G","Parasite","Strike_G"],"score":1021,"play_id":"27c9cbb7-1f00-4eb8-a71e-4ffb0ae16f55","local_time":"20210109164834","is_ascension_mode":true,"campfire_choices":[{"data":"Cloak And Dagger","floor":7,"key":"SMITH"},{"data":"Neutralize","floor":10,"key":"SMITH"},{"floor":15,"key":"REST"},{"data":"Terror","floor":23,"key":"SMITH"},{"data":"Accuracy","floor":29,"key":"SMITH"},{"data":"Finisher","floor":32,"key":"SMITH"},{"data":"Adrenaline","floor":41,"key":"SMITH"},{"data":"Blade Dance","floor":47,"key":"SMITH"},{"floor":49,"key":"RECALL"}],"circlet_count":0,"master_deck":["AscendersBane","Strike_G","Defend_G","Defend_G","Defend_G","Defend_G","Defend_G","Survivor","Neutralize+1","Accuracy+1","Blade Dance+1","Cloak And Dagger+1","Finisher+1","Blade Dance","Blur","After Image","Terror+1","Footwork","PiercingWail","Adrenaline+1","Prepared","Dagger Throw+1","Cloak And Dagger+1","Acrobatics"],"relics":["Ring of the Snake","Pocketwatch","Paper Crane","Regal Pillow","Cursed Key","HoveringKite","Gambling Chip","Kunai","Dream Catcher"],"acts_visited":["Exordium","TheCity","TheBeyond"],"potions_floor_usage":[14,33,33,39,40,50],"damage_taken":[{"damage":0,"enemies":"2 Louse","floor":1,"turns":2},{"damage":13,"enemies":"Small Slimes","floor":3,"turns":4},{"damage":24,"enemies":"Lagavulin","floor":6,"turns":7},{"damage":1,"enemies":"Jaw Worm","floor":11,"turns":2},{"damage":0,"enemies":"Looter","floor":12,"turns":1},{"damage":0,"enemies":"Gremlin Gang","floor":14,"turns":2},{"damage":8,"enemies":"The Guardian","floor":16,"turns":13},{"damage":1,"enemies":"3 Byrds","floor":18,"turns":7},{"damage":0,"enemies":"Chosen","floor":19,"turns":5},{"damage":14,"enemies":"Snecko","floor":25,"turns":5},{"damage":19,"enemies":"Snake Plant","floor":27,"turns":6},{"damage":0,"enemies":"Centurion and Healer","floor":31,"turns":6},{"damage":4,"enemies":"Champ","floor":33,"turns":10},{"damage":0,"enemies":"3 Shapes","floor":35,"turns":7},{"damage":12,"enemies":"3 Darklings","floor":38,"turns":5},{"damage":0,"enemies":"4 Shapes","floor":39,"turns":4},{"damage":11,"enemies":"Nemesis","floor":40,"turns":5},{"damage":2,"enemies":"Reptomancer","floor":45,"turns":9},{"damage":0,"enemies":"Jaw Worm Horde","floor":48,"turns":3},{"damage":36,"enemies":"Awakened One","floor":50,"turns":9}],"seed_played":"-4508280086056678912","potions_obtained":[{"floor":1,"key":"Energy Potion"},{"floor":11,"key":"SteroidPotion"},{"floor":14,"key":"GhostInAJar"},{"floor":27,"key":"SteroidPotion"},{"floor":33,"key":"AttackPotion"},{"floor":38,"key":"LiquidMemories"},{"floor":39,"key":"Fire Potion"},{"floor":45,"key":"FearPotion"}],"is_trial":false,"path_per_floor":["M","?","M","$","?","E","R","$","T","R","M","M","T","M","R","B",null,"M","M","?","$","?","R","?","M","T","M","$","R","$","M","R","B",null,"M","?","$","M","M","E","R","?","T","?","E","$","R","M","R","B"],"character_chosen":"THE_SILENT","items_purchased":["Cloak And Dagger","Finisher","Terror","Gambling Chip","Acrobatics"],"campfire_rested":1,"item_purchase_floors":[4,4,21,37,46],"current_hp_per_floor":[59,59,46,46,51,27,27,27,27,27,26,26,26,26,62,54,67,66,66,66,66,66,66,66,52,52,33,33,33,33,33,33,29,58,58,58,58,46,46,35,35,35,35,35,33,33,33,33,33,0,0],"gold":130,"neow_bonus":"HUNDRED_GOLD","is_daily":false,"chose_seed":false,"campfire_upgraded":7,"win_rate":0.0,"timestamp":1610178514,"path_taken":["M","?","M","$","?","E","R","?","T","R","M","M","?","M","R","BOSS","M","?","?","$","?","R","?","?","T","M","$","R","?","M","R","BOSS","M","?","$","?","?","E","R","?","T","?","E","$","R","M","R","BOSS"],"items_purchased_type":["Card","Card","Card","Relic","Card"],"build_version":"2020-12-22","purchased_purges":4,"victory":false,"max_hp_per_floor":[66,66,66,66,71,71,71,71,71,71,71,71,71,71,71,71,71,71,71,71,71,71,71,71,71,71,71,68,68,68,68,68,68,68,68,68,68,68,68,68,68,68,68,65,65,65,65,65,65,65,65],"card_choices":[{"not_picked":["Caltrops","Slice","Outmaneuver"],"picked":"SKIP","floor":1},{"not_picked":["Cloak And Dagger","Prepared"],"picked":"Blade Dance","floor":3},{"not_picked":["Doppelganger","Flying Knee","Underhanded Strike"],"picked":"SKIP","floor":6},{"not_picked":["Deadly Poison","Backstab"],"picked":"Blade Dance","floor":11},{"not_picked":["Bane","Choke","Outmaneuver"],"picked":"SKIP","floor":12},{"not_picked":["Sucker Punch","Reflex"],"picked":"Blur","floor":14},{"not_picked":["Glass Knife","Night Terror"],"picked":"After Image","floor":16},{"not_picked":["Infinite Blades","Underhanded Strike","Bane"],"picked":"SKIP","floor":18},{"not_picked":["Dagger Spray","Flying Knee","Blade Dance"],"picked":"SKIP","floor":19},{"not_picked":["Sucker Punch","Skewer","Deadly Poison"],"picked":"SKIP","floor":25},{"not_picked":["Grand Finale","Acrobatics"],"picked":"PiercingWail","floor":27},{"not_picked":["Dodge and Roll","Terror","Heel Hook"],"picked":"SKIP","floor":31},{"not_picked":["Malaise","A Thousand Cuts"],"picked":"Adrenaline","floor":33},{"not_picked":["Flechettes","Blur"],"picked":"Prepared","floor":35},{"not_picked":["Prepared","Eviscerate"],"picked":"Dagger Throw+1","floor":38},{"not_picked":["Cloak And Dagger","Deadly Poison","Poisoned Stab"],"picked":"SKIP","floor":39},{"not_picked":["Choke","Predator","All Out Attack"],"picked":"SKIP","floor":40},{"not_picked":["Backflip+1","Dodge and Roll"],"picked":"Cloak And Dagger+1","floor":45},{"not_picked":["Dodge and Roll","Poisoned Stab","Footwork"],"picked":"SKIP","floor":48}],"player_experience":1210560,"relics_obtained":[{"floor":6,"key":"Pocketwatch"},{"floor":9,"key":"Paper Crane"},{"floor":13,"key":"Regal Pillow"},{"floor":40,"key":"Kunai"},{"floor":45,"key":"Dream Catcher"}],"event_choices":[{"damage_healed":0,"gold_gain":0,"cards_transformed":["Strike_G"],"player_choice":"Change","damage_taken":0,"max_hp_gain":0,"max_hp_loss":0,"event_name":"Living Wall","floor":2,"gold_loss":0,"cards_obtained":["Accuracy"]},{"damage_healed":0,"gold_gain":0,"player_choice":"Donut","damage_taken":0,"max_hp_gain":5,"max_hp_loss":0,"event_name":"Big Fish","floor":5,"gold_loss":0},{"damage_healed":0,"gold_gain":0,"player_choice":"Ignored","damage_taken":0,"max_hp_gain":0,"max_hp_loss":0,"event_name":"Cursed Tome","floor":20,"gold_loss":0},{"damage_healed":0,"gold_gain":50,"player_choice":"Stole From Cult","damage_taken":0,"max_hp_gain":0,"max_hp_loss":0,"event_name":"Nest","floor":22,"gold_loss":0},{"damage_healed":0,"gold_gain":0,"player_choice":"Read","damage_taken":0,"max_hp_gain":0,"max_hp_loss":0,"event_name":"The Library","floor":24,"gold_loss":0,"cards_obtained":["Footwork"]},{"damage_healed":0,"gold_gain":300,"player_choice":"Gold","damage_taken":0,"max_hp_gain":0,"max_hp_loss":0,"event_name":"Wheel of Change","floor":36,"gold_loss":0},{"damage_healed":0,"gold_gain":0,"player_choice":"Ignored","damage_taken":0,"max_hp_gain":0,"max_hp_loss":0,"event_name":"Tomb of Lord Red Mask","floor":42,"gold_loss":0},{"damage_healed":0,"gold_gain":0,"player_choice":"Max HP","damage_taken":0,"max_hp_gain":0,"max_hp_loss":3,"event_name":"Winding Halls","floor":44,"gold_loss":0}],"is_beta":false,"boss_relics":[{"not_picked":["Ring of the Serpent","Tiny House"],"picked":"Cursed Key"},{"not_picked":["Runic Dome","Velvet Choker"],"picked":"HoveringKite"}],"items_purged_floors":[4,21,28,37],"is_endless":false,"potions_floor_spawned":[1,11,12,14,27,33,38,39,45,48],"killed_by":"Awakened One","ascension_level":20}}