{"host":"gj3450u0c4def4mj","time":1610157444,"event":{"mods":["2.2 Compatiblity","Act Like it!","BaseMod","Gensokyo","Minty Spire (QoL Compilation)","Permanent Neow","Reimu??????","StSLib"],"gold_per_floor":[109,109,55,66,44,69,69,96,96,111,143,162,179,195,195,298,298,312,325,336,167,167,167],"floor_reached":22,"playtime":1999,"items_purged":["ManaGlint:ReiMu"],"score":380,"play_id":"0fc3e3be-5ac1-47a2-8cc6-5cebec49ad8a","local_time":"20210108205724","is_ascension_mode":true,"campfire_choices":[{"data":"SafetyPray:ReiMu","floor":7.0,"key":"SMITH"},{"floor":15.0,"key":"REST"}],"circlet_count":0,"master_deck":["AscendersBane","NB:ReiMu","Stagnation:ReiMu","Mountainwind:ReiMu+1","AirStrike:ReiMu","SafetyPray:ReiMu+1","AirStrike:ReiMu","Amulet:ReiMu","Intuition:ReiMu","SafetyPray:ReiMu","UpKicking:ReiMu","Intuition:ReiMu","PrepareRite:ReiMu","Determination:ReiMu","CollectionFlower2:ReiMu","Intuition:ReiMu","UniversalSpiritual:ReiMu","InherentArray:ReiMu","SpreadBorder2:ReiMu","DependentForm:ReiMu","TakeOff:ReiMu","WonderfulDomain:ReiMu","Amulet:ReiMu","AirStrike:ReiMu","Intuition:ReiMu"],"relics":["FlyPower:ReiMu","NeowsBlessing","Ornamental Fan","Omamori","Bottled Flame","InkBottle","Pandora\u0027s Box"],"acts_visited":["Gensokyo:Gensokyo","Gensokyo:Gensokyoer"],"potions_floor_usage":[],"damage_taken":[{"damage":0.0,"enemies":"Gensokyo:Gryphon","floor":1.0,"turns":1.0},{"damage":0.0,"enemies":"Gensokyo:2_Kodama","floor":4.0,"turns":1.0},{"damage":0.0,"enemies":"Gensokyo:Aya","floor":6.0,"turns":1.0},{"damage":30.0,"enemies":"Gensokyo:Mamizou","floor":8.0,"turns":13.0},{"damage":0.0,"enemies":"Gensokyo:3_Fairies","floor":10.0,"turns":4.0},{"damage":12.0,"enemies":"Gensokyo:Aya","floor":11.0,"turns":7.0},{"damage":0.0,"enemies":"Gensokyo:LivingMonolith","floor":12.0,"turns":3.0},{"damage":9.0,"enemies":"Gensokyo:5_Fairies","floor":13.0,"turns":8.0},{"damage":0.0,"enemies":"Gensokyo:2_Rabbits","floor":14.0,"turns":4.0},{"damage":10.0,"enemies":"Gensokyo:Reimu","floor":16.0,"turns":18.0},{"damage":8,"enemies":"Gensokyo:Chomper","floor":18,"turns":7},{"damage":9,"enemies":"Gensokyo:CosmicMonolith","floor":19,"turns":9},{"damage":33,"enemies":"Gensokyo:3_Gloops","floor":20,"turns":7},{"damage":5,"enemies":"Gensokyo:Slime_Group","floor":22,"turns":1}],"seed_played":"-6541569372121999545","potions_obtained":[{"floor":1.0,"key":"SpeedPotion"},{"floor":4.0,"key":"Ancient Potion"}],"is_trial":false,"path_per_floor":["M","?","$","M","$","E","R","E","T","M","E","M","M","M","R","B",null,"M","M","M","$","M"],"character_chosen":"REIMU","items_purchased":["AirStrike:ReiMu","AirStrike:ReiMu","AirStrike:ReiMu","Intuition:ReiMu"],"campfire_rested":1,"item_purchase_floors":[3,5,21,21],"current_hp_per_floor":[59,59,59,59,59,59,59,29,29,29,17,17,8,8,27,17,53,45,36,3,3,0,0],"gold":167,"neow_bonus":"THREE_ENEMY_KILL","is_daily":false,"chose_seed":false,"campfire_upgraded":1,"win_rate":0.0,"timestamp":1610157444,"path_taken":["M","?","?","?","$","E","R","E","T","M","E","M","?","M","R","BOSS","M","M","M","$","M"],"items_purchased_type":["Card","Card","Card","Card"],"build_version":"2020-12-22","purchased_purges":1,"victory":false,"max_hp_per_floor":[65,65,65,65,65,65,65,65,65,65,65,65,65,65,65,65,65,65,65,65,65,65,65],"card_choices":[{"not_picked":["WonderfulDomain:ReiMu","SubAcupoint:ReiMu"],"picked":"Mountainwind:ReiMu","floor":1.0},{"not_picked":["BarrageOfMoneybags:ReiMu","YinYangSign:ReiMu"],"picked":"SafetyPray:ReiMu","floor":4.0},{"not_picked":["EmergencyTakeOff:ReiMu","ForcedLanding:ReiMu","Enchanting:ReiMu"],"picked":"SKIP","floor":6.0},{"not_picked":["SpreadBorder2:ReiMu","CleanRite:ReiMu","Amulet:ReiMu"],"picked":"SKIP","floor":8.0},{"not_picked":["SpreadBorder2:ReiMu","CleanRite:ReiMu"],"picked":"Amulet:ReiMu","floor":8.0},{"not_picked":["FoulBorder2:ReiMu","SubcavityInstant:ReiMu"],"picked":"Intuition:ReiMu","floor":10.0},{"not_picked":["MikOfLucky:ReiMu","Authority:ReiMu"],"picked":"SafetyPray:ReiMu","floor":11.0},{"not_picked":["SpreadBorder2:ReiMu","MikOfLucky:ReiMu"],"picked":"UpKicking:ReiMu","floor":12.0},{"not_picked":["TightArray:ReiMu","YinYangSign:ReiMu"],"picked":"Intuition:ReiMu","floor":13.0},{"not_picked":["SpiritualOutbreak2:ReiMu","AirStrike:ReiMu"],"picked":"PrepareRite:ReiMu","floor":14.0},{"not_picked":["CardOfSanctity:ReiMu","Shading:ReiMu"],"picked":"Determination:ReiMu","floor":16.0},{"not_picked":["SpiritualOutbreak2:ReiMu","Intuition:ReiMu+1"],"picked":"WonderfulDomain:ReiMu","floor":18},{"not_picked":["TightArray:ReiMu+1","SubcavityInstant:ReiMu"],"picked":"Amulet:ReiMu","floor":19},{"not_picked":["Conquer:ReiMu","ShadowOfCrow2:ReiMu","KamiSacrifice:ReiMu"],"picked":"SKIP","floor":20}],"player_experience":85372,"relics_obtained":[{"floor":6.0,"key":"Ornamental Fan"},{"floor":8.0,"key":"Omamori"},{"floor":9.0,"key":"Bottled Flame"},{"floor":11.0,"key":"InkBottle"}],"event_choices":[],"is_beta":false,"boss_relics":[{"not_picked":["SacredBark","Sozu"],"picked":"Pandora\u0027s Box"}],"items_purged_floors":[21],"is_endless":false,"potions_floor_spawned":[1,4,10,11,16,18,19],"killed_by":"Gensokyo:Slime_Group","ascension_level":12}}