{"host":"pgqkv8mh62pnrbci","time":1610198246,"event":{"mods":["2.2 Compatiblity","AchievementEnabler","BaseMod","Custom Start","DeckTracker","Minty Spire (QoL Compilation)","StSLib","SuperFastMode"],"gold_per_floor":[119,119,44,44,64,92,92,124,124,141,168,183,203,220,220,297,297,314,170,6,26,42,42,42,42,67,77,2,2,21,38,38,38,38],"floor_reached":33,"playtime":956,"items_purged":["Defend_P"],"score":573,"play_id":"746710b9-9d4c-4d55-b875-1f3a3dce86ed","local_time":"20210109221726","is_ascension_mode":true,"campfire_choices":[{"data":"Eruption","floor":7.0,"key":"SMITH"},{"data":"Adaptation","floor":15.0,"key":"SMITH"},{"data":"Vault","floor":23.0,"key":"SMITH"},{"data":"MentalFortress","floor":25.0,"key":"SMITH"},{"data":"EmptyMind","floor":32,"key":"SMITH"}],"circlet_count":0,"master_deck":["AscendersBane","Strike_P","Strike_P","Defend_P","Defend_P","Eruption+1","Vigilance","InnerPeace","Evaluate","Brilliance","Adaptation+1","Vault+1","MentalFortress+1","DevaForm","EmptyMind+1"],"relics":["PureWater","NeowsBlessing","Torii","Bag of Preparation","HornCleat","WingedGreaves","Philosopher\u0027s Stone","Meat on the Bone","Orichalcum"],"acts_visited":["Exordium","TheCity"],"potions_floor_usage":[],"damage_taken":[{"damage":0.0,"enemies":"2 Louse","floor":1.0,"turns":1.0},{"damage":0.0,"enemies":"Small Slimes","floor":5.0,"turns":1.0},{"damage":0.0,"enemies":"Gremlin Nob","floor":6.0,"turns":1.0},{"damage":14.0,"enemies":"3 Sentries","floor":8.0,"turns":9.0},{"damage":0.0,"enemies":"Jaw Worm","floor":10.0,"turns":2.0},{"damage":29.0,"enemies":"Gremlin Nob","floor":11.0,"turns":4.0},{"damage":0.0,"enemies":"2 Fungi Beasts","floor":12.0,"turns":2.0},{"damage":0.0,"enemies":"Red Slaver","floor":13.0,"turns":2.0},{"damage":2.0,"enemies":"Gremlin Gang","floor":14.0,"turns":3.0},{"damage":8.0,"enemies":"Slime Boss","floor":16.0,"turns":7.0},{"damage":21.0,"enemies":"3 Byrds","floor":18.0,"turns":7.0},{"damage":16.0,"enemies":"Chosen","floor":21.0,"turns":6.0},{"damage":10.0,"enemies":"Snake Plant","floor":22.0,"turns":3.0},{"damage":13.0,"enemies":"Cultist and Chosen","floor":27.0,"turns":7.0},{"damage":1.0,"enemies":"Centurion and Healer","floor":30.0,"turns":6.0},{"damage":19,"enemies":"Shelled Parasite and Fungi","floor":31,"turns":5},{"damage":40,"enemies":"Champ","floor":33,"turns":4}],"seed_played":"4980706491992192479","potions_obtained":[{"floor":1.0,"key":"PowerPotion"},{"floor":5.0,"key":"BlessingOfTheForge"},{"floor":6.0,"key":"CultistPotion"},{"floor":12.0,"key":"Strength Potion"},{"floor":14.0,"key":"Fire Potion"},{"floor":21.0,"key":"EntropicBrew"},{"floor":30.0,"key":"SpeedPotion"}],"is_trial":false,"path_per_floor":["M","?","?","?","M","E","R","E","T","M","E","M","M","M","R","B",null,"M","?","$","M","M","R","$","R","T","M","?","?","M","M","R","B"],"character_chosen":"WATCHER","items_purchased":["MentalFortress"],"campfire_rested":0,"item_purchase_floors":[20],"current_hp_per_floor":[61,61,61,61,61,61,61,47,47,47,18,18,18,16,16,8,53,32,32,32,28,30,30,30,30,30,29,29,29,40,33,33,0,0],"gold":38,"neow_bonus":"THREE_ENEMY_KILL","is_daily":false,"chose_seed":false,"campfire_upgraded":5,"win_rate":0.0,"timestamp":1610198246,"path_taken":["M","?","?","?","M","E","R","E","T","M","E","?","M","M","R","BOSS","M","?","$","M","?","R","?","R","T","?","?","?","M","M","R","BOSS"],"items_purchased_type":["Card"],"build_version":"2020-12-22","purchased_purges":1,"victory":false,"max_hp_per_floor":[68,68,68,68,68,68,68,68,68,68,68,68,68,68,68,68,68,68,68,68,68,68,68,68,68,68,68,68,68,68,68,68,68,68],"card_choices":[{"not_picked":["Evaluate","CutThroughFate"],"picked":"InnerPeace","floor":1.0},{"not_picked":["Protect","Indignation","PathToVictory"],"picked":"SKIP","floor":5.0},{"not_picked":["CutThroughFate","FollowUp"],"picked":"Brilliance","floor":6.0},{"not_picked":["Evaluate","FlurryOfBlows","Vengeance"],"picked":"SKIP","floor":8.0},{"not_picked":["Meditate","EmptyFist"],"picked":"Adaptation","floor":10.0},{"not_picked":["SignatureMove","BowlingBash","ClearTheMind"],"picked":"SKIP","floor":11.0},{"not_picked":["Vengeance","SashWhip","CutThroughFate"],"picked":"SKIP","floor":12.0},{"not_picked":["WreathOfFlame","CutThroughFate","Crescendo"],"picked":"SKIP","floor":13.0},{"not_picked":["ClearTheMind","Nirvana","Alpha"],"picked":"SKIP","floor":14.0},{"not_picked":["Devotion","DevaForm"],"picked":"Vault","floor":16.0},{"not_picked":["Consecrate","Evaluate","Prostrate"],"picked":"SKIP","floor":18.0},{"not_picked":["Vengeance","CutThroughFate","FlurryOfBlows"],"picked":"SKIP","floor":21.0},{"not_picked":["Crescendo","CutThroughFate","WheelKick"],"picked":"SKIP","floor":22.0},{"not_picked":["Crescendo","CutThroughFate","WheelKick"],"picked":"SKIP","floor":22.0},{"not_picked":["Protect","CutThroughFate"],"picked":"DevaForm","floor":27.0},{"not_picked":["ThirdEye","BattleHymn"],"picked":"EmptyMind","floor":30.0},{"not_picked":["PathToVictory","ThirdEye+1","Consecrate+1"],"picked":"SKIP","floor":31}],"player_experience":605873,"relics_obtained":[{"floor":6.0,"key":"Torii"},{"floor":8.0,"key":"Bag of Preparation"},{"floor":9.0,"key":"HornCleat"},{"floor":11.0,"key":"WingedGreaves"},{"floor":26.0,"key":"Orichalcum"}],"event_choices":[{"damage_healed":0.0,"max_hp_gain":0.0,"max_hp_loss":0.0,"gold_gain":0.0,"event_name":"Liars Game","player_choice":"Ignored","floor":2.0,"gold_loss":0.0,"damage_taken":0.0},{"cards_removed":["Strike_P"],"damage_healed":0.0,"max_hp_gain":0.0,"max_hp_loss":0.0,"gold_gain":0.0,"event_name":"The Cleric","player_choice":"Card Removal","floor":3.0,"gold_loss":75.0,"damage_taken":0.0},{"damage_healed":0.0,"max_hp_gain":0.0,"max_hp_loss":0.0,"gold_gain":0.0,"cards_transformed":["Strike_P"],"event_name":"Living Wall","player_choice":"Change","floor":4.0,"gold_loss":0.0,"damage_taken":0.0,"cards_obtained":["Evaluate"]},{"damage_healed":0.0,"max_hp_gain":0.0,"max_hp_loss":0.0,"gold_gain":0.0,"event_name":"WeMeetAgain","player_choice":"Paid Gold","floor":19.0,"gold_loss":144.0,"damage_taken":0.0,"relics_obtained":["Meat on the Bone"]},{"cards_removed":["Defend_P"],"damage_healed":0.0,"max_hp_gain":0.0,"max_hp_loss":0.0,"gold_gain":0.0,"event_name":"Beggar","player_choice":"Gave Gold","floor":28.0,"gold_loss":75.0,"damage_taken":0.0},{"damage_healed":0.0,"max_hp_gain":0.0,"max_hp_loss":0.0,"gold_gain":0.0,"event_name":"Vampires","player_choice":"Ignored","floor":29.0,"gold_loss":0.0,"damage_taken":0.0}],"is_beta":false,"boss_relics":[{"not_picked":["Ectoplasm","Coffee Dripper"],"picked":"Philosopher\u0027s Stone"}],"items_purged_floors":[20],"is_endless":false,"potions_floor_spawned":[1,5,6,12,14,21,30],"killed_by":"Champ","ascension_level":19}}