{"host":"jpzdg3po3tjxdjri","time":1610228256,"event":{"mods":["BaseMod","Better Third Choice","Colored Map","Colored Powertips","Minty Spire (QoL Compilation)","StSLib"],"gold_per_floor":[109,126,126,126,73,111,111,149,149,114,114,133,133,153,153,251,251,272,272,58,81,97,97,140,23,48,48,48,92,117,135,135,231,294,312,336,351,98,98,98],"floor_reached":39,"playtime":1210,"items_purged":[],"score":754,"play_id":"e37282d7-2509-41e9-af03-de4cf8dcdf70","local_time":"20210109213736","is_ascension_mode":true,"campfire_choices":[{"data":"Armaments","floor":7,"key":"SMITH"},{"data":"Flex","floor":11,"key":"SMITH"},{"data":"Battle Trance","floor":15,"key":"SMITH"},{"data":"Barricade","floor":23,"key":"SMITH"},{"floor":28,"key":"REST"},{"data":"Limit Break","floor":32,"key":"SMITH"}],"circlet_count":0,"master_deck":["AscendersBane","Strike_R+1","Strike_R+1","Strike_R+1","Strike_R+1","Strike_R+1","Defend_R+1","Defend_R+1","Defend_R+1","Defend_R+1","Bash","Perfected Strike+1","Cleave","Armaments+1","Shrug It Off+1","Flex+1","Pommel Strike","Battle Trance+1","Double Tap","Pommel Strike","Barricade+1","Pommel Strike","Pommel Strike","Limit Break+1","Rampage","Headbutt","Iron Wave","Shrug It Off","Sentinel+1","Immolate","Twin Strike","Dual Wield","Fire Breathing"],"relics":["Burning Blood","Omamori","Golden Idol","Kunai","StrikeDummy","Ornamental Fan","Cursed Key","Thread and Needle","Unceasing Top","Pen Nib","Akabeko","Tiny House","Pear"],"acts_visited":["Exordium","TheCity","TheBeyond"],"potions_floor_usage":[16,24,37],"damage_taken":[{"damage":6,"enemies":"Cultist","floor":1,"turns":3},{"damage":3,"enemies":"2 Louse","floor":2,"turns":3},{"damage":25,"enemies":"Lagavulin","floor":6,"turns":6},{"damage":41,"enemies":"Gremlin Nob","floor":8,"turns":5},{"damage":0,"enemies":"Small Slimes","floor":12,"turns":2},{"damage":0,"enemies":"Looter","floor":14,"turns":2},{"damage":35,"enemies":"Hexaghost","floor":16,"turns":9},{"damage":12,"enemies":"2 Thieves","floor":18,"turns":3},{"damage":8,"enemies":"Chosen","floor":21,"turns":4},{"damage":10,"enemies":"Snake Plant","floor":22,"turns":3},{"damage":25,"enemies":"Gremlin Leader","floor":24,"turns":7},{"damage":24,"enemies":"Slavers","floor":29,"turns":3},{"damage":0,"enemies":"Snecko","floor":30,"turns":3},{"damage":0,"enemies":"Shelled Parasite and Fungi","floor":31,"turns":1},{"damage":2,"enemies":"Champ","floor":33,"turns":16},{"damage":8,"enemies":"Orb Walker","floor":35,"turns":3},{"damage":4,"enemies":"3 Shapes","floor":36,"turns":1},{"damage":61,"enemies":"Spire Growth","floor":37,"turns":7},{"damage":45,"enemies":"Transient","floor":39,"turns":5}],"seed_played":"1582831384880168582","potions_obtained":[{"floor":2,"key":"Strength Potion"},{"floor":8,"key":"Dexterity Potion"},{"floor":18,"key":"DistilledChaos"},{"floor":22,"key":"SmokeBomb"},{"floor":29,"key":"Strength Potion"}],"is_trial":false,"path_per_floor":["M","M","?","?","$","E","R","E","T","?","R","M","?","M","R","B",null,"M","?","$","M","M","R","E","$","T","?","R","E","M","M","R","B",null,"M","M","M","$","M"],"character_chosen":"IRONCLAD","items_purchased":["Armaments","Pommel Strike","Barricade","Rampage","Headbutt","Pear"],"campfire_rested":1,"item_purchase_floors":[5,20,20,25,25,38],"current_hp_per_floor":[68,71,71,71,71,52,52,17,17,35,35,41,41,47,47,18,61,55,55,55,53,49,49,30,30,30,30,52,34,40,46,46,50,74,72,74,19,29,0,0],"gold":98,"neow_bonus":"RANDOM_COMMON_RELIC","is_daily":false,"chose_seed":false,"campfire_upgraded":5,"win_rate":0.0,"timestamp":1610228256,"path_taken":["M","?","?","?","$","E","R","E","T","?","R","M","?","M","R","BOSS","M","?","$","M","M","R","E","?","T","?","R","E","M","?","R","BOSS","M","M","M","$","?"],"items_purchased_type":["Card","Card","Card","Card","Card","Relic"],"build_version":"2020-12-22","purchased_purges":0,"victory":false,"max_hp_per_floor":[75,75,75,75,75,75,75,75,75,75,75,75,75,75,75,75,75,75,75,75,75,75,75,75,75,75,75,75,75,75,75,75,75,80,80,80,80,90,90,90],"card_choices":[{"not_picked":["True Grit","Armaments"],"picked":"Perfected Strike","floor":1},{"not_picked":["Anger","Shockwave"],"picked":"Cleave","floor":2},{"not_picked":["Reckless Charge","Combust"],"picked":"Shrug It Off","floor":6},{"not_picked":["Cleave","Clash"],"picked":"Flex","floor":8},{"not_picked":["Warcry","Cleave"],"picked":"Pommel Strike","floor":12},{"not_picked":["Armaments","Searing Blow"],"picked":"Battle Trance","floor":14},{"not_picked":["Exhume","Feed"],"picked":"Double Tap","floor":16},{"not_picked":["Clash","Burning Pact+1","Armaments"],"picked":"SKIP","floor":18},{"not_picked":["Flex","Shrug It Off+1"],"picked":"Pommel Strike","floor":21},{"not_picked":["Anger","Heavy Blade"],"picked":"Pommel Strike","floor":22},{"not_picked":["Intimidate","Clash+1"],"picked":"Limit Break","floor":24},{"not_picked":["Havoc+1","Anger"],"picked":"Iron Wave","floor":29},{"not_picked":["Armaments","Wild Strike"],"picked":"Shrug It Off","floor":30},{"not_picked":["Rupture","Flex"],"picked":"Sentinel+1","floor":31},{"not_picked":["Corruption","Fiend Fire"],"picked":"Immolate","floor":33},{"not_picked":["Armaments","True Grit"],"picked":"Twin Strike","floor":34},{"not_picked":["Thunderclap","Blood for Blood"],"picked":"Dual Wield","floor":35},{"not_picked":["Sword Boomerang","Anger+1"],"picked":"Fire Breathing","floor":36},{"not_picked":["Seeing Red","Havoc","Armaments"],"picked":"SKIP","floor":37}],"player_experience":827996,"relics_obtained":[{"floor":6,"key":"Kunai"},{"floor":8,"key":"StrikeDummy"},{"floor":9,"key":"Ornamental Fan"},{"floor":24,"key":"Unceasing Top"},{"floor":26,"key":"Pen Nib"},{"floor":29,"key":"Akabeko"}],"event_choices":[{"damage_healed":0,"gold_gain":0,"player_choice":"Grow","damage_taken":0,"max_hp_gain":0,"max_hp_loss":0,"event_name":"Living Wall","floor":3,"gold_loss":0,"cards_upgraded":["Perfected Strike"]},{"damage_healed":0,"gold_gain":0,"player_choice":"Take Wound","damage_taken":0,"relics_obtained":["Golden Idol"],"max_hp_gain":0,"max_hp_loss":0,"event_name":"Golden Idol","floor":4,"gold_loss":0,"cards_obtained":["Injury"]},{"damage_healed":18,"gold_gain":0,"player_choice":"Healed","damage_taken":0,"max_hp_gain":0,"max_hp_loss":0,"event_name":"The Cleric","floor":10,"gold_loss":35},{"damage_healed":0,"gold_gain":0,"player_choice":"Bought 0 Potions","damage_taken":0,"max_hp_gain":0,"max_hp_loss":0,"event_name":"The Woman in Blue","floor":13,"gold_loss":0},{"damage_healed":0,"gold_gain":0,"player_choice":"Gave Potion","damage_taken":0,"relics_obtained":["Thread and Needle"],"max_hp_gain":0,"max_hp_loss":0,"event_name":"WeMeetAgain","floor":19,"gold_loss":0},{"damage_healed":0,"gold_gain":0,"player_choice":"Simplicity","damage_taken":0,"max_hp_gain":0,"max_hp_loss":9,"event_name":"betterThird:BetterWriting","floor":27,"gold_loss":0}],"is_beta":false,"boss_relics":[{"not_picked":["Black Star","SacredBark"],"picked":"Cursed Key"},{"not_picked":["Mark of Pain","Fusion Hammer"],"picked":"Tiny House"}],"items_purged_floors":[],"is_endless":false,"potions_floor_spawned":[2,8,12,18,22,29,30,35,36],"killed_by":"Transient","ascension_level":14}}