{"host":"qfrmffs8rw9cf08l","time":1610183112,"event":{"mods":["AchievementEnabler","BaseMod","Better Match","Better Note","Better Sensory Stone","Better Skull","Better Third Choice","BetterRewards","MarisaÅiñ∂âJÅ@ñÇóùçπÅj","Minty Spire (QoL Compilation)","Permanent Neow","Quick Restart","Relic Filter","StSLib"],"gold_per_floor":[110,124,199,179,193,193,212,242,265,282,282,81,111,124,124,223,223,236,236,236,46,57,57,90,108,108,118,118,131,131,141,141,244,244,256,306,321,371,395,395,429,429,500,518,518,518,533,0,0,0],"floor_reached":51,"playtime":9714,"items_purged":["Writhe"],"score":672,"play_id":"17860033-0492-4125-b907-0cce52b35fce","local_time":"20210109170512","is_ascension_mode":false,"campfire_choices":[{"data":"MasterSpark","floor":6.0,"key":"SMITH"},{"floor":11.0,"key":"REST"},{"floor":15.0,"key":"REST"},{"data":"MagicChant","floor":23.0,"key":"SMITH"},{"data":"SatelliteIllusion","floor":30.0,"key":"SMITH"},{"floor":32.0,"key":"REST"},{"floor":40.0,"key":"REST"},{"data":"StarDustReverie","floor":42.0,"key":"SMITH"},{"data":"OpenUniverse","floor":46,"key":"SMITH"},{"data":"OrrerysSun","floor":49,"key":"SMITH"}],"circlet_count":0,"master_deck":["Strike_MRS+1","Strike_MRS+1","Strike_MRS+1","Defend_MRS+1","Defend_MRS+1","Defend_MRS+1","Defend_MRS+1","MasterSpark+1","UpSweep","UltimateShortwave","SporeBomb","Acceleration","Singularity","EnergyFlow","UnstableBomb","PowerUp","OpenUniverse+1","Parasite","Parasite","UnstableBomb","MagicChant+1","SatelliteIllusion+1","NonDirectionalLaser+1","MilkyWay","OrrerysSun+1","MilkyWay+1","DarkMatter+1","OneTimeOff+1","StarDustReverie+1","MagicAbsorber","ManaConvection"],"relics":["MiniHakkero","Bird Faced Urn","Boot","ShroomBag","Sozu","Frozen Eye","Sundial","Centennial Puzzle","CatCart","CaptainsWheel","Potion Belt","FossilizedHelix","White Beast Statue","Red Mask"],"acts_visited":["Exordium","TheCity","TheBeyond"],"potions_floor_usage":[50],"damage_taken":[{"damage":6.0,"enemies":"Jaw Worm","floor":1.0,"turns":3.0},{"damage":3.0,"enemies":"2 Louse","floor":2.0,"turns":2.0},{"damage":0.0,"enemies":"Cultist","floor":5.0,"turns":3.0},{"damage":5.0,"enemies":"2 Fungi Beasts","floor":7.0,"turns":4.0},{"damage":22.0,"enemies":"3 Sentries","floor":8.0,"turns":6.0},{"damage":12.0,"enemies":"Blue Slaver","floor":10.0,"turns":3.0},{"damage":26.0,"enemies":"The Mushroom Lair","floor":13.0,"turns":4.0},{"damage":2.0,"enemies":"Exordium Thugs","floor":14.0,"turns":3.0},{"damage":27.0,"enemies":"Hexaghost","floor":16.0,"turns":7.0},{"damage":36.0,"enemies":"Shell Parasite","floor":18.0,"turns":5.0},{"damage":10.0,"enemies":"Chosen","floor":22.0,"turns":3.0},{"damage":26.0,"enemies":"Gremlin Leader","floor":24.0,"turns":4.0},{"damage":41.0,"enemies":"Shelled Parasite and Fungi","floor":25.0,"turns":5.0},{"damage":0.0,"enemies":"3 Cultists","floor":27.0,"turns":4.0},{"damage":6.0,"enemies":"Snake Plant","floor":29.0,"turns":4.0},{"damage":5.0,"enemies":"Snecko","floor":31.0,"turns":4.0},{"damage":19.0,"enemies":"Automaton","floor":33.0,"turns":7.0},{"damage":10.0,"enemies":"3 Darklings","floor":35.0,"turns":5.0},{"damage":59.0,"enemies":"Orin","floor":36.0,"turns":13.0},{"damage":13.0,"enemies":"Orb Walker","floor":37.0,"turns":3.0},{"damage":0.0,"enemies":"Mind Bloom Boss Battle","floor":38.0,"turns":4.0},{"damage":16.0,"enemies":"Reptomancer","floor":41.0,"turns":6.0},{"damage":14,"enemies":"Writhing Mass","floor":44,"turns":6},{"damage":0,"enemies":"Maw","floor":47,"turns":4},{"damage":55,"enemies":"Awakened One","floor":50,"turns":13}],"seed_played":"-3907102081761972975","potions_obtained":[{"floor":1.0,"key":"Fire Potion"},{"floor":4.0,"key":"FairyPotion"},{"floor":5.0,"key":"PowerPotion"},{"floor":8.0,"key":"CultistPotion"}],"is_trial":false,"path_per_floor":["M","M","?","?","M","R","M","E","T","M","R","$","?","M","R","B",null,"M","?","?","$","M","R","E","M","T","M","?","M","R","M","R","B",null,"M","?","M","?","T","R","E","R","T","M","?","R","M","?","R","B",null],"character_chosen":"MARISA","items_purchased":["PowerUp","OpenUniverse","Frozen Eye","MilkyWay"],"campfire_rested":4,"item_purchase_floors":[12,12,21,21],"current_hp_per_floor":[69,66,55,55,55,55,50,28,28,18,40,40,16,20,42,23,75,51,51,51,51,49,49,31,26,26,34,34,38,38,45,67,60,75,68,22,19,29,29,51,45,45,45,43,43,43,57,57,57,10],"gold":0,"neow_bonus":"THREE_RARE_CARDS","is_daily":false,"chose_seed":false,"campfire_upgraded":6,"win_rate":0.0,"timestamp":1610183112,"path_taken":["M","M","?","?","?","R","M","E","T","M","R","$","?","M","R","BOSS","M","?","?","$","M","R","E","?","T","M","?","M","R","M","R","BOSS","M","?","M","?","?","R","E","R","T","M","?","R","?","?","R","BOSS"],"items_purchased_type":["Card","Card","Relic","Card"],"build_version":"2020-12-22","purchased_purges":1,"victory":true,"max_hp_per_floor":[75,75,75,75,75,75,75,75,75,75,75,75,75,75,75,75,75,75,75,75,75,75,75,75,75,75,75,75,75,75,75,75,75,75,75,75,75,75,75,75,75,75,75,75,75,75,75,75,75,75],"card_choices":[{"not_picked":["EscapeVelocity","FinalSpark"],"picked":"UltimateShortwave","floor":0.0},{"not_picked":["ShootingEcho","StarlightTyphoon"],"picked":"SporeBomb","floor":1.0},{"not_picked":["GravityBeat","GalacticHalo"],"picked":"Acceleration","floor":2.0},{"not_picked":["DarkSpark","StarlightTyphoon"],"picked":"Singularity","floor":5.0},{"not_picked":["SuperPerseids","DC"],"picked":"EnergyFlow","floor":7.0},{"not_picked":["DoubleSpark","Acceleration","IllusionStar"],"picked":"SKIP","floor":8.0},{"not_picked":["GravityBeat","DoubleSpark"],"picked":"UnstableBomb","floor":10.0},{"not_picked":["ManaConvection","IllusionStar"],"picked":"UnstableBomb","floor":13.0},{"not_picked":["WitchOfGreed","UnstableBomb"],"picked":"MagicChant","floor":14.0},{"not_picked":["TreasureHunter","EscapeVelocity"],"picked":"SatelliteIllusion","floor":16.0},{"not_picked":["MilkyWay","LuminesStrike+1"],"picked":"NonDirectionalLaser+1","floor":18.0},{"not_picked":["MysteriousBeam","CollectingQuirk","UnstableBomb"],"picked":"SKIP","floor":22.0},{"not_picked":["AsteroidBelt","ManaConvection"],"picked":"OrrerysSun","floor":24.0},{"not_picked":["DoubleSpark","PropBag"],"picked":"MilkyWay+1","floor":25.0},{"not_picked":["ShootingEcho","MysteriousBeam","GravityBeat"],"picked":"SKIP","floor":27.0},{"not_picked":["Occultation","ShootingEcho+1"],"picked":"DarkMatter+1","floor":29.0},{"not_picked":["SporeBomb","MachineGunSpark+1"],"picked":"OneTimeOff+1","floor":31.0},{"not_picked":["AbsoluteMagnitude","ManaRampage"],"picked":"StarDustReverie","floor":33.0},{"not_picked":["WitchOfGreed","DarkSpark"],"picked":"MagicAbsorber","floor":35.0},{"not_picked":["DC+1","PowerUp+1"],"picked":"SprinkleStarSeal+1","floor":36.0},{"not_picked":["GrandCross+1","PowerUp","MilkyWay+1"],"picked":"SKIP","floor":37.0},{"not_picked":["MysteriousBeam","TreasureHunter","MilkyWay+1"],"picked":"SKIP","floor":41.0},{"not_picked":["BlazeAway","EnergyRecoil","ShootingEcho"],"picked":"SKIP","floor":44},{"not_picked":["ShootingEcho","WitchOfGreed"],"picked":"ManaConvection","floor":47}],"player_experience":176124,"relics_obtained":[{"floor":8.0,"key":"Bird Faced Urn"},{"floor":9.0,"key":"Boot"},{"floor":13.0,"key":"ShroomBag"},{"floor":24.0,"key":"Sundial"},{"floor":26.0,"key":"Centennial Puzzle"},{"floor":36.0,"key":"CatCart"},{"floor":38.0,"key":"CaptainsWheel"},{"floor":39.0,"key":"Potion Belt"},{"floor":41.0,"key":"FossilizedHelix"},{"floor":43.0,"key":"White Beast Statue"}],"event_choices":[{"damage_healed":0.0,"max_hp_gain":0.0,"max_hp_loss":0.0,"gold_gain":75.0,"event_name":"betterThird:BetterGoop","player_choice":"Gold","floor":3.0,"gold_loss":0.0,"damage_taken":11.0},{"damage_healed":0.0,"max_hp_gain":0.0,"max_hp_loss":0.0,"gold_gain":0.0,"event_name":"The Woman in Blue","player_choice":"Bought 1 Potion","floor":4.0,"gold_loss":0.0,"damage_taken":0.0},{"damage_healed":0.0,"max_hp_gain":0.0,"max_hp_loss":0.0,"gold_gain":0.0,"event_name":"Mushrooms_MRS","player_choice":"Fought Mushrooms","floor":13.0,"gold_loss":0.0,"damage_taken":0.0},{"cards_removed":["UltimateShortwave"],"damage_healed":0.0,"max_hp_gain":0.0,"max_hp_loss":0.0,"gold_gain":0.0,"event_name":"betterNote:BetterNote","player_choice":"Give","floor":19.0,"gold_loss":0.0,"damage_taken":0.0,"cards_obtained":["Defend_B"]},{"cards_removed":["Strike_MRS"],"damage_healed":0.0,"max_hp_gain":0.0,"max_hp_loss":0.0,"gold_gain":0.0,"event_name":"Purifier","player_choice":"Purged","floor":20.0,"gold_loss":0.0,"damage_taken":0.0},{"damage_healed":0.0,"max_hp_gain":0.0,"max_hp_loss":7.0,"gold_gain":0.0,"event_name":"betterThird:BetterWriting","player_choice":"Simplicity","floor":28.0,"gold_loss":0.0,"damage_taken":0.0},{"damage_healed":0.0,"max_hp_gain":0.0,"max_hp_loss":0.0,"gold_gain":0.0,"event_name":"OrinTheCat","player_choice":"Fight","floor":36.0,"gold_loss":0.0,"damage_taken":0.0},{"damage_healed":0.0,"max_hp_gain":0.0,"max_hp_loss":0.0,"gold_gain":0.0,"event_name":"MindBloom","player_choice":"Fight","floor":38.0,"gold_loss":0.0,"damage_taken":0.0},{"cards_removed":["SprinkleStarSeal"],"damage_healed":0,"gold_gain":0,"player_choice":"Removed Skill","damage_taken":0,"max_hp_gain":0,"max_hp_loss":0,"event_name":"Falling","floor":45,"gold_loss":0},{"damage_healed":0,"gold_gain":0,"player_choice":"Paid","damage_taken":0,"relics_obtained":["Red Mask"],"max_hp_gain":0,"max_hp_loss":0,"event_name":"Tomb of Lord Red Mask","floor":48,"gold_loss":533}],"is_beta":false,"boss_relics":[{"not_picked":["Runic Pyramid","SlaversCollar"],"picked":"Sozu"},{"not_picked":["Pandora\u0027s Box","Velvet Choker","Cursed Key"]}],"items_purged_floors":[12],"is_endless":false,"potions_floor_spawned":[1,5,8,13,24,25,29,33,41,44,47],"ascension_level":0}}