{"host":"69rply1jf2d1wbmp","time":1610192395,"event":{"mods":["BaseMod","Minty Spire (QoL Compilation)","Quick Restart"],"gold_per_floor":[16,291,308,320,46,46,76,76,76,95,129,129,30,49,49,151,151,162,162,162,176,192,218,236,253,253,278,296,329,341,367,379,486,498,525,556,13,31,43,55,55,75,75,75,75,0,0,12,12,12,12],"floor_reached":50,"playtime":1720,"items_purged":["Regret","Strike_R","Strike_R"],"score":593,"play_id":"52234071-7ed1-40f3-9ec4-2a8074460706","local_time":"20210109063955","is_ascension_mode":false,"campfire_choices":[{"data":"Armaments","floor":6,"key":"SMITH"},{"data":"Anger","floor":8,"key":"SMITH"},{"floor":15,"key":"REST"},{"floor":32,"key":"REST"},{"floor":41,"key":"REST"},{"data":"Berserk","floor":45,"key":"SMITH"},{"floor":49,"key":"RECALL"}],"circlet_count":0,"master_deck":["Strike_R","Defend_R","Defend_R+1","Defend_R","Bash","Sadistic Nature","Armaments+1","Twin Strike","Anger+1","Cleave","Inflame","Demon Form","Reaper+1","Whirlwind+1","Shockwave+1","Flame Barrier","Berserk+1","Shrug It Off+1","Feed+1","Parasite","Metallicize","Parasite"],"relics":["Black Blood","Mercury Hourglass","Singing Bowl","The Courier","Vajra","Astrolabe","MutagenicStrength","Bottled Flame","Toy Ornithopter","MawBank","Orichalcum","War Paint","Molten Egg 2","Sundial","Red Mask"],"acts_visited":["Exordium","TheCity","TheBeyond"],"potions_floor_usage":[7,10,29,29,39,39,50],"damage_taken":[{"damage":4,"enemies":"2 Louse","floor":1,"turns":3},{"damage":1,"enemies":"Cultist","floor":3,"turns":4},{"damage":8,"enemies":"Jaw Worm","floor":4,"turns":3},{"damage":25,"enemies":"Lagavulin","floor":7,"turns":5},{"damage":14,"enemies":"Gremlin Gang","floor":10,"turns":3},{"damage":9,"enemies":"3 Sentries","floor":11,"turns":6},{"damage":5,"enemies":"Looter","floor":14,"turns":2},{"damage":26,"enemies":"Slime Boss","floor":16,"turns":8},{"damage":19,"enemies":"Spheric Guardian","floor":18,"turns":4},{"damage":0,"enemies":"3 Byrds","floor":21,"turns":2},{"damage":12,"enemies":"Snecko","floor":22,"turns":4},{"damage":35,"enemies":"Slavers","floor":23,"turns":4},{"damage":13,"enemies":"Chosen and Byrds","floor":24,"turns":5},{"damage":22,"enemies":"Centurion and Healer","floor":25,"turns":5},{"damage":12,"enemies":"Gremlin Leader","floor":27,"turns":4},{"damage":35,"enemies":"Shelled Parasite and Fungi","floor":28,"turns":6},{"damage":17,"enemies":"Slavers","floor":29,"turns":3},{"damage":14,"enemies":"Cultist and Chosen","floor":31,"turns":6},{"damage":37,"enemies":"Collector","floor":33,"turns":7},{"damage":18,"enemies":"Orb Walker","floor":35,"turns":4},{"damage":6,"enemies":"3 Shapes","floor":36,"turns":4},{"damage":45,"enemies":"Writhing Mass","floor":38,"turns":8},{"damage":33,"enemies":"Transient","floor":39,"turns":5},{"damage":53,"enemies":"Spire Growth","floor":40,"turns":6},{"damage":15,"enemies":"Writhing Mass","floor":42,"turns":7},{"damage":18,"enemies":"4 Shapes","floor":48,"turns":3},{"damage":163,"enemies":"Awakened One","floor":50,"turns":10}],"seed_played":"-7068914161671245212","potions_obtained":[{"floor":10,"key":"SkillPotion"},{"floor":11,"key":"EssenceOfSteel"},{"floor":18,"key":"Regen Potion"},{"floor":24,"key":"Strength Potion"},{"floor":38,"key":"AttackPotion"},{"floor":40,"key":"Strength Potion"},{"floor":42,"key":"SpeedPotion"}],"is_trial":false,"path_per_floor":["M","?","M","M","$","R","E","R","T","M","E","?","$","M","R","B",null,"M","?","?","M","M","E","M","M","T","E","M","E","T","M","R","B",null,"M","M","$","M","M","M","R","M","T","?","R","?","$","M","R","B"],"character_chosen":"IRONCLAD","items_purchased":["FairyPotion","SkillPotion","SkillPotion","Cleave","War Paint","Molten Egg 2","Feed+1","Fire Potion"],"campfire_rested":3,"item_purchase_floors":[5,5,5,13,37,37,37,37],"current_hp_per_floor":[80,80,80,78,78,78,59,59,59,53,52,52,52,53,78,58,84,85,85,85,88,84,61,69,55,55,51,36,46,46,58,88,66,102,99,104,104,81,82,59,92,106,106,108,108,108,108,104,104,0,0],"gold":12,"neow_bonus":"RANDOM_COLORLESS_2","is_daily":false,"chose_seed":false,"campfire_upgraded":3,"win_rate":0.0,"timestamp":1610192395,"path_taken":["M","?","M","M","$","R","E","R","T","?","E","?","$","M","R","BOSS","M","?","?","?","M","E","M","M","T","E","M","E","?","M","R","BOSS","M","M","$","M","M","M","R","?","T","?","R","?","$","M","R","BOSS"],"items_purchased_type":["Potion","Potion","Potion","Card","Relic","Relic","Card","Potion"],"build_version":"2020-12-22","purchased_purges":3,"victory":false,"max_hp_per_floor":[80,80,80,80,80,80,80,80,80,82,84,84,84,84,84,84,84,86,86,86,88,90,90,92,94,94,96,98,100,100,102,102,102,102,102,104,104,106,106,112,112,114,114,116,116,116,116,118,118,118,118],"card_choices":[{"not_picked":["Secret Technique","Master of Strategy"],"picked":"Sadistic Nature","floor":0},{"not_picked":["Warcry","Flex"],"picked":"Armaments","floor":1},{"not_picked":["Battle Trance","Wild Strike"],"picked":"Sword Boomerang","floor":3},{"not_picked":["Iron Wave","Havoc"],"picked":"Twin Strike","floor":4},{"not_picked":["Pummel","Thunderclap"],"picked":"Anger","floor":7},{"not_picked":["Twin Strike","Cleave","Fiend Fire"],"picked":"Singing Bowl","floor":10},{"not_picked":["Body Slam","Anger","Sword Boomerang"],"picked":"Singing Bowl","floor":11},{"not_picked":["Infernal Blade","Evolve"],"picked":"Inflame","floor":14},{"not_picked":["Exhume","Corruption"],"picked":"Demon Form","floor":16},{"not_picked":["Evolve+1","Pommel Strike","Infernal Blade"],"picked":"Singing Bowl","floor":18},{"not_picked":["Disarm","Armaments","Dropkick"],"picked":"Singing Bowl","floor":21},{"not_picked":["Anger","Cleave","Sever Soul"],"picked":"Singing Bowl","floor":22},{"not_picked":["True Grit+1","Body Slam+1"],"picked":"Flame Barrier","floor":23},{"not_picked":["Iron Wave+1","Dark Embrace","Clash"],"picked":"Singing Bowl","floor":24},{"not_picked":["Iron Wave+1","Pommel Strike+1","Sword Boomerang"],"picked":"Singing Bowl","floor":25},{"not_picked":["Bludgeon","Pummel","Armaments"],"picked":"Singing Bowl","floor":27},{"not_picked":["Warcry+1","Cleave+1","Dark Embrace"],"picked":"Singing Bowl","floor":28},{"not_picked":["Shrug It Off","Armaments","Fiend Fire"],"picked":"Singing Bowl","floor":29},{"not_picked":["Power Through","True Grit+1","Clash"],"picked":"Singing Bowl","floor":31},{"not_picked":["Brutality","Bludgeon"],"picked":"Berserk","floor":33},{"not_picked":["Dual Wield+1","Warcry+1"],"picked":"Shrug It Off","floor":35},{"not_picked":["Clothesline","Dropkick+1","Seeing Red"],"picked":"Singing Bowl","floor":36},{"not_picked":["Thunderclap+1","True Grit+1","Heavy Blade+1"],"picked":"Singing Bowl","floor":38},{"not_picked":["Anger+1","Clothesline+1"],"picked":"Metallicize","floor":39},{"not_picked":["True Grit","Armaments+1","Perfected Strike+1"],"picked":"Singing Bowl","floor":40},{"not_picked":["Feel No Pain","Shockwave","True Grit+1"],"picked":"Singing Bowl","floor":42},{"not_picked":["Forethought","Discovery","PanicButton"],"picked":"Singing Bowl","floor":44},{"not_picked":["Feed+1","Anger+1","Pummel+1"],"picked":"Singing Bowl","floor":48}],"player_experience":429396,"relics_obtained":[{"floor":7,"key":"Mercury Hourglass"},{"floor":9,"key":"Singing Bowl"},{"floor":11,"key":"The Courier"},{"floor":23,"key":"Bottled Flame"},{"floor":27,"key":"Toy Ornithopter"},{"floor":29,"key":"MawBank"},{"floor":30,"key":"Orichalcum"},{"floor":43,"key":"Sundial"}],"event_choices":[{"damage_healed":0,"gold_gain":275,"player_choice":"Desecrate","damage_taken":0,"max_hp_gain":0,"max_hp_loss":0,"event_name":"Golden Shrine","floor":2,"gold_loss":0,"cards_obtained":["Regret"]},{"damage_healed":0,"gold_gain":0,"player_choice":"Gave Potion","damage_taken":0,"relics_obtained":["Vajra"],"max_hp_gain":0,"max_hp_loss":0,"event_name":"WeMeetAgain","floor":12,"gold_loss":0},{"damage_healed":0,"gold_gain":0,"player_choice":"Inject Mutagens","damage_taken":0,"relics_obtained":["MutagenicStrength"],"max_hp_gain":0,"max_hp_loss":0,"event_name":"Drug Dealer","floor":19,"gold_loss":0},{"cards_removed":["Sword Boomerang"],"damage_healed":0,"gold_gain":0,"player_choice":"Purged","damage_taken":0,"max_hp_gain":0,"max_hp_loss":0,"event_name":"Purifier","floor":20,"gold_loss":0},{"damage_healed":0,"gold_gain":0,"player_choice":"Memory 1","damage_taken":0,"max_hp_gain":0,"max_hp_loss":0,"event_name":"SensoryStone","floor":44,"gold_loss":0},{"damage_healed":0,"gold_gain":0,"player_choice":"Paid","damage_taken":0,"relics_obtained":["Red Mask"],"max_hp_gain":0,"max_hp_loss":0,"event_name":"Tomb of Lord Red Mask","floor":46,"gold_loss":75}],"is_beta":false,"boss_relics":[{"not_picked":["Snecko Eye","Runic Cube"],"picked":"Astrolabe"},{"not_picked":["Mark of Pain","Fusion Hammer"],"picked":"Black Blood"}],"items_purged_floors":[5,13,37],"is_endless":false,"potions_floor_spawned":[10,11,18,24,27,28,38,40,42,48],"killed_by":"Awakened One","ascension_level":0}}