{"host":"porgtwlvhh3hs75v","time":1610196272,"event":{"mods":["ATMod(°¢èªMod)","Act Like it!","Arknights The Spire","BaseMod","GifTheSpireLib","KinomotoSakuraMod(Ä¾Ö®±¾Ó£)","Minty Spire (QoL Compilation)","Quick Restart","Replay The Spire","StSLib"],"gold_per_floor":[117,42,42,42,60,95,95,121,121,121,46,73,102,112,112,192,192,209,209,48,74,74,153,53,91,144,479,501,538,548,548,548,631,640,667,676,698,721,721,721,740,776,776,811,811,38,38,68,68,68,88,88,88,22,50,50],"floor_reached":57,"playtime":2829,"items_purged":["Defend_P","Strike_P","Defend_P"],"score":3318,"play_id":"0440f7ac-51b9-4e05-af8e-161f7dcb4de6","local_time":"20210109204432","is_ascension_mode":true,"campfire_choices":[{"data":"AT_FamilyPortrait","floor":10.0,"key":"SMITH"},{"data":"ForeignInfluence","floor":15.0,"key":"SMITH"},{"data":"AT_BodySlamDance","floor":32.0,"key":"SMITH"},{"data":"Acrobatics","floor":40.0,"key":"SMITH"},{"floor":45.0,"key":"RECALL"},{"data":"Reboot","floor":49.0,"key":"SMITH"},{"data":"DeusExMachina","floor":53.0,"key":"SMITH"}],"circlet_count":0,"master_deck":["AscendersBane","Eruption+1","Vigilance+1","AT_FamilyPortrait+1","FlurryOfBlows","ForeignInfluence+1","Steam+1","Evaluate","DeusExMachina+1","FlurryOfBlows+1","AT_BodySlamDance+1","ats:Shell Defense","Pommel Strike","Echo Form","Reboot+1","AbeCurse","Acrobatics+1","Study+1","Burning Pact+1","ats:Part Time Job+1","AT_Desolate+1","AT_ChampionStep+1","Wallop"],"relics":["PureWater","AT_ATBox","NeowsBlessing","AT_Manta","ReplayTheSpireMod:Ninjato","CeramicFish","Pen Nib","Ornamental Fan","Empty Cage","PrismaticShard","Replay:Purple Gloves","Lantern","Prayer Wheel","Old Coin","AT_SilvercatRing","Frozen Egg 2","Abe\u0027s Treasure","War Paint","Mummified Hand","Art of War","AT_ChloranthyRing","TeardropLocket","ClockworkSouvenir","AT_Kusabimaru","HornCleat"],"acts_visited":["Exordium","TheCity","TheBeyond","TheEnding"],"potions_floor_usage":[56,56],"damage_taken":[{"damage":0.0,"enemies":"Small Slimes","floor":1.0,"turns":2.0},{"damage":0.0,"enemies":"Jaw Worm","floor":5.0,"turns":1.0},{"damage":0.0,"enemies":"Lagavulin","floor":6.0,"turns":1.0},{"damage":0.0,"enemies":"3 Sentries","floor":8.0,"turns":3.0},{"damage":0.0,"enemies":"2 Louse","floor":12.0,"turns":2.0},{"damage":0.0,"enemies":"Gremlin Nob","floor":13.0,"turns":2.0},{"damage":0.0,"enemies":"Large Slime","floor":14.0,"turns":3.0},{"damage":0.0,"enemies":"Fading Forest","floor":16.0,"turns":13.0},{"damage":0.0,"enemies":"Shell Parasite","floor":18.0,"turns":3.0},{"damage":0.0,"enemies":"3 Byrds","floor":21.0,"turns":1.0},{"damage":0.0,"enemies":"Replay:Snechameleon","floor":23.0,"turns":3.0},{"damage":0.0,"enemies":"Gremlin Leader","floor":25.0,"turns":2.0},{"damage":0.0,"enemies":"Replay:Snechameleon","floor":27.0,"turns":2.0},{"damage":5.0,"enemies":"Centurion and Healer","floor":28.0,"turns":4.0},{"damage":0.0,"enemies":"Slavers","floor":29.0,"turns":1.0},{"damage":0.0,"enemies":"3 Cultists","floor":30.0,"turns":2.0},{"damage":0.0,"enemies":"Automaton","floor":33.0,"turns":2.0},{"damage":0.0,"enemies":"Orb Walker","floor":35.0,"turns":1.0},{"damage":0.0,"enemies":"3 Darklings","floor":37.0,"turns":2.0},{"damage":0.0,"enemies":"Jaw Worm Horde","floor":38.0,"turns":1.0},{"damage":0.0,"enemies":"Spire Growth","floor":41.0,"turns":2.0},{"damage":0.0,"enemies":"Reptomancer","floor":42.0,"turns":1.0},{"damage":8.0,"enemies":"R_Hoarder","floor":44.0,"turns":3.0},{"damage":7.0,"enemies":"Nemesis","floor":48.0,"turns":3.0},{"damage":0.0,"enemies":"Replay:Hell Engine","floor":50.0,"turns":1.0},{"damage":0.0,"enemies":"Awakened One","floor":51.0,"turns":2.0},{"damage":0,"enemies":"Shield and Spear","floor":55,"turns":1},{"damage":25,"enemies":"The Heart","floor":56,"turns":5}],"seed_played":"-2448428405148499894","potions_obtained":[{"floor":1.0,"key":"SneckoOil"},{"floor":6.0,"key":"BlessingOfTheForge"},{"floor":13.0,"key":"PowerPotion"},{"floor":19.0,"key":"GamblersBrew"},{"floor":30.0,"key":"Weak Potion"},{"floor":33.0,"key":"SkillPotion"},{"floor":37.0,"key":"Fruit Juice"},{"floor":38.0,"key":"Weak Potion"}],"is_trial":false,"path_per_floor":["M","$","?","T","M","E","?","E","T","R","?","M","E","M","R","B",null,"M","?","$","M","?","E","$","E","T","E","M","E","M","T","R","B",null,"M","?","M","M","?","R","M","E","T","E","R","$","?","E","R","B","B",null,"R","$","E","B",null],"character_chosen":"WATCHER","items_purchased":["PrismaticShard","AT_ChloranthyRing","AT_ChampionStep+1","TeardropLocket","ClockworkSouvenir","Wallop"],"campfire_rested":0,"item_purchase_floors":[20,46,46,46,46,54],"current_hp_per_floor":[61,61,61,61,61,61,61,64,64,64,64,64,64,64,64,64,67,67,67,67,67,67,67,67,68,68,68,66,66,68,68,68,68,68,68,68,73,73,73,73,73,73,73,65,65,65,65,60,60,73,73,73,73,73,73,56],"gold":50,"neow_bonus":"THREE_ENEMY_KILL","is_daily":false,"chose_seed":false,"campfire_upgraded":6,"win_rate":0.0,"timestamp":1610196272,"path_taken":["M","$","?","?","M","E","?","E","T","R","?","M","E","M","R","BOSS","M","?","?","?","?","E","$","E","T","E","M","E","M","?","R","BOSS","M","?","M","?","?","R","M","E","T","E","R","$","?","E","R","BOSS","BOSS","R","$","E","BOSS"],"items_purchased_type":["Relic","Relic","Card","Relic","Relic","Card"],"build_version":"2020-12-22","purchased_purges":3,"victory":true,"max_hp_per_floor":[68,68,68,68,68,68,68,68,68,68,68,68,68,68,68,68,68,68,68,68,68,68,68,68,68,68,68,68,68,68,68,68,68,68,68,68,73,73,73,73,73,73,73,73,73,73,73,73,73,73,73,73,73,73,73,73],"card_choices":[{"not_picked":["Prostrate","JustLucky"],"picked":"FlurryOfBlows","floor":1.0},{"not_picked":["Replay:AtTheReady","Prostrate"],"picked":"SignatureMove","floor":5.0},{"not_picked":["EmptyFist","EmptyBody","AT_SoftenMuscles"],"picked":"SKIP","floor":6.0},{"not_picked":["EmptyFist","EmptyBody","AT_SoftenMuscles"],"picked":"SKIP","floor":6.0},{"not_picked":["Prostrate","SashWhip","Replay:Vibes"],"picked":"SKIP","floor":8.0},{"not_picked":["Nirvana","Replay:AtTheReady"],"picked":"Evaluate","floor":12.0},{"not_picked":["FollowUp","EmptyBody","CutThroughFate"],"picked":"SKIP","floor":13.0},{"not_picked":["FollowUp","EmptyBody","CutThroughFate"],"picked":"SKIP","floor":13.0},{"not_picked":["Wireheading","FlyingSleeves","Meditate"],"picked":"SKIP","floor":14.0},{"not_picked":["Vault","AT_IrregularMenstruation"],"picked":"DeusExMachina","floor":16.0},{"not_picked":["EmptyMind","Evaluate","Halt"],"picked":"SKIP","floor":18.0},{"not_picked":["Concentrate","Clothesline"],"picked":"FlurryOfBlows+1","floor":21.0},{"not_picked":["ats:Consecutive Shot Auto","FlyingSleeves","Catalyst"],"picked":"SKIP","floor":23.0},{"not_picked":["ClowCardTheStorm","Flying Knee"],"picked":"AT_BodySlamDance","floor":25.0},{"not_picked":["ats:Directed Diagnosis","ats:Blood Oath"],"picked":"ats:Shell Defense","floor":27.0},{"not_picked":["Panic Button","ClowCardTheWindy"],"picked":"Pommel Strike","floor":28.0},{"not_picked":["Dagger Spray","Barrage","Replay:Sssssssssshield"],"picked":"SKIP","floor":28.0},{"not_picked":["ats:Powerful Strike","ReplayGash"],"picked":"Echo Form","floor":29.0},{"not_picked":["Cleave","Dagger Spray","Accuracy"],"picked":"SKIP","floor":30.0},{"not_picked":["Halt","PathToVictory","Capacitor+1"],"picked":"SKIP","floor":30.0},{"not_picked":["Secret Weapon","Bullet Time"],"picked":"Reboot","floor":33.0},{"not_picked":["ats:Ignite","Steam+1"],"picked":"Acrobatics","floor":35.0},{"not_picked":["ClowCardTheMaze","ats:Explosion Area Strengthen","ats:Guardian Obelisk"],"picked":"SKIP","floor":35.0},{"not_picked":["Evaluate","ClowCardTheSilent"],"picked":"Burning Pact+1","floor":37.0},{"not_picked":["ats:Sunburst","BasicCrystalCard","JustLucky"],"picked":"SKIP","floor":37.0},{"not_picked":["BootSequence","Blade Dance"],"picked":"ats:Part Time Job+1","floor":38.0},{"not_picked":["ats:Curse Doll","Quick Slash","ReplayTheSpireMod:Private Reserves"],"picked":"SKIP","floor":38.0},{"not_picked":["ats:Curse Doll","Quick Slash","ReplayTheSpireMod:Private Reserves"],"picked":"SKIP","floor":38.0},{"not_picked":["Thunder Strike","ClearTheMind","ats:Explosion Area Strengthen"],"picked":"SKIP","floor":41.0},{"not_picked":["ReplayTheSpireMod:Strike From Hell","ats:Ignite+1","Sweeping Beam"],"picked":"SKIP","floor":41.0},{"not_picked":["ReplayReversal","Beam Cell"],"picked":"AT_Desolate+1","floor":42.0},{"not_picked":["Loop+1","ats:Charging Defense","Barrage"],"picked":"SKIP","floor":44.0},{"not_picked":["ats:True Silver Slash","EmptyBody","Deflect+1"],"picked":"SKIP","floor":48.0},{"not_picked":["Expertise","Dagger Throw+1","Swift Strike+1"],"picked":"SKIP","floor":55}],"player_experience":644567,"relics_obtained":[{"floor":4.0,"key":"AT_Manta"},{"floor":6.0,"key":"ReplayTheSpireMod:Ninjato"},{"floor":8.0,"key":"CeramicFish"},{"floor":9.0,"key":"Pen Nib"},{"floor":13.0,"key":"Ornamental Fan"},{"floor":23.0,"key":"Replay:Purple Gloves"},{"floor":25.0,"key":"Lantern"},{"floor":27.0,"key":"Old Coin"},{"floor":29.0,"key":"AT_SilvercatRing"},{"floor":31.0,"key":"Frozen Egg 2"},{"floor":42.0,"key":"War Paint"},{"floor":43.0,"key":"Mummified Hand"},{"floor":44.0,"key":"Art of War"},{"floor":48.0,"key":"AT_Kusabimaru"},{"floor":55,"key":"HornCleat"}],"event_choices":[{"cards_removed":["Strike_P"],"damage_healed":0.0,"max_hp_gain":0.0,"max_hp_loss":0.0,"gold_gain":0.0,"event_name":"The Cleric","player_choice":"Card Removal","floor":11.0,"gold_loss":75.0,"damage_taken":0.0},{"damage_healed":0.0,"max_hp_gain":0.0,"max_hp_loss":0.0,"gold_gain":0.0,"event_name":"Lab","player_choice":"Got Potions","floor":19.0,"gold_loss":0.0,"damage_taken":0.0},{"damage_healed":0.0,"max_hp_gain":0.0,"max_hp_loss":0.0,"gold_gain":0.0,"event_name":"Vampires","player_choice":"Ignored","floor":22.0,"gold_loss":0.0,"damage_taken":0.0},{"damage_healed":0.0,"max_hp_gain":0.0,"max_hp_loss":0.0,"gold_gain":0.0,"event_name":"Match and Keep!","player_choice":"1 cards matched","floor":36.0,"gold_loss":0.0,"damage_taken":0.0,"cards_obtained":["Study"]},{"cards_removed":["SignatureMove"],"damage_healed":0.0,"max_hp_gain":0.0,"max_hp_loss":0.0,"gold_gain":0.0,"event_name":"Purifier","player_choice":"Purged","floor":47.0,"gold_loss":0.0,"damage_taken":0.0}],"is_beta":false,"boss_relics":[{"not_picked":["VioletLotus","Runic Dome"],"picked":"Empty Cage"},{"not_picked":["Honey Jar","ReplayTheSpireMod:DimensionalGlitch"],"picked":"Abe\u0027s Treasure"}],"items_purged_floors":[2,24,46],"is_endless":false,"potions_floor_spawned":[1,6,13,14,21,30,33,37,38,48,55],"ascension_level":20}}