{"host":"19r1ww88x2tc73i0","time":1610209813,"event":{"mods":["BaseMod","BetterRewards","Colored Map","Minty Spire (QoL Compilation)","Relic Stats","StSLib","SuperFastMode","slay the spire mod where everything is the same but ironclad has a cowboy hat"],"gold_per_floor":[112,123,123,123,86,86,86,86],"floor_reached":7,"playtime":245,"items_purged":["Strike_B"],"score":78,"play_id":"504f944d-1367-4891-8944-923dcc29c725","local_time":"25640109233013","is_ascension_mode":true,"campfire_choices":[{"data":"Genetic Algorithm","floor":6,"key":"SMITH"}],"circlet_count":0,"master_deck":["AscendersBane","Strike_B","Strike_B","Strike_B","Defend_B","Defend_B","Defend_B","Defend_B","Zap","Dualcast","Reprogram+1","Trip","Hologram","Genetic Algorithm+1"],"relics":["Cracked Core","Oddly Smooth Stone","Mango"],"acts_visited":["Exordium"],"potions_floor_usage":[],"damage_taken":[{"damage":6.0,"enemies":"Small Slimes","floor":1.0,"turns":3.0},{"damage":6.0,"enemies":"Jaw Worm","floor":2.0,"turns":7.0},{"damage":64,"enemies":"3 Sentries","floor":7,"turns":9}],"seed_played":"-4986641898458978055","potions_obtained":[],"is_trial":false,"path_per_floor":["M","M","?","?","$","R","E"],"character_chosen":"DEFECT","items_purchased":["Oddly Smooth Stone","Reprogram","Mango","Trip","Genetic Algorithm"],"campfire_rested":0,"item_purchase_floors":[0,0,0,0,5],"current_hp_per_floor":[72,66,66,66,66,66,2,2],"gold":86,"neow_bonus":"","is_daily":false,"chose_seed":false,"campfire_upgraded":1,"win_rate":0.0,"timestamp":1610209813,"path_taken":["M","M","?","?","$","R","E"],"items_purchased_type":["Relic","Card","Relic","Card","Card"],"build_version":"2020-12-22","purchased_purges":1,"victory":false,"max_hp_per_floor":[85,85,85,85,85,85,85,85],"relic_stats":{"counters":[160,710],"obtain_stats":[{"Ice Cream":0,"Calipers":25,"Gremlin Horn":48,"CeramicFish":0,"Vajra":46,"Runic Capacitor":0,"Ginger":0,"Boot":9,"FrozenCore":34,"Blood Vial":12,"Centennial Puzzle":17,"HornCleat":11,"Strawberry":8,"Prayer Wheel":45,"Fusion Hammer":17,"HandDrill":0,"Toxic Egg 2":0,"Runic Cube":17,"Happy Flower":28,"Dead Branch":0,"Blue Candle":9,"Oddly Smooth Stone":0,"Eternal Feather":14,"Pen Nib":9,"War Paint":9,"Akabeko":0,"OrangePellets":0,"Shuriken":8,"Bronze Scales":43,"Bird Faced Urn":0,"Molten Egg 2":45,"Black Star":17,"Symbiotic Virus":6,"StrikeDummy":17,"Meat on the Bone":12,"Darkstone Periapt":26,"Lantern":13,"Torii":0,"StoneCalendar":47,"Mango":0,"Juzu Bracelet":0,"Incense Burner":0,"Bag of Preparation":31,"Cursed Key":17,"Smiling Mask":24,"Ancient Tea Set":28,"Empty Cage":17,"Burning Blood":0,"ClockworkSouvenir":45,"Dream Catcher":26,"Matryoshka":0,"Shovel":10,"Mummified Hand":0,"Pantograph":9,"Tiny Chest":0,"WingedGreaves":0,"Red Mask":21,"Chemical X":0,"Cracked Core":0,"Paper Frog":4,"Runic Pyramid":34,"Potion Belt":13,"Self Forming Clay":3,"Golden Idol":3,"PreservedInsect":0,"The Courier":10,"Omamori":26,"Odd Mushroom":10,"Frozen Egg 2":20,"MawBank":23,"Peace Pipe":14,"Calling Bell":17,"DataDisk":26,"CaptainsWheel":17,"Busted Crown":17,"Ornamental Fan":6,"Turnip":0,"Bag of Marbles":0,"Art of War":0,"Membership Card":0,"TungstenRod":0,"Toy Ornithopter":9,"FossilizedHelix":0},{"Ice Cream":63,"Calipers":25,"Gremlin Horn":35,"CeramicFish":0,"Vajra":34,"Runic Capacitor":45,"Ginger":11,"Boot":100,"FrozenCore":112,"Blood Vial":4,"Centennial Puzzle":138,"HornCleat":18,"Strawberry":3,"Prayer Wheel":33,"Fusion Hammer":104,"HandDrill":49,"Toxic Egg 2":78,"Runic Cube":7,"Happy Flower":26,"Dead Branch":56,"Blue Candle":83,"Oddly Smooth Stone":157,"Eternal Feather":151,"Pen Nib":62,"War Paint":16,"Akabeko":0,"OrangePellets":0,"Shuriken":16,"Bronze Scales":33,"Bird Faced Urn":56,"Molten Egg 2":33,"Black Star":95,"Symbiotic Virus":61,"StrikeDummy":138,"Meat on the Bone":101,"Darkstone Periapt":10,"Lantern":43,"Torii":11,"StoneCalendar":35,"Mango":37,"Juzu Bracelet":0,"Incense Burner":0,"Bag of Preparation":28,"Cursed Key":20,"Smiling Mask":25,"Ancient Tea Set":26,"Empty Cage":73,"Burning Blood":0,"ClockworkSouvenir":33,"Dream Catcher":77,"Matryoshka":45,"Shovel":92,"Mummified Hand":86,"Pantograph":3,"Tiny Chest":11,"WingedGreaves":63,"Red Mask":24,"Chemical X":56,"Cracked Core":0,"Paper Frog":1,"Runic Pyramid":29,"Potion Belt":71,"Self Forming Clay":1,"Golden Idol":38,"PreservedInsect":0,"The Courier":84,"Omamori":25,"Odd Mushroom":17,"Frozen Egg 2":74,"MawBank":10,"Peace Pipe":6,"Calling Bell":138,"DataDisk":107,"CaptainsWheel":138,"Busted Crown":122,"Ornamental Fan":2,"Turnip":78,"Bag of Marbles":0,"Art of War":0,"Membership Card":11,"TungstenRod":11,"Toy Ornithopter":67,"FossilizedHelix":86},{"Ice Cream":271,"Calipers":112,"Gremlin Horn":146,"CeramicFish":0,"Vajra":143,"Runic Capacitor":202,"Ginger":62,"Boot":423,"FrozenCore":492,"Blood Vial":15,"Centennial Puzzle":613,"HornCleat":87,"Strawberry":12,"Prayer Wheel":140,"Fusion Hammer":444,"HandDrill":216,"Toxic Egg 2":328,"Runic Cube":36,"Happy Flower":116,"Dead Branch":248,"Blue Candle":350,"Oddly Smooth Stone":691,"Eternal Feather":661,"Pen Nib":268,"War Paint":79,"Akabeko":0,"OrangePellets":0,"Shuriken":79,"Bronze Scales":140,"Bird Faced Urn":248,"Molten Egg 2":140,"Black Star":396,"Symbiotic Virus":265,"StrikeDummy":613,"Meat on the Bone":427,"Darkstone Periapt":57,"Lantern":194,"Torii":62,"StoneCalendar":146,"Mango":159,"Juzu Bracelet":0,"Incense Burner":0,"Bag of Preparation":124,"Cursed Key":96,"Smiling Mask":112,"Ancient Tea Set":116,"Empty Cage":309,"Burning Blood":0,"ClockworkSouvenir":140,"Dream Catcher":326,"Matryoshka":202,"Shovel":381,"Mummified Hand":360,"Pantograph":12,"Tiny Chest":62,"WingedGreaves":271,"Red Mask":109,"Chemical X":248,"Cracked Core":0,"Paper Frog":2,"Runic Pyramid":129,"Potion Belt":298,"Self Forming Clay":2,"Golden Idol":164,"PreservedInsect":0,"The Courier":354,"Omamori":112,"Odd Mushroom":83,"Frozen Egg 2":312,"MawBank":57,"Peace Pipe":23,"Calling Bell":613,"DataDisk":460,"CaptainsWheel":613,"Busted Crown":547,"Ornamental Fan":7,"Turnip":328,"Bag of Marbles":0,"Art of War":0,"Membership Card":62,"TungstenRod":62,"Toy Ornithopter":283,"FossilizedHelix":360}]},"card_choices":[{"not_picked":["Turbo","Cold Snap","Hello World"],"picked":"SKIP","floor":1.0},{"not_picked":["Skim","Sunder"],"picked":"Hologram","floor":2.0}],"player_experience":889262,"relics_obtained":[],"event_choices":[{"damage_healed":0,"gold_gain":0,"player_choice":"Fled","damage_taken":0,"max_hp_gain":0,"max_hp_loss":0,"event_name":"Scrap Ooze","floor":3,"gold_loss":0},{"damage_healed":0,"gold_gain":0,"player_choice":"Grow","damage_taken":0,"max_hp_gain":0,"max_hp_loss":0,"event_name":"Living Wall","floor":4,"gold_loss":0,"cards_upgraded":["Reprogram"]}],"is_beta":false,"boss_relics":[],"items_purged_floors":[0],"is_endless":false,"potions_floor_spawned":[],"killed_by":"3 Sentries","ascension_level":20}}