{"host":"k67zwea37tbl4jhz","time":1610227929,"event":{"mods":["AchievementEnabler","Act Like it!","Aspiration","Bard","BaseMod","Beaked The Cultist","Better Altar","Better Match","Better Note","Better Sensory Stone","Better Skull","Better Third Choice","BetterRewards","CCEM","Clawfect","Colored Map","Conspire","Downfall","GifTheSpireLib","Googly Eyes","Halation","Hermit","Highlight Path","Hubris","Hunter ??","Jedi Mod","Jorbs\u0027s Wanderer Trilogy","Mad Scientist","Marisa????????","Mimic Mod","Minty Spire (QoL Compilation)","Permanent Neow","Replay The Spire","Shade Mod","Shop Mod","Spicy Shops","StSLib","Stuff the Spire","The Administrix","The Blackbeard","The Bug Knight","The Construct","The Cursed","The Disciple","The Gatherer","The Hierophant","The IronCluck","The Jungle","The Mystic","The Necromancer","The Problem Sleuth","The Runesmith","The Servant 0.9.4","The Spell Scribe","The Witch","Unceasing Turn Reminder","everything is the same but u backflip on backflip","slay the spire mod where everything is the same but ironclad has a cowboy hat"],"gold_per_floor":[99,112,131,131,226,254,254,288,213,213,213,230,230,285,298,393,393,393,408,58,58,8,27,60,60,97,22,48,48,48,63,73,177,177,102,115,125,125,125,150,174,174,174,174],"floor_reached":42,"playtime":3826,"items_purged":["hexamod:Strike"],"score":424,"play_id":"0b4ac469-44b3-483e-a8af-a2e0e254431f","local_time":"20210109163209","is_ascension_mode":false,"campfire_choices":[{"data":"hexamod:Strike","floor":1,"key":"SMITH"},{"floor":9,"key":"REST"},{"floor":11,"key":"REST"},{"floor":18,"key":"RECALL"},{"data":"hexamod:SoulSteal","floor":25,"key":"SMITH"},{"data":"hexamod:Rewind","floor":27,"key":"SMITH"}],"circlet_count":0,"master_deck":["hexamod:Strike+1","hexamod:Strike+1","hexamod:Defend+1","hexamod:Defend+1","hexamod:Defend+1","hexamod:Sear","hexamod:Float+1","hexamod:BurningTouch+1","hexamod:PhantomCloak+1","hexamod:HauntingEcho+1","hexamod:GhostShield+1","hexamod:GhostOfSpirePast+1","hexamod:EmpoweringStance+1","hubris:EnhanceAbility+1","hexamod:FirstSeal","hexamod:InspiringFlames+1","hexamod:ThermalTransfer","hexamod:SixthSeal","hexamod:SoulSteal+1","hexamod:Rewind+1","hexamod:RadiantFlame+1","hexamod:HauntingEcho+1","hexamod:SecondSeal","hexamod:RainOfEmbers+1","bard:Focused+1","Corpse Explosion"],"relics":["hexamod:SpiritBrand","Frozen Egg 2","Bottled Lightning","downfall:HeartBlessingBlue","hubris:Icosahedron","CCEMRelics:Barrel","Ring of Chaos","MerchantsRug","Gremlin Horn","PreservedInsect","downfall:HeartBlessingGreen","PrismaticShard","CCEMRelics:WhiteRose","Empty Cage","downfall:HeartBlessingRed","hubris:Towel","Art of War"],"acts_visited":["Exordium","TheCity","TheBeyond"],"potions_floor_usage":[33,33],"damage_taken":[{"damage":0,"enemies":"2 Louse","floor":2,"turns":3},{"damage":0,"enemies":"Jaw Worm","floor":3,"turns":3},{"damage":24,"enemies":"3 Sentries","floor":6,"turns":12},{"damage":26,"enemies":"Gremlin Nob","floor":8,"turns":5},{"damage":4,"enemies":"Small Slimes","floor":12,"turns":5},{"damage":3,"enemies":"3 Sentries","floor":14,"turns":9},{"damage":13,"enemies":"Gremlin Gang","floor":15,"turns":6},{"damage":3,"enemies":"downfall:Watcher","floor":16,"turns":12},{"damage":36,"enemies":"3 Byrds","floor":19,"turns":9},{"damage":0,"enemies":"downfall:FleeingMerchant","floor":20,"turns":4},{"damage":21,"enemies":"conspire:FuzzyDice","floor":23,"turns":6},{"damage":0,"enemies":"Snake Plant","floor":24,"turns":7},{"damage":9,"enemies":"HollowMod:Nosk","floor":26,"turns":8},{"damage":30,"enemies":"Snake Plant","floor":28,"turns":3},{"damage":4,"enemies":"conspire:HollyBat","floor":31,"turns":6},{"damage":12,"enemies":"Shelled Parasite and Fungi","floor":32,"turns":6},{"damage":13,"enemies":"downfall:Ironclad","floor":33,"turns":9},{"damage":9,"enemies":"Orb Walker","floor":36,"turns":3},{"damage":3,"enemies":"3 Darklings","floor":37,"turns":4},{"damage":43,"enemies":"Spire Growth","floor":40,"turns":8},{"damage":43,"enemies":"4 Shapes","floor":42,"turns":6}],"seed_played":"2079134232665111705","potions_obtained":[{"floor":14,"key":"GamblersBrew"},{"floor":16,"key":"Explosive Potion"},{"floor":26,"key":"Explosive Potion"},{"floor":28,"key":"LifebloodPotion"},{"floor":31,"key":"AttackPotion"},{"floor":36,"key":"Swift Potion"}],"is_trial":false,"path_per_floor":["R","M","M","?","?","E","T","E","R","?","R","M","?","?","M","B",null,"R","M","$","?","?","M","MIM","R","E","R","M","?","T","M","M","B",null,"R","M","M","?","?","M","T","M"],"character_chosen":"THE_SPIRIT","items_purchased":["hexamod:Rewind","hexamod:RadiantFlame+1","MerchantsRug"],"campfire_rested":2,"item_purchase_floors":[20,20,20],"current_hp_per_floor":[70,70,70,70,53,29,29,3,37,37,61,57,57,61,55,59,80,80,51,58,58,80,74,80,80,78,78,56,48,48,59,54,48,80,80,78,75,75,75,39,39,0,0,0],"gold":174,"neow_bonus":"UPGRADE_CARD","is_daily":false,"chose_seed":false,"campfire_upgraded":3,"win_rate":0.0,"timestamp":1610227929,"path_taken":["R","M","M","?","?","E","T","E","R","?","R","?","?","?","M","BOSS","R","M","$","?","?","?","MIM","R","E","R","M","?","?","M","M","BOSS","R","M","M","?","?","M","T","?"],"items_purchased_type":["Card","Card","Relic"],"build_version":"2020-12-22","purchased_purges":1,"victory":false,"max_hp_per_floor":[70,70,70,70,70,70,70,70,80,80,80,80,80,80,80,80,80,80,80,80,80,80,80,80,80,80,80,80,80,80,80,80,80,80,80,80,80,80,80,80,80,80,80,80],"card_choices":[{"not_picked":["hexamod:AdvancingGuard","hexamod:Hexaguard"],"picked":"hexamod:BurningTouch","floor":2},{"not_picked":["hexamod:FourthSeal","hexamod:FastForward"],"picked":"hexamod:PhantomCloak","floor":3},{"not_picked":["hexamod:BacktrackSmack","hexamod:RainOfEmbers"],"picked":"hexamod:HauntingEcho","floor":5},{"not_picked":["hexamod:BurningTouch","hexamod:BacktrackSmack"],"picked":"hexamod:GhostShield","floor":5},{"not_picked":["hexamod:RecurringNightmare","hexamod:BacktrackSmack"],"picked":"hexamod:GhostOfSpirePast+1","floor":6},{"not_picked":["hexamod:BurningTouch","hexamod:HeatCrush"],"picked":"hexamod:EmpoweringStance+1","floor":8},{"not_picked":["Replay:SS_forest_5","expansioncontent:PolyBeam"],"picked":"hubris:EnhanceAbility+1","floor":10},{"not_picked":["hexamod:InspiringFlames","hexamod:AdvancingGuard"],"picked":"hexamod:FirstSeal","floor":12},{"not_picked":["hexamod:GhostOfSpirePast+1","hexamod:Hexaguard"],"picked":"hexamod:InspiringFlames","floor":14},{"not_picked":["hexamod:GhostShield","hexamod:PhantomCloak+1"],"picked":"hexamod:ThermalTransfer","floor":15},{"not_picked":["hexamod:ParanormalForm+1","hexamod:UnleashSpirits"],"picked":"hexamod:SixthSeal","floor":16},{"not_picked":["hexamod:PhantomFireball","hexamod:InspiringFlames"],"picked":"hexamod:SoulSteal","floor":19},{"not_picked":["hexamod:HauntingEcho","hexamod:FirstSeal","hexamod:BurningTouch"],"picked":"SKIP","floor":20},{"not_picked":["hexamod:ThermalTransfer","hexamod:Firestarter"],"picked":"hexamod:HauntingEcho+1","floor":23},{"not_picked":["hexamod:RadiantFlame+1","hexamod:RetreatToShadows+1"],"picked":"hexamod:SecondSeal","floor":24},{"not_picked":["hexamod:SkipABeat","hexamod:NightmareGuise","hexamod:ShieldOfDarkness"],"picked":"SKIP","floor":26},{"not_picked":["hexamod:BurningTouch","hexamod:ThermalTransfer"],"picked":"hexamod:RainOfEmbers","floor":28},{"not_picked":["HollowMod:CycloneSlash","HollowMod:DreamGate"],"picked":"bard:Focused","floor":31},{"not_picked":["Potential+1","SporeBomb"],"picked":"Starlight","floor":32},{"not_picked":["SummonToadFamiliar+1","theScribe:Conflagrate"],"picked":"Corpse Explosion","floor":33},{"not_picked":["Gatherer:Snatch+1","Runesmith:RuneHurl+1","AdministrixMod:CrackingPangu+1"],"picked":"SKIP","floor":36},{"not_picked":["Clawfect:Clawter+1","champ:EnGarde+1","ShatteredReality"],"picked":"SKIP","floor":37},{"not_picked":["Slice","AdministrixMod:Katabasis+1","hierophant:Zeal"],"picked":"SKIP","floor":40}],"player_experience":145685,"relics_obtained":[{"floor":5,"key":"War Paint"},{"floor":6,"key":"Frozen Egg 2"},{"floor":8,"key":"Bottled Lightning"},{"floor":24,"key":"Gremlin Horn"},{"floor":26,"key":"PreservedInsect"},{"floor":29,"key":"PrismaticShard"},{"floor":30,"key":"CCEMRelics:WhiteRose"},{"floor":41,"key":"Art of War"}],"event_choices":[{"damage_healed":0,"gold_gain":1,"player_choice":"1","damage_taken":0,"max_hp_gain":0,"max_hp_loss":0,"event_name":"betterStone:BetterStone","floor":10,"gold_loss":0},{"cards_removed":["hexamod:RadiantFlame"],"damage_healed":0,"gold_gain":0,"player_choice":"Give","damage_taken":0,"max_hp_gain":0,"max_hp_loss":0,"event_name":"betterNote:BetterNote","floor":21,"gold_loss":0,"cards_obtained":["None"]},{"cards_removed":["hexamod:Strike"],"damage_healed":0,"gold_gain":0,"player_choice":"Purged","damage_taken":0,"max_hp_gain":0,"max_hp_loss":0,"event_name":"Purifier","floor":39,"gold_loss":0}],"is_beta":false,"boss_relics":[{"not_picked":["CCEMRelics:TransientCore","halation:CatFaceCupcake"],"picked":"Ring of Chaos"},{"not_picked":["hubris:GrandSneckoEye","Calling Bell"],"picked":"Empty Cage"}],"items_purged_floors":[20],"is_endless":false,"potions_floor_spawned":[6,8,14,16,26,28,31,36],"killed_by":"4 Shapes","ascension_level":0}}