{"host":"a5lz0e76zb3fcwkm","time":1610195396,"event":{"mods":["AchievementEnabler","BaseMod","Colored Map","Colored Powertips","Minty Spire (QoL Compilation)","StSLib","SuperFastMode"],"gold_per_floor":[416,426,351,351,10,10,23,55,55,69,103,119,133,144,144,215,215,232,132,151,151,151,151,179,179,206,219,250,263,288,302,302,379,379,396,396,75,95,95,121,141,141,196,231,253,253,253,267,267,267,267,267,267,44,86,86,86],"floor_reached":56,"playtime":1573,"items_purged":["Strike_G","Strike_G","Blade Dance"],"score":2433,"play_id":"d0313473-cba2-4ec0-ad50-c911663db199","local_time":"20210109212956","is_ascension_mode":true,"campfire_choices":[{"data":"Accuracy","floor":6,"key":"SMITH"},{"floor":15,"key":"REST"},{"floor":23,"key":"RECALL"},{"floor":25,"key":"REST"},{"floor":32,"key":"REST"},{"data":"1","floor":42,"key":"LIFT"},{"data":"2","floor":46,"key":"LIFT"},{"data":"3","floor":49,"key":"LIFT"},{"floor":53,"key":"REST"}],"circlet_count":0,"master_deck":["AscendersBane","Defend_G","Defend_G","Defend_G","Survivor","Neutralize","Backflip","Accuracy+1","Phantasmal Killer+1","Blade Dance+1","Blade Dance+1","Adrenaline+1","Calculated Gamble+1","Acrobatics+1","Terror+1","Acrobatics+1","Cloak And Dagger+1","Concentrate+1","Acrobatics+1","Reflex+1","Doppelganger+1","Deflect+1","Reflex+1","Prepared+1","Backflip+1","PiercingWail+1","Panacea+1","PiercingWail+1"],"relics":["Ring of the Snake","Old Coin","Toxic Egg 2","Bird Faced Urn","Oddly Smooth Stone","Fusion Hammer","The Specimen","Boot","White Beast Statue","Art of War","Astrolabe","Calipers","Centennial Puzzle","Girya","Strawberry","CeramicFish","Gremlin Horn"],"acts_visited":["Exordium","TheCity","TheBeyond","TheEnding"],"potions_floor_usage":[8,16,16,20,56,56,56,56],"damage_taken":[{"damage":2,"enemies":"Small Slimes","floor":1,"turns":5},{"damage":6,"enemies":"Cultist","floor":2,"turns":4},{"damage":1,"enemies":"2 Louse","floor":7,"turns":4},{"damage":35,"enemies":"Gremlin Nob","floor":8,"turns":5},{"damage":8,"enemies":"Blue Slaver","floor":10,"turns":3},{"damage":10,"enemies":"Lagavulin","floor":11,"turns":6},{"damage":0,"enemies":"2 Fungi Beasts","floor":12,"turns":2},{"damage":0,"enemies":"Exordium Thugs","floor":13,"turns":3},{"damage":0,"enemies":"3 Louse","floor":14,"turns":3},{"damage":0,"enemies":"Slime Boss","floor":16,"turns":2},{"damage":0,"enemies":"2 Thieves","floor":18,"turns":2},{"damage":0,"enemies":"Spheric Guardian","floor":20,"turns":2},{"damage":3,"enemies":"Slavers","floor":24,"turns":3},{"damage":0,"enemies":"Centurion and Healer","floor":27,"turns":2},{"damage":0,"enemies":"Book of Stabbing","floor":28,"turns":2},{"damage":0,"enemies":"Cultist and Chosen","floor":29,"turns":3},{"damage":0,"enemies":"Gremlin Leader","floor":30,"turns":2},{"damage":0,"enemies":"Chosen and Byrds","floor":31,"turns":2},{"damage":0,"enemies":"Collector","floor":33,"turns":2},{"damage":0,"enemies":"Orb Walker","floor":35,"turns":2},{"damage":0,"enemies":"3 Darklings","floor":38,"turns":2},{"damage":0,"enemies":"Nemesis","floor":40,"turns":1},{"damage":0,"enemies":"Jaw Worm Horde","floor":41,"turns":2},{"damage":0,"enemies":"Reptomancer","floor":44,"turns":1},{"damage":0,"enemies":"Transient","floor":45,"turns":6},{"damage":0,"enemies":"3 Darklings","floor":48,"turns":1},{"damage":43,"enemies":"Time Eater","floor":50,"turns":5},{"damage":10,"enemies":"Donu and Deca","floor":51,"turns":3},{"damage":0,"enemies":"Shield and Spear","floor":55,"turns":3},{"damage":67,"enemies":"The Heart","floor":56,"turns":5}],"seed_played":"4885987437929816274","potions_obtained":[{"floor":7,"key":"Block Potion"},{"floor":11,"key":"CunningPotion"},{"floor":13,"key":"PowerPotion"},{"floor":16,"key":"AttackPotion"},{"floor":18,"key":"Explosive Potion"},{"floor":24,"key":"GamblersBrew"},{"floor":29,"key":"SteroidPotion"},{"floor":38,"key":"EntropicBrew"},{"floor":40,"key":"Energy Potion"},{"floor":44,"key":"Dexterity Potion"}],"is_trial":false,"path_per_floor":["M","M","?","?","$","R","M","E","T","M","E","M","M","M","R","B",null,"M","$","M","?","?","R","E","R","T","M","E","M","E","M","R","B",null,"M","?","$","M","?","E","M","R","T","E","M","R","?","M","R","B","B",null,"R","$","E","B"],"character_chosen":"THE_SILENT","items_purchased":["Toxic Egg 2","Calipers","Panacea+1"],"campfire_rested":4,"item_purchase_floors":[5,37,54],"current_hp_per_floor":[57,51,51,51,51,51,50,15,15,9,1,3,5,7,25,29,52,54,54,56,56,56,56,55,60,60,60,60,60,60,60,60,60,60,60,60,60,60,60,60,60,60,67,67,67,67,67,67,67,24,16,54,67,67,67,0,0],"gold":86,"neow_bonus":"ONE_RARE_RELIC","is_daily":false,"chose_seed":false,"campfire_upgraded":1,"win_rate":0.0,"timestamp":1610195396,"path_taken":["M","M","?","?","$","R","M","E","T","M","E","M","?","M","R","BOSS","M","$","?","?","?","R","E","R","T","M","E","M","E","M","R","BOSS","M","?","$","?","?","E","M","R","T","E","?","R","?","?","R","BOSS","BOSS","R","$","E","BOSS"],"items_purchased_type":["Relic","Relic","Card"],"build_version":"2020-12-22","purchased_purges":3,"victory":false,"max_hp_per_floor":[60,60,60,60,60,60,60,60,60,60,60,60,60,60,60,60,60,60,60,60,60,60,60,60,60,60,60,60,60,60,60,60,60,60,60,60,60,60,60,60,60,60,67,67,67,67,67,67,67,67,67,67,67,67,67,67,67],"card_choices":[{"not_picked":["Bane","Escape Plan"],"picked":"Blade Dance","floor":1},{"not_picked":["Quick Slash","Underhanded Strike"],"picked":"Backflip","floor":2},{"not_picked":["Quick Slash","Outmaneuver+1","Predator"],"picked":"SKIP","floor":7},{"not_picked":["Outmaneuver+1","Prepared+1"],"picked":"Phantasmal Killer+1","floor":8},{"not_picked":["Slice","Backflip+1","Distraction+1"],"picked":"SKIP","floor":10},{"not_picked":["Slice","Backflip+1","Distraction+1"],"picked":"SKIP","floor":10},{"not_picked":["Backflip+1","Catalyst+1","Die Die Die"],"picked":"SKIP","floor":11},{"not_picked":["Slice","Deadly Poison+1"],"picked":"Blade Dance+1","floor":12},{"not_picked":["Dash","Endless Agony","Deflect+1"],"picked":"SKIP","floor":13},{"not_picked":["Dodge and Roll+1","Tactician+1"],"picked":"Blade Dance+1","floor":14},{"not_picked":["Venomology+1","Die Die Die"],"picked":"Adrenaline+1","floor":16},{"not_picked":["Poisoned Stab+1","Footwork"],"picked":"Calculated Gamble+1","floor":18},{"not_picked":["Underhanded Strike","Infinite Blades"],"picked":"Acrobatics+1","floor":20},{"not_picked":["Underhanded Strike","Dash"],"picked":"Acrobatics+1","floor":24},{"not_picked":["Poisoned Stab","Riddle With Holes","Dodge and Roll+1"],"picked":"SKIP","floor":27},{"not_picked":["Outmaneuver+1","Blade Dance+1","Sucker Punch"],"picked":"SKIP","floor":28},{"not_picked":["Flying Knee","Phantasmal Killer+1"],"picked":"Cloak And Dagger+1","floor":29},{"not_picked":["All Out Attack","Setup+1"],"picked":"Concentrate+1","floor":30},{"not_picked":["Prepared+1","Flying Knee+1"],"picked":"Acrobatics+1","floor":31},{"not_picked":["Eviscerate","Deflect+1","Dash"],"picked":"SKIP","floor":35},{"not_picked":["Backstab+1","Flying Knee"],"picked":"Prepared+1","floor":38},{"not_picked":["Cloak And Dagger+1","Infinite Blades+1"],"picked":"Backflip+1","floor":40},{"not_picked":["Heel Hook","Distraction+1","Deadly Poison+1"],"picked":"SKIP","floor":41},{"not_picked":["Skewer+1","Noxious Fumes","Dodge and Roll+1"],"picked":"SKIP","floor":44},{"not_picked":["Skewer+1","Cloak And Dagger+1"],"picked":"PiercingWail+1","floor":45},{"not_picked":["Caltrops","Flechettes","Calculated Gamble+1"],"picked":"SKIP","floor":48},{"not_picked":["All Out Attack","Dodge and Roll+1"],"picked":"PiercingWail+1","floor":55}],"player_experience":1700648,"relics_obtained":[{"floor":8,"key":"Bird Faced Urn"},{"floor":11,"key":"Oddly Smooth Stone"},{"floor":24,"key":"The Specimen"},{"floor":26,"key":"Boot"},{"floor":28,"key":"White Beast Statue"},{"floor":30,"key":"Art of War"},{"floor":40,"key":"Girya"},{"floor":43,"key":"Strawberry"},{"floor":44,"key":"CeramicFish"},{"floor":55,"key":"Gremlin Horn"}],"event_choices":[{"cards_removed":["Strike_G"],"damage_healed":0,"gold_gain":0,"player_choice":"Card Removal","damage_taken":0,"max_hp_gain":0,"max_hp_loss":0,"event_name":"The Cleric","floor":3,"gold_loss":75},{"damage_healed":0,"gold_gain":0,"cards_transformed":["Strike_G"],"player_choice":"Transformed","damage_taken":0,"max_hp_gain":0,"max_hp_loss":0,"event_name":"Transmorgrifier","floor":4,"gold_loss":0,"cards_obtained":["Accuracy"]},{"damage_healed":0,"gold_gain":0,"player_choice":"Ignored","damage_taken":0,"max_hp_gain":0,"max_hp_loss":0,"event_name":"Vampires","floor":21,"gold_loss":0},{"damage_healed":0,"gold_gain":0,"player_choice":"Read","damage_taken":0,"max_hp_gain":0,"max_hp_loss":0,"event_name":"The Library","floor":22,"gold_loss":0,"cards_obtained":["Terror"]},{"damage_healed":0,"gold_gain":0,"player_choice":"Copied","damage_taken":0,"max_hp_gain":0,"max_hp_loss":0,"event_name":"Duplicator","floor":36,"gold_loss":0,"cards_obtained":["Reflex"]},{"damage_healed":0,"gold_gain":0,"player_choice":"Gave Potion","damage_taken":0,"relics_obtained":["Centennial Puzzle"],"max_hp_gain":0,"max_hp_loss":0,"event_name":"WeMeetAgain","floor":39,"gold_loss":0},{"damage_healed":0,"gold_gain":0,"player_choice":"Full Heal","damage_taken":0,"max_hp_gain":0,"max_hp_loss":0,"event_name":"Wheel of Change","floor":47,"gold_loss":0}],"is_beta":false,"boss_relics":[{"not_picked":["Coffee Dripper","Calling Bell"],"picked":"Fusion Hammer"},{"not_picked":["Sozu","Philosopher\u0027s Stone"],"picked":"Astrolabe"}],"items_purged_floors":[5,19,54],"is_endless":false,"potions_floor_spawned":[7,11,13,14,16,18,24,28,29,30,31,33,35,38,40,41,44,45,48,55],"killed_by":"The Heart","ascension_level":20}}