{"host":"w3x3n9s6mrz4xpf0","time":1610208295,"event":{"mods":["BaseMod","Minty Spire (QoL Compilation)","StSLib","SuperFastMode"],"gold_per_floor":[110,110,130,55,55,55,74,74,74,74,124,141,172,187,187,260,260,270,320,235,253,253,253,286,305,332,121,121,121,121,155,155,230,230,247,147,159,205,222,256,268,305,340,352,392,404,435,480,492,504,516,528,540,42,72,72],"floor_reached":57,"playtime":3275,"items_purged":["Finisher","Pain","All Out Attack","Glass Knife+1"],"score":2958,"play_id":"e785f727-c7ff-4455-93d3-f3174a417dbc","local_time":"20210110010455","is_ascension_mode":true,"campfire_choices":[{"data":"Noxious Fumes","floor":6.0,"key":"SMITH"},{"data":"A Thousand Cuts","floor":8.0,"key":"SMITH"},{"data":"Noxious Fumes","floor":10.0,"key":"SMITH"},{"data":"Tactician","floor":15.0,"key":"SMITH"},{"floor":23.0,"key":"RECALL"},{"data":"Adrenaline","floor":28.0,"key":"SMITH"},{"floor":32.0,"key":"REST"},{"floor":41.0,"key":"REST"},{"floor":49.0,"key":"REST"},{"floor":53.0,"key":"REST"}],"circlet_count":0,"master_deck":["AscendersBane","Survivor","Neutralize","Noxious Fumes+1","Endless Agony","A Thousand Cuts+1","Noxious Fumes+1","Leg Sweep","Deflect","Acrobatics","Deflect","Backflip","Tactician+1","CurseOfTheBell","Adrenaline","Adrenaline+1","Adrenaline+1","After Image","Backflip+1"],"relics":["Pandora\u0027s Box","Molten Egg 2","WarpedTongs","The Courier","Centennial Puzzle","Calling Bell","Orichalcum","Ornamental Fan","Ginger","PreservedInsect","Vajra","Juzu Bracelet","DollysMirror","Gambling Chip","Fusion Hammer","Torii","MawBank","Meat on the Bone","Oddly Smooth Stone","Toy Ornithopter","OrangePellets","Paper Crane","HornCleat"],"acts_visited":["TheCity","TheBeyond","TheEnding"],"potions_floor_usage":[56,56],"damage_taken":[{"damage":1.0,"enemies":"Jaw Worm","floor":1.0,"turns":3.0},{"damage":0.0,"enemies":"Cultist","floor":3.0,"turns":5.0},{"damage":11.0,"enemies":"2 Louse","floor":7.0,"turns":2.0},{"damage":2.0,"enemies":"Red Slaver","floor":12.0,"turns":2.0},{"damage":4.0,"enemies":"3 Sentries","floor":13.0,"turns":5.0},{"damage":1.0,"enemies":"3 Louse","floor":14.0,"turns":3.0},{"damage":3.0,"enemies":"Hexaghost","floor":16.0,"turns":8.0},{"damage":10.0,"enemies":"2 Thieves","floor":18.0,"turns":4.0},{"damage":11.0,"enemies":"Spheric Guardian","floor":21.0,"turns":4.0},{"damage":26.0,"enemies":"Book of Stabbing","floor":24.0,"turns":6.0},{"damage":2.0,"enemies":"Centurion and Healer","floor":25.0,"turns":6.0},{"damage":4.0,"enemies":"Slavers","floor":31.0,"turns":3.0},{"damage":7.0,"enemies":"Champ","floor":33.0,"turns":12.0},{"damage":0.0,"enemies":"Orb Walker","floor":35.0,"turns":3.0},{"damage":0.0,"enemies":"3 Shapes","floor":37.0,"turns":3.0},{"damage":0.0,"enemies":"2 Orb Walkers","floor":38.0,"turns":3.0},{"damage":0.0,"enemies":"Writhing Mass","floor":39.0,"turns":4.0},{"damage":1.0,"enemies":"Giant Head","floor":40.0,"turns":6.0},{"damage":1.0,"enemies":"Nemesis","floor":42.0,"turns":5.0},{"damage":0.0,"enemies":"Giant Head","floor":45.0,"turns":4.0},{"damage":0.0,"enemies":"3 Darklings","floor":47.0,"turns":3.0},{"damage":8.0,"enemies":"Nemesis","floor":48.0,"turns":7.0},{"damage":0.0,"enemies":"Donu and Deca","floor":50.0,"turns":9.0},{"damage":17.0,"enemies":"Awakened One","floor":51.0,"turns":22.0},{"damage":33,"enemies":"Shield and Spear","floor":55,"turns":7},{"damage":30,"enemies":"The Heart","floor":56,"turns":10}],"seed_played":"-7260105760114844836","potions_obtained":[{"floor":12.0,"key":"Explosive Potion"},{"floor":14.0,"key":"Regen Potion"},{"floor":16.0,"key":"CunningPotion"},{"floor":21.0,"key":"DuplicationPotion"},{"floor":31.0,"key":"SpeedPotion"},{"floor":33.0,"key":"LiquidBronze"},{"floor":37.0,"key":"SteroidPotion"},{"floor":38.0,"key":"Explosive Potion"},{"floor":39.0,"key":"Ancient Potion"}],"is_trial":false,"path_per_floor":["M","?","M","$","?","R","M","R","T","R","?","M","E","M","R","B",null,"M","?","?","M","?","R","E","M","T","$","R","?","?","E","R","B",null,"M","$","M","?","M","E","R","E","T","?","E","?","M","E","R","B","B",null,"R","$","E","B",null],"character_chosen":"THE_SILENT","items_purchased":["DollysMirror","OrangePellets","SteroidPotion","Paper Crane"],"campfire_rested":4,"item_purchase_floors":[27,54,54,54],"current_hp_per_floor":[58,47,47,47,47,47,36,36,36,36,30,28,24,23,23,35,58,48,48,48,37,37,37,11,9,9,9,9,9,9,5,24,17,54,54,54,54,54,54,53,66,65,65,76,76,76,76,68,76,76,59,72,76,76,43,35],"gold":72,"neow_bonus":"BOSS_RELIC","is_daily":false,"chose_seed":false,"campfire_upgraded":5,"win_rate":0.0,"timestamp":1610208295,"path_taken":["M","?","M","$","?","R","?","R","T","R","?","M","E","?","R","BOSS","M","?","?","M","?","R","E","?","T","$","R","?","?","E","R","BOSS","M","$","M","?","M","E","R","E","T","?","E","?","M","E","R","BOSS","BOSS","R","$","E","BOSS"],"items_purchased_type":["Relic","Relic","Potion","Relic"],"build_version":"2020-12-22","purchased_purges":4,"victory":true,"max_hp_per_floor":[66,66,66,66,66,66,66,66,66,66,66,66,66,66,66,66,66,66,66,66,66,66,66,66,66,66,66,66,66,66,66,66,66,66,66,66,66,66,66,66,66,66,66,76,76,76,76,76,76,76,76,76,76,76,76,76],"card_choices":[{"not_picked":["Deflect","Deadly Poison","Dodge and Roll"],"picked":"SKIP","floor":1.0},{"not_picked":["Deadly Poison","Dodge and Roll"],"picked":"Deflect","floor":1.0},{"not_picked":["PiercingWail","Masterful Stab+1"],"picked":"Backflip","floor":3.0},{"not_picked":["Deadly Poison","Cloak And Dagger"],"picked":"Glass Knife+1","floor":7.0},{"not_picked":["Distraction","Dodge and Roll","Deflect"],"picked":"SKIP","floor":12.0},{"not_picked":["Distraction","Dodge and Roll","Deflect"],"picked":"SKIP","floor":12.0},{"not_picked":["Prepared","Bane+1"],"picked":"Tactician","floor":13.0},{"not_picked":["Backflip","Slice+1","Poisoned Stab+1"],"picked":"SKIP","floor":14.0},{"not_picked":["Backflip","Slice+1","Poisoned Stab+1"],"picked":"SKIP","floor":14.0},{"not_picked":["Choke+1","Acrobatics+1","Blade Dance"],"picked":"SKIP","floor":18.0},{"not_picked":["Prepared","Slice+1","Distraction"],"picked":"SKIP","floor":21.0},{"not_picked":["Dash+1","Flechettes+1"],"picked":"Adrenaline","floor":24.0},{"not_picked":["Slice+1","Poisoned Stab+1","Dodge and Roll"],"picked":"SKIP","floor":25.0},{"not_picked":["Quick Slash+1","Prepared","Flying Knee+1"],"picked":"SKIP","floor":31.0},{"not_picked":["Adrenaline","A Thousand Cuts"],"picked":"After Image","floor":33.0},{"not_picked":["Accuracy","Caltrops+1","PiercingWail"],"picked":"SKIP","floor":35.0},{"not_picked":["Sucker Punch+1","Underhanded Strike+1","Heel Hook+1"],"picked":"SKIP","floor":37.0},{"not_picked":["Escape Plan+1","Corpse Explosion"],"picked":"Backflip+1","floor":39.0},{"not_picked":["Well Laid Plans","Heel Hook+1","Quick Slash+1"],"picked":"SKIP","floor":40.0},{"not_picked":["Outmaneuver+1","Quick Slash+1","Accuracy"],"picked":"SKIP","floor":42.0},{"not_picked":["Backflip","Escape Plan","Deadly Poison+1"],"picked":"SKIP","floor":45.0},{"not_picked":["Blade Dance","Bane+1","Backflip+1"],"picked":"SKIP","floor":47.0},{"not_picked":["Tools of the Trade","Backflip","Tactician"],"picked":"SKIP","floor":48.0},{"not_picked":["Expertise","Deflect","Storm of Steel"],"picked":"SKIP","floor":55}],"player_experience":127024,"relics_obtained":[{"floor":9.0,"key":"The Courier"},{"floor":13.0,"key":"Centennial Puzzle"},{"floor":17.0,"key":"Orichalcum"},{"floor":17.0,"key":"Ornamental Fan"},{"floor":17.0,"key":"Ginger"},{"floor":24.0,"key":"Vajra"},{"floor":26.0,"key":"Juzu Bracelet"},{"floor":31.0,"key":"Gambling Chip"},{"floor":38.0,"key":"Torii"},{"floor":40.0,"key":"MawBank"},{"floor":42.0,"key":"Meat on the Bone"},{"floor":45.0,"key":"Oddly Smooth Stone"},{"floor":48.0,"key":"Toy Ornithopter"},{"floor":55,"key":"HornCleat"}],"event_choices":[{"damage_healed":0.0,"max_hp_gain":0.0,"max_hp_loss":0.0,"gold_gain":0.0,"event_name":"Scrap Ooze","player_choice":"Success","floor":2.0,"gold_loss":0.0,"damage_taken":11.0,"relics_obtained":["Molten Egg 2"]},{"damage_healed":0.0,"max_hp_gain":0.0,"max_hp_loss":0.0,"gold_gain":0.0,"event_name":"Accursed Blacksmith","player_choice":"Rummage","floor":5.0,"gold_loss":0.0,"damage_taken":0.0,"relics_obtained":["WarpedTongs"],"cards_obtained":["Pain"]},{"damage_healed":0.0,"max_hp_gain":0.0,"max_hp_loss":0.0,"gold_gain":50.0,"event_name":"FaceTrader","player_choice":"Touch","floor":11.0,"gold_loss":0.0,"damage_taken":6.0},{"damage_healed":0.0,"max_hp_gain":0.0,"max_hp_loss":0.0,"gold_gain":50.0,"event_name":"Nest","player_choice":"Stole From Cult","floor":19.0,"gold_loss":0.0,"damage_taken":0.0},{"damage_healed":0.0,"max_hp_gain":0.0,"max_hp_loss":0.0,"gold_gain":0.0,"event_name":"Addict","player_choice":"Obtained Relic","floor":20.0,"gold_loss":85.0,"damage_taken":0.0,"relics_obtained":["PreservedInsect"]},{"damage_healed":0.0,"max_hp_gain":0.0,"max_hp_loss":0.0,"gold_gain":0.0,"event_name":"Match and Keep!","player_choice":"0 cards matched","floor":22.0,"gold_loss":0.0,"damage_taken":0.0,"cards_obtained":[]},{"damage_healed":0.0,"max_hp_gain":0.0,"max_hp_loss":0.0,"gold_gain":0.0,"event_name":"Duplicator","player_choice":"Copied","floor":29.0,"gold_loss":0.0,"damage_taken":0.0,"cards_obtained":["Adrenaline"]},{"damage_healed":0.0,"max_hp_gain":0.0,"max_hp_loss":0.0,"gold_gain":0.0,"event_name":"Vampires","player_choice":"Ignored","floor":30.0,"gold_loss":0.0,"damage_taken":0.0},{"damage_healed":0.0,"max_hp_gain":0.0,"max_hp_loss":0.0,"gold_gain":0.0,"event_name":"Mysterious Sphere","player_choice":"Fight","floor":38.0,"gold_loss":0.0,"damage_taken":0.0},{"cards_removed":["Unload"],"damage_healed":1.0,"max_hp_gain":10.0,"max_hp_loss":0.0,"gold_gain":0.0,"event_name":"Bonfire Elementals","player_choice":"Offered Rare","floor":44.0,"gold_loss":0.0,"damage_taken":0.0},{"damage_healed":0.0,"max_hp_gain":0.0,"max_hp_loss":0.0,"gold_gain":0.0,"event_name":"Tomb of Lord Red Mask","player_choice":"Ignored","floor":46.0,"gold_loss":0.0,"damage_taken":0.0}],"is_beta":false,"boss_relics":[{"not_picked":["Snecko Eye","SacredBark"],"picked":"Calling Bell"},{"not_picked":["WristBlade","Runic Pyramid"],"picked":"Fusion Hammer"}],"items_purged_floors":[4,27,36,54],"is_endless":false,"potions_floor_spawned":[12,14,16,21,31,33,37,38,39,47],"ascension_level":20}}