{"host":"dzit4ljil6490tuf","time":1610183472,"event":{"mods":["BaseMod","Downfall","Hermit","Hubris","Marisa????????","Minty Spire (QoL Compilation)","StSLib","The Cursed","The Runesmith","The Servant 0.9.4"],"gold_per_floor":[99,113,143,293,313,37,62,87,99,99,112,139,139,169,181,278,278,278,278],"floor_reached":17,"playtime":1000,"items_purged":[],"score":193,"play_id":"055056b6-0de3-4bae-8b2e-b433c478ca73","local_time":"20210109101112","is_ascension_mode":true,"campfire_choices":[{"floor":1,"key":"REST"},{"data":"hexamod:Float","floor":10,"key":"SMITH"}],"circlet_count":0,"master_deck":["hexamod:Strike","hexamod:Strike","hexamod:Strike","hexamod:Strike","hexamod:Defend","hexamod:Defend","hexamod:Defend","hexamod:Defend","hexamod:Sear","hexamod:Float+1","hexamod:Hexaguard","Slimebound:Icky","hexamod:SpectersWail","hexamod:HeatShield","expansioncontent:DashGenerateEvil","hexamod:HauntingEcho","hexamod:GhostShield","hexamod:EtherealExpedition","hexamod:GhostLash","hexamod:GhostLash","hexamod:Toasty","hexamod:GhostShield","hexamod:Firestarter","hexamod:TimeOfNeed"],"relics":["hexamod:SpiritBrand","Unceasing Top","Torii","Orichalcum","Dream Catcher","hubris:DeckOfHolding","Akabeko","Frozen Egg 2","hubris:VirtuousBlindfold"],"acts_visited":["Exordium","TheCity"],"potions_floor_usage":[16],"damage_taken":[{"damage":0,"enemies":"Small Slimes","floor":2,"turns":4},{"damage":1,"enemies":"2 Louse","floor":5,"turns":3},{"damage":2,"enemies":"downfall:FleeingMerchant","floor":6,"turns":4},{"damage":1,"enemies":"3 Sentries","floor":8,"turns":9},{"damage":0,"enemies":"Jaw Worm","floor":9,"turns":2},{"damage":0,"enemies":"2 Fungi Beasts","floor":11,"turns":3},{"damage":14,"enemies":"Lagavulin","floor":12,"turns":6},{"damage":1,"enemies":"3 Sentries","floor":14,"turns":4},{"damage":0,"enemies":"Blue Slaver","floor":15,"turns":1},{"damage":38,"enemies":"downfall:Defect","floor":16,"turns":7}],"seed_played":"7344713265221844128","potions_obtained":[{"floor":5,"key":"Fire Potion"},{"floor":9,"key":"Swift Potion"},{"floor":12,"key":"Strength Potion"},{"floor":16,"key":"Dexterity Potion"}],"is_trial":false,"path_per_floor":["R","M","?","?","M","$","T","E","M","R","M","E","T","E","M","B",null],"character_chosen":"THE_SPIRIT","items_purchased":["expansioncontent:DashGenerateEvil","hexamod:HauntingEcho","hexamod:GhostShield"],"campfire_rested":1,"item_purchase_floors":[6,6,6],"current_hp_per_floor":[70,70,70,70,69,67,67,66,66,66,66,52,52,51,51,13,70,70,70],"gold":278,"neow_bonus":"ONE_RARE_RELIC","is_daily":false,"chose_seed":false,"campfire_upgraded":1,"win_rate":0.0,"timestamp":1610183472,"path_taken":["R","M","?","?","M","?","T","E","M","R","M","E","?","E","M","BOSS"],"items_purchased_type":["Card","Card","Card"],"build_version":"2020-12-22","purchased_purges":0,"victory":false,"max_hp_per_floor":[70,70,70,70,70,70,70,70,70,70,70,70,70,70,70,70,70,70,70],"card_choices":[{"not_picked":["hexamod:GhostOfSpireFuture","hexamod:Firestarter"],"picked":"hexamod:Hexaguard","floor":2},{"not_picked":["hexamod:Incineration","hexamod:NightmareStrike"],"picked":"hexamod:SpectersWail","floor":5},{"not_picked":["hexamod:NightmareStrike","hexamod:NightmareGuise"],"picked":"hexamod:HeatShield","floor":6},{"not_picked":["hexamod:BacktrackSmack","hexamod:InspiringFlames"],"picked":"hexamod:EtherealExpedition","floor":8},{"not_picked":["hexamod:SpectralSpark","hexamod:HeatCrush"],"picked":"hexamod:GhostLash","floor":9},{"not_picked":["hexamod:GhostShield","hexamod:InspiringFlames"],"picked":"hexamod:GhostLash","floor":11},{"not_picked":["hexamod:InspiringFlames","hexamod:GhostShield"],"picked":"hexamod:Toasty","floor":12},{"not_picked":["hexamod:GhostLash","hexamod:BacktrackSmack"],"picked":"hexamod:GhostShield","floor":14},{"not_picked":["hexamod:SpectralAdrenaline","hexamod:GhostShield"],"picked":"hexamod:Firestarter","floor":15},{"not_picked":["hexamod:TimeWarp","hexamod:ApocalypticArmor+1"],"picked":"hexamod:TimeOfNeed","floor":16}],"player_experience":560869,"relics_obtained":[{"floor":7,"key":"Orichalcum"},{"floor":8,"key":"Dream Catcher"},{"floor":12,"key":"hubris:DeckOfHolding"},{"floor":13,"key":"Akabeko"},{"floor":14,"key":"Frozen Egg 2"}],"event_choices":[],"is_beta":false,"boss_relics":[{"not_picked":["hubris:CrackedHourglass","Snecko Eye"],"picked":"hubris:VirtuousBlindfold"}],"items_purged_floors":[],"is_endless":false,"potions_floor_spawned":[5,9,12,14,16],"ascension_level":2}}