{"host":"h4lp0eeso8a0ssq0","time":1610191252,"event":{"mods":["2.2 Compatiblity","AchievementEnabler","BaseMod","CapriCore","Colored Map","Minty Spire (QoL Compilation)","StSLib","SuperFastMode"],"gold_per_floor":[118,137,212,212,226,251,264,264,264,264,290,290,303,319,319,424,424,439,452,452,352,372,372,372,372],"floor_reached":24,"playtime":609,"items_purged":["Strike_G"],"score":323,"play_id":"d6d98f7c-8a80-4930-99a5-ad7200687751","local_time":"20210109202052","is_ascension_mode":true,"campfire_choices":[{"floor":10.0,"key":"REST"},{"floor":12.0,"key":"REST"},{"data":"Catalyst","floor":15.0,"key":"SMITH"},{"data":"Footwork","floor":23,"key":"SMITH"}],"circlet_count":0,"master_deck":["Strike_G","Strike_G","Strike_G","Strike_G","Defend_G","Defend_G","Defend_G","Defend_G","Defend_G","Survivor","Neutralize","Corpse Explosion","Poisoned Stab","Dagger Spray","Footwork+1","Concentrate","Leg Sweep","Catalyst+1","Backflip","Adrenaline","Noxious Fumes","Deadly Poison","Backflip","Malaise"],"relics":["Ring of the Snake","Tingsha","Pantograph","FossilizedHelix","Nunchaku","Velvet Choker"],"acts_visited":["Exordium","TheCity"],"potions_floor_usage":[24],"damage_taken":[{"damage":0.0,"enemies":"2 Louse","floor":1.0,"turns":2.0},{"damage":0.0,"enemies":"Small Slimes","floor":2.0,"turns":3.0},{"damage":5.0,"enemies":"Jaw Worm","floor":5.0,"turns":4.0},{"damage":35.0,"enemies":"Lagavulin","floor":6.0,"turns":9.0},{"damage":0.0,"enemies":"3 Louse","floor":7.0,"turns":2.0},{"damage":36.0,"enemies":"Gremlin Nob","floor":11.0,"turns":5.0},{"damage":0.0,"enemies":"Looter","floor":13.0,"turns":3.0},{"damage":10.0,"enemies":"Large Slime","floor":14.0,"turns":7.0},{"damage":0.0,"enemies":"The Guardian","floor":16.0,"turns":11.0},{"damage":0,"enemies":"Shell Parasite","floor":18,"turns":5},{"damage":0,"enemies":"Chosen","floor":19,"turns":6},{"damage":16,"enemies":"Snake Plant","floor":22,"turns":4},{"damage":43,"enemies":"Slavers","floor":24,"turns":4}],"seed_played":"1379867415279988369","potions_obtained":[{"floor":5.0,"key":"SpeedPotion"},{"floor":7.0,"key":"Energy Potion"},{"floor":14.0,"key":"Fire Potion"},{"floor":22,"key":"SkillPotion"}],"is_trial":false,"path_per_floor":["M","M","?","?","M","E","M","?","T","R","E","R","M","M","R","B",null,"M","M","?","$","M","R","E"],"character_chosen":"THE_SILENT","items_purchased":["Backflip"],"campfire_rested":2,"item_purchase_floors":[21],"current_hp_per_floor":[70,70,59,59,54,19,19,16,16,37,1,22,22,12,12,37,62,62,62,62,62,46,46,3,3],"gold":372,"neow_bonus":"ONE_RANDOM_RARE_CARD","is_daily":false,"chose_seed":false,"campfire_upgraded":2,"win_rate":0.0,"timestamp":1610191252,"path_taken":["M","M","?","?","M","E","M","?","T","R","E","R","M","M","R","BOSS","M","M","?","$","M","R","E"],"items_purchased_type":["Card"],"build_version":"2020-12-22","purchased_purges":1,"victory":false,"max_hp_per_floor":[70,70,70,70,70,70,70,70,70,70,70,70,70,70,70,70,70,70,70,70,70,70,70,70,70],"card_choices":[{"not_picked":["Skewer","Heel Hook"],"picked":"Poisoned Stab","floor":1.0},{"not_picked":["Underhanded Strike","Dodge and Roll"],"picked":"Dagger Spray","floor":2.0},{"not_picked":["Slice","Blade Dance"],"picked":"Footwork","floor":5.0},{"not_picked":["Acrobatics","Underhanded Strike"],"picked":"Concentrate","floor":6.0},{"not_picked":["Dodge and Roll","Cloak And Dagger"],"picked":"Leg Sweep","floor":7.0},{"not_picked":["Venomology","Calculated Gamble"],"picked":"Catalyst","floor":11.0},{"not_picked":["Deflect","Bane","PiercingWail"],"picked":"SKIP","floor":13.0},{"not_picked":["Calculated Gamble","Flying Knee"],"picked":"Backflip","floor":14.0},{"not_picked":["Storm of Steel","Corpse Explosion"],"picked":"Adrenaline","floor":16.0},{"not_picked":["Cloak And Dagger","Quick Slash"],"picked":"Noxious Fumes","floor":18},{"not_picked":["Dodge and Roll","PiercingWail"],"picked":"Deadly Poison","floor":19},{"not_picked":["Tactician","Quick Slash"],"picked":"Malaise","floor":22}],"player_experience":116462,"relics_obtained":[{"floor":6.0,"key":"Tingsha"},{"floor":9.0,"key":"FossilizedHelix"},{"floor":11.0,"key":"Nunchaku"}],"event_choices":[{"damage_healed":0.0,"max_hp_gain":0.0,"max_hp_loss":0.0,"gold_gain":75.0,"event_name":"World of Goop","player_choice":"Gather Gold","floor":3.0,"gold_loss":0.0,"damage_taken":11.0},{"damage_healed":0.0,"max_hp_gain":0.0,"max_hp_loss":0.0,"gold_gain":0.0,"event_name":"Liars Game","player_choice":"Ignored","floor":4.0,"gold_loss":0.0,"damage_taken":0.0},{"damage_healed":0.0,"max_hp_gain":0.0,"max_hp_loss":0.0,"gold_gain":0.0,"event_name":"Scrap Ooze","player_choice":"Success","floor":8.0,"gold_loss":0.0,"damage_taken":3.0,"relics_obtained":["Pantograph"]},{"damage_healed":0,"gold_gain":0,"player_choice":"Ignored","damage_taken":0,"max_hp_gain":0,"max_hp_loss":0,"event_name":"Vampires","floor":20,"gold_loss":0}],"is_beta":false,"boss_relics":[{"not_picked":["Tiny House","Pandora\u0027s Box"],"picked":"Velvet Choker"}],"items_purged_floors":[21],"is_endless":false,"potions_floor_spawned":[5,7,14,22],"killed_by":"Slavers","ascension_level":5}}