{"host":"fnk117zi8wf5078t","time":1610200833,"event":{"mods":["AchievementEnabler","BaseMod","Colored Map","Minty Spire (QoL Compilation)","Rare Cards Sparkle","SuperFastMode","everything is the same but u backflip on backflip"],"gold_per_floor":[119,135,135,210,135,135,169,169,169,182,197,197,209,221,233,245,245],"floor_reached":16,"playtime":262,"items_purged":["Strike_R"],"score":234,"play_id":"81894c57-fab1-4036-9e50-2e8d36186d65","local_time":"20210109230033","is_ascension_mode":true,"campfire_choices":[{"floor":6,"key":"REST"},{"data":"Bash","floor":8,"key":"SMITH"},{"floor":15,"key":"REST"}],"circlet_count":0,"master_deck":["AscendersBane","Strike_R","Strike_R","Strike_R","Defend_R","Defend_R","Defend_R","Defend_R","Bash+1","Cleave","Inflame","Seeing Red","Thunderclap"],"relics":["Burning Blood","NeowsBlessing","Golden Idol","Matryoshka","Anchor","Sundial","MawBank"],"acts_visited":["Exordium"],"potions_floor_usage":[16,16],"damage_taken":[{"damage":0,"enemies":"Cultist","floor":1,"turns":1},{"damage":0,"enemies":"Jaw Worm","floor":2,"turns":1},{"damage":0,"enemies":"Lagavulin","floor":7,"turns":1},{"damage":0,"enemies":"2 Louse","floor":10,"turns":2},{"damage":32,"enemies":"Gremlin Gang","floor":11,"turns":4},{"damage":46,"enemies":"The Guardian","floor":16,"turns":6}],"seed_played":"4363416384676015952","potions_obtained":[{"floor":7,"key":"Dexterity Potion"},{"floor":10,"key":"Swift Potion"}],"is_trial":false,"path_per_floor":["M","M","?","?","$","R","E","R","T","M","M","?","?","$","R","B"],"character_chosen":"IRONCLAD","items_purchased":[],"campfire_rested":2,"item_purchase_floors":[],"current_hp_per_floor":[74,75,49,38,38,60,66,66,66,72,46,20,20,20,42,0,0],"gold":245,"neow_bonus":"THREE_ENEMY_KILL","is_daily":false,"chose_seed":false,"campfire_upgraded":1,"win_rate":0.0,"timestamp":1610200833,"path_taken":["M","?","?","?","$","R","E","R","T","M","M","?","?","$","R","BOSS"],"items_purchased_type":[],"build_version":"2020-12-22","purchased_purges":1,"victory":false,"max_hp_per_floor":[75,75,75,75,75,75,75,75,75,75,75,75,75,75,75,75,75],"card_choices":[{"not_picked":["Pommel Strike","Warcry"],"picked":"Cleave","floor":1},{"not_picked":["Reckless Charge","Shrug It Off"],"picked":"Inflame","floor":2},{"not_picked":["Metallicize","True Grit","Cleave"],"picked":"SKIP","floor":7},{"not_picked":["Thunderclap","Intimidate"],"picked":"Seeing Red","floor":10},{"not_picked":["Iron Wave","Warcry"],"picked":"Thunderclap","floor":11}],"player_experience":362814,"relics_obtained":[{"floor":7,"key":"Matryoshka"},{"floor":9,"key":"Anchor"},{"floor":9,"key":"Sundial"}],"event_choices":[{"damage_healed":0,"gold_gain":0,"player_choice":"Take Damage","damage_taken":26,"relics_obtained":["Golden Idol"],"max_hp_gain":0,"max_hp_loss":0,"event_name":"Golden Idol","floor":3,"gold_loss":0},{"damage_healed":0,"gold_gain":75,"player_choice":"Gather Gold","damage_taken":11,"max_hp_gain":0,"max_hp_loss":0,"event_name":"World of Goop","floor":4,"gold_loss":0},{"damage_healed":0,"gold_gain":0,"player_choice":"Success","damage_taken":26,"relics_obtained":["MawBank"],"max_hp_gain":0,"max_hp_loss":0,"event_name":"Scrap Ooze","floor":12,"gold_loss":0},{"cards_removed":["Strike_R"],"damage_healed":0,"gold_gain":0,"player_choice":"Offered Basic","damage_taken":0,"max_hp_gain":0,"max_hp_loss":0,"event_name":"Bonfire Elementals","floor":13,"gold_loss":0}],"is_beta":false,"boss_relics":[],"items_purged_floors":[5],"is_endless":false,"potions_floor_spawned":[7,10],"killed_by":"The Guardian","ascension_level":18}}