{"host":"15dd7v8o90xso62x","time":1610201658,"event":{"mods":["BaseMod","Minty Spire (QoL Compilation)","Quick Restart","StSLib","SuperFastMode"],"gold_per_floor":[117,129,145,156,173,173,202,214,226,238,284,296,341,366,378,464,476,507,529,541,564,594,639,669,715,807,734,746,434,434,445,445,516,516,530,3,28,39,39,39,74,74,74,74,104,114,0,0,0,0,0],"floor_reached":52,"playtime":2271,"items_purged":["Weave","Consecrate"],"score":2115,"play_id":"ea781280-5dd8-42fc-8b94-710714c347d1","local_time":"20210109231418","is_ascension_mode":true,"campfire_choices":[{"data":"Apotheosis","floor":6.0,"key":"SMITH"},{"data":"Eruption","floor":8.0,"key":"SMITH"},{"data":"MentalFortress","floor":15.0,"key":"SMITH"},{"floor":28.0,"key":"REST"},{"floor":32.0,"key":"REST"},{"floor":40,"key":"RECALL"},{"floor":42,"key":"REST"},{"floor":49,"key":"REST"}],"circlet_count":0,"master_deck":["AscendersBane","Eruption+1","Vigilance","Apotheosis+1","InnerPeace","TalkToTheHand","CutThroughFate","Tantrum","WheelKick","MentalFortress+1","TalkToTheHand","DeceiveReality","Ragnarok","SandsOfTime","MentalFortress","Halt","Adaptation","Adaptation"],"relics":["PureWater","MawBank","Mummified Hand","Ancient Tea Set","Mercury Hourglass","Pandora\u0027s Box","Pear","MealTicket","Bottled Lightning","Prayer Wheel","Orrery","VioletLotus","HandDrill","Juzu Bracelet","Unceasing Top","Frozen Egg 2","Darkstone Periapt","Bag of Preparation","Red Mask"],"acts_visited":["Exordium","TheCity","TheBeyond"],"potions_floor_usage":[41],"damage_taken":[{"damage":0.0,"enemies":"2 Louse","floor":1.0,"turns":1.0},{"damage":2.0,"enemies":"Cultist","floor":2.0,"turns":3.0},{"damage":1.0,"enemies":"Small Slimes","floor":3.0,"turns":4.0},{"damage":1.0,"enemies":"Looter","floor":4.0,"turns":5.0},{"damage":4.0,"enemies":"Exordium Wildlife","floor":5.0,"turns":3.0},{"damage":4.0,"enemies":"3 Sentries","floor":7.0,"turns":6.0},{"damage":0.0,"enemies":"Lagavulin","floor":11.0,"turns":3.0},{"damage":22.0,"enemies":"3 Sentries","floor":13.0,"turns":6.0},{"damage":0.0,"enemies":"Lots of Slimes","floor":14.0,"turns":2.0},{"damage":4.0,"enemies":"The Guardian","floor":16.0,"turns":9.0},{"damage":0.0,"enemies":"Spheric Guardian","floor":18.0,"turns":1.0},{"damage":2.0,"enemies":"3 Byrds","floor":19.0,"turns":3.0},{"damage":0.0,"enemies":"Sentry and Sphere","floor":21.0,"turns":3.0},{"damage":0.0,"enemies":"Centurion and Healer","floor":22.0,"turns":4.0},{"damage":11.0,"enemies":"Gremlin Leader","floor":23.0,"turns":5.0},{"damage":0.0,"enemies":"Snecko","floor":24.0,"turns":2.0},{"damage":40.0,"enemies":"Slavers","floor":25.0,"turns":4.0},{"damage":3.0,"enemies":"Snake Plant","floor":31.0,"turns":3.0},{"damage":22.0,"enemies":"Collector","floor":33.0,"turns":5.0},{"damage":0.0,"enemies":"3 Shapes","floor":35.0,"turns":4.0},{"damage":5.0,"enemies":"Mind Bloom Boss Battle","floor":37.0,"turns":5.0},{"damage":0.0,"enemies":"3 Darklings","floor":38.0,"turns":2.0},{"damage":0,"enemies":"Giant Head","floor":41,"turns":3},{"damage":0,"enemies":"Reptomancer","floor":45,"turns":3},{"damage":0,"enemies":"Maw","floor":46,"turns":3},{"damage":22,"enemies":"Awakened One","floor":50,"turns":4},{"damage":12,"enemies":"Time Eater","floor":51,"turns":9}],"seed_played":"4209500191607031600","potions_obtained":[{"floor":2.0,"key":"LiquidMemories"},{"floor":3.0,"key":"DistilledChaos"},{"floor":5.0,"key":"Swift Potion"},{"floor":13.0,"key":"Dexterity Potion"},{"floor":16.0,"key":"GamblersBrew"},{"floor":19.0,"key":"GamblersBrew"},{"floor":33.0,"key":"SneckoOil"},{"floor":35.0,"key":"StancePotion"},{"floor":37.0,"key":"DuplicationPotion"},{"floor":39.0,"key":"FairyPotion"}],"is_trial":false,"path_per_floor":["M","M","M","M","M","R","E","R","T","?","E","?","E","M","R","B",null,"M","M","?","M","M","E","M","E","T","?","R","$","?","M","R","B",null,"M","$","?","M","?","R","E","R","T","?","E","M","?","?","R","B","B",null],"character_chosen":"WATCHER","items_purchased":["Orrery","EssenceOfSteel","Adaptation","HandDrill","Juzu Bracelet"],"campfire_rested":4,"item_purchase_floors":[29,29,36,36,36],"current_hp_per_floor":[61,59,58,57,53,53,49,49,49,49,49,49,27,27,27,23,52,52,50,50,50,50,49,49,9,9,9,30,45,45,42,63,41,64,64,72,67,67,67,67,67,72,72,68,68,68,68,68,68,46,34],"gold":0,"neow_bonus":"RANDOM_COLORLESS_2","is_daily":false,"chose_seed":false,"campfire_upgraded":3,"win_rate":0.0,"timestamp":1610201658,"path_taken":["M","M","M","M","M","R","E","R","T","?","E","?","E","M","R","BOSS","M","M","?","M","M","E","?","E","T","?","R","$","?","M","R","BOSS","M","$","?","M","?","R","E","R","T","?","E","M","?","?","R","BOSS","BOSS"],"items_purchased_type":["Relic","Potion","Card","Relic","Relic"],"build_version":"2020-12-22","purchased_purges":2,"victory":true,"max_hp_per_floor":[62,62,62,62,62,62,62,62,62,62,62,62,62,62,62,62,62,62,62,62,62,62,72,72,72,72,72,72,72,72,72,72,72,72,72,72,72,72,72,72,72,72,72,68,68,68,68,68,68,68,68],"card_choices":[{"not_picked":["Sadistic Nature","Secret Weapon"],"picked":"Apotheosis","floor":0.0},{"not_picked":["LikeWater","EmptyFist"],"picked":"InnerPeace","floor":1.0},{"not_picked":["WaveOfTheHand","ForeignInfluence"],"picked":"TalkToTheHand","floor":2.0},{"not_picked":["Study","PathToVictory"],"picked":"CutThroughFate","floor":3.0},{"not_picked":["TalkToTheHand","InnerPeace","ClearTheMind"],"picked":"SKIP","floor":4.0},{"not_picked":["Protect","CutThroughFate","Wireheading"],"picked":"SKIP","floor":5.0},{"not_picked":["FlurryOfBlows","Consecrate"],"picked":"Judgement","floor":7.0},{"not_picked":["Meditate","Indignation"],"picked":"Tantrum","floor":11.0},{"not_picked":["Worship","Evaluate"],"picked":"MentalFortress","floor":13.0},{"not_picked":["Protect","PathToVictory","EmptyFist"],"picked":"SKIP","floor":14.0},{"not_picked":["Consecrate","FollowUp","Prostrate"],"picked":"SKIP","floor":18.0},{"not_picked":["Conclude","WaveOfTheHand","WindmillStrike+1"],"picked":"SKIP","floor":19.0},{"not_picked":["BattleHymn+1","EmptyBody","Halt"],"picked":"SKIP","floor":21.0},{"not_picked":["ClearTheMind","JustLucky","Alpha"],"picked":"SKIP","floor":22.0},{"not_picked":["SashWhip","Prostrate","MentalFortress"],"picked":"SKIP","floor":23.0},{"not_picked":["PathToVictory+1","SashWhip","EmptyFist"],"picked":"SKIP","floor":24.0},{"not_picked":["Protect","Fasting2","WreathOfFlame+1"],"picked":"SKIP","floor":25.0},{"not_picked":["Sanctity","ThirdEye"],"picked":"Adaptation","floor":29.0},{"not_picked":["JustLucky","FearNoEvil","ThirdEye"],"picked":"SKIP","floor":31.0},{"not_picked":["ClearTheMind","WreathOfFlame","CutThroughFate"],"picked":"SKIP","floor":31.0},{"not_picked":["Prostrate","CutThroughFate","ClearTheMind+1"],"picked":"SKIP","floor":35.0},{"not_picked":["LikeWater+1","CutThroughFate","Meditate+1"],"picked":"SKIP","floor":35.0},{"not_picked":["Crescendo","Conclude","Prostrate+1"],"picked":"SKIP","floor":38.0},{"not_picked":["Evaluate+1","Collect","SashWhip"],"picked":"SKIP","floor":38.0},{"not_picked":["EmptyFist","Indignation","Protect+1"],"picked":"SKIP","floor":41},{"not_picked":["ThirdEye","MasterReality+1","WindmillStrike"],"picked":"SKIP","floor":45},{"not_picked":["ClearTheMind","Halt+1","Prostrate"],"picked":"SKIP","floor":46},{"not_picked":["Indignation","BattleHymn+1","Consecrate"],"picked":"SKIP","floor":46}],"player_experience":1013925,"relics_obtained":[{"floor":7.0,"key":"MawBank"},{"floor":9.0,"key":"Mummified Hand"},{"floor":11.0,"key":"Ancient Tea Set"},{"floor":13.0,"key":"Mercury Hourglass"},{"floor":23.0,"key":"Pear"},{"floor":25.0,"key":"MealTicket"},{"floor":26.0,"key":"Bottled Lightning"},{"floor":37.0,"key":"Unceasing Top"},{"floor":41,"key":"Frozen Egg 2"},{"floor":43,"key":"Darkstone Periapt"},{"floor":45,"key":"Bag of Preparation"}],"event_choices":[{"damage_healed":0.0,"max_hp_gain":0.0,"max_hp_loss":0.0,"gold_gain":0.0,"event_name":"Liars Game","player_choice":"Ignored","floor":10.0,"gold_loss":0.0,"damage_taken":0.0},{"damage_healed":0.0,"max_hp_gain":0.0,"max_hp_loss":0.0,"gold_gain":0.0,"event_name":"Match and Keep!","player_choice":"1 cards matched","floor":12.0,"gold_loss":0.0,"damage_taken":0.0,"cards_obtained":["WheelKick"]},{"damage_healed":0.0,"max_hp_gain":0.0,"max_hp_loss":0.0,"gold_gain":0.0,"event_name":"Duplicator","player_choice":"Ignored","floor":20.0,"gold_loss":0.0,"damage_taken":0.0},{"damage_healed":0.0,"max_hp_gain":0.0,"max_hp_loss":0.0,"gold_gain":0.0,"event_name":"Addict","player_choice":"Obtained Relic","floor":27.0,"gold_loss":85.0,"damage_taken":0.0,"relics_obtained":["Prayer Wheel"]},{"damage_healed":0.0,"max_hp_gain":0.0,"max_hp_loss":0.0,"gold_gain":0.0,"event_name":"Ghosts","player_choice":"Ignored","floor":30.0,"gold_loss":0.0,"damage_taken":0.0},{"damage_healed":0.0,"max_hp_gain":0.0,"max_hp_loss":0.0,"gold_gain":0.0,"event_name":"MindBloom","player_choice":"Fight","floor":37.0,"gold_loss":0.0,"damage_taken":0.0},{"damage_healed":0.0,"max_hp_gain":0.0,"max_hp_loss":0.0,"gold_gain":0.0,"event_name":"Lab","player_choice":"Got Potions","floor":39.0,"gold_loss":0.0,"damage_taken":0.0},{"damage_healed":0,"gold_gain":0,"player_choice":"Max HP","damage_taken":0,"max_hp_gain":0,"max_hp_loss":4,"event_name":"Winding Halls","floor":44,"gold_loss":0},{"damage_healed":0,"gold_gain":0,"player_choice":"Paid","damage_taken":0,"relics_obtained":["Red Mask"],"max_hp_gain":0,"max_hp_loss":0,"event_name":"Tomb of Lord Red Mask","floor":47,"gold_loss":114},{"cards_removed":["Judgement"],"damage_healed":0,"gold_gain":0,"player_choice":"Removed Skill","damage_taken":0,"max_hp_gain":0,"max_hp_loss":0,"event_name":"Falling","floor":48,"gold_loss":0}],"is_beta":false,"boss_relics":[{"not_picked":["Tiny House","Cursed Key"],"picked":"Pandora\u0027s Box"},{"not_picked":["Black Star","Coffee Dripper"],"picked":"VioletLotus"}],"items_purged_floors":[29,36],"is_endless":false,"potions_floor_spawned":[2,3,5,13,16,19,24,33,35,37],"ascension_level":20}}