{"host":"1zjc08c6hob33401","time":1610203475,"event":{"mods":["AchievementEnabler","Act Like it!","Aspiration","BaseMod","Downfall","Energized Spire","Evolution","GifTheSpireLib","Hubris","Infinite Spire","Jedi Mod","Minty Spire (QoL Compilation)","Pale of the Ancients","Quick Restart","Replay The Spire","Retaliation","Shop Mod","StSLib","Stuff the Spire","The Blue Laboratory","Wandering Minibosses","vexMod"],"gold_per_floor":[117,130,55,66,85,116,116,145,172,172,172],"floor_reached":10,"playtime":652,"items_purged":["Defend_R"],"score":126,"play_id":"970e0881-3336-41d1-8200-25b606d561a5","local_time":"20210109164435","is_ascension_mode":true,"campfire_choices":[{"data":"Blood for Blood","floor":7.0,"key":"SMITH"}],"circlet_count":0,"master_deck":["Twin Strike","Twin Strike","Twin Strike","Twin Strike","Strike_R","Defend_R","Defend_R","Defend_R","Bash","Shockwave","Intimidate","Heavy Blade","Pommel Strike","Flex","Blood for Blood+1","Limit Break"],"relics":["Burning Blood","EVO:Axolotl","jedi:ironblood","Bottled Flame","Vajra"],"acts_visited":["Exordium"],"potions_floor_usage":[10],"damage_taken":[{"damage":9.0,"enemies":"2 Louse","floor":1.0,"turns":4.0},{"damage":6.0,"enemies":"Jaw Worm","floor":2.0,"turns":3.0},{"damage":9.0,"enemies":"Small Slimes","floor":4.0,"turns":3.0},{"damage":11.0,"enemies":"Looter","floor":5.0,"turns":2.0},{"damage":35.0,"enemies":"Lagavulin","floor":6.0,"turns":4.0},{"damage":29,"enemies":"Gremlin Nob","floor":8,"turns":4},{"damage":21,"enemies":"Lagavulin","floor":10,"turns":3}],"seed_played":"-4797461770819990817","potions_obtained":[{"floor":1.0,"key":"jedi:tentaclejuice"},{"floor":2.0,"key":"ElixirPotion"},{"floor":6.0,"key":"blueLaboratory:TrueEctoplasm"}],"is_trial":false,"path_per_floor":["M","M","$","M","M","E","R","E","T","E"],"character_chosen":"IRONCLAD","items_purchased":[],"campfire_rested":0,"item_purchase_floors":[],"current_hp_per_floor":[69,69,69,66,61,32,32,9,9,0,0],"gold":172,"neow_bonus":"THREE_CARDS","is_daily":false,"chose_seed":false,"campfire_upgraded":1,"win_rate":0.0,"timestamp":1610203475,"path_taken":["M","M","$","M","M","E","R","E","T","E"],"items_purchased_type":[],"build_version":"2020-12-22","purchased_purges":1,"victory":false,"max_hp_per_floor":[80,80,80,80,80,80,80,80,80,80,80],"card_choices":[{"not_picked":["Body Slam","ReplayTheSpireMod:Strike From Hell"],"picked":"Shockwave","floor":0.0},{"not_picked":["Rampage","jedi:fear"],"picked":"Intimidate","floor":1.0},{"not_picked":["Whirlwind","hubris:SharpeningStone"],"picked":"Heavy Blade","floor":2.0},{"not_picked":["Massacre","jedi:hate"],"picked":"Pommel Strike","floor":4.0},{"not_picked":["Fire Breathing","StuffTheSpire:Resist"],"picked":"Flex","floor":5.0},{"not_picked":["DDmod:CallousedSkill","StuffTheSpire:Incineration"],"picked":"Blood for Blood","floor":6.0},{"not_picked":["ReplayTheSpireMod:Strike From Hell","Ghostly Armor"],"picked":"Limit Break","floor":8}],"player_experience":534328,"relics_obtained":[{"floor":6.0,"key":"jedi:ironblood"},{"floor":8,"key":"Bottled Flame"},{"floor":9,"key":"Vajra"}],"event_choices":[],"is_beta":false,"boss_relics":[],"items_purged_floors":[3],"is_endless":false,"potions_floor_spawned":[1,2,6],"killed_by":"Lagavulin","ascension_level":6}}