{"host":"86c6vgocyjlprmyx","time":1610157853,"event":{"mods":["BaseMod","Downfall","Hermit","Minty Spire (QoL Compilation)","Quick Restart","Replay The Spire","Shade Mod","StSLib","The Cursed","The Hierophant"],"gold_per_floor":[113,35,48,66,86,118,118,118,141,141,172,158,158,176,176,274,274,294,309,328,347,358,389,389,408,408,428,70,83,44,62,62,62,62],"floor_reached":33,"playtime":4072,"items_purged":["hermit:Strike_Hermit","hermit:Strike_Hermit"],"score":297,"play_id":"5aeb946c-3709-41b1-9a9f-5818fc5165e9","local_time":"20210109030413","is_ascension_mode":true,"campfire_choices":[{"data":"hermit:WideOpen","floor":7.0,"key":"SMITH"},{"data":"hermit:PistolWhip","floor":10.0,"key":"SMITH"},{"floor":13,"key":"REST"},{"data":"hermit:Snipe","floor":15,"key":"SMITH"},{"floor":24,"key":"REST"},{"floor":32,"key":"REST"}],"circlet_count":0,"master_deck":["hermit:Strike_Hermit","hermit:Strike_Hermit","hermit:Defend_Hermit","hermit:Defend_Hermit","hermit:Defend_Hermit","hermit:Defend_Hermit","hermit:Snapshot","hermit:Covet","hermit:WideOpen+1","hermit:Desperado","hermit:SprayPray","hermit:LowProfile+1","hermit:TrackingShot","hermit:Misfire","hermit:PistolWhip+1","hermit:Ricochet","Overencumbered","hermit:HighCaliber+1","hermit:Snipe+1","hermit:WideOpen","hermit:Dissolve","hermit:TakeCover","hermit:CalledShot","hermit:Dive","hermit:EyeOfTheStorm","hermit:SprayPray+1","hermit:EyeOfTheStorm+1","hermit:Headshot","hermit:Headshot+1","hermit:Quickdraw","hermit:ShadowCloak","hermit:Malice"],"relics":["hermit:Momento","Potion Belt","Regal Pillow","Ancient Tea Set","ReplayTheSpireMod:CursedCoin","ChewingGum","Ice Cream","ReplayTheSpireMod:Shallot","Replay:Bottled Eggs"],"acts_visited":["Exordium","TheCity"],"potions_floor_usage":[16,20,21,22,23,33,33],"damage_taken":[{"damage":0.0,"enemies":"Cultist","floor":1.0,"turns":3.0},{"damage":0.0,"enemies":"Small Slimes","floor":3.0,"turns":2.0},{"damage":1.0,"enemies":"Jaw Worm","floor":4.0,"turns":3.0},{"damage":9.0,"enemies":"2 Fungi Beasts","floor":5.0,"turns":2.0},{"damage":31.0,"enemies":"Gremlin Nob","floor":6.0,"turns":4.0},{"damage":23.0,"enemies":"3 Sentries","floor":11.0,"turns":7.0},{"damage":0,"enemies":"Red Slaver","floor":14,"turns":1},{"damage":37,"enemies":"Slime Boss","floor":16,"turns":9},{"damage":10,"enemies":"Chosen","floor":18,"turns":2},{"damage":4,"enemies":"3 Byrds","floor":19,"turns":6},{"damage":8,"enemies":"Centurion and Healer","floor":20,"turns":7},{"damage":4,"enemies":"Snake Plant","floor":21,"turns":4},{"damage":6,"enemies":"Chosen and Byrds","floor":22,"turns":4},{"damage":41,"enemies":"Gremlin Leader","floor":23,"turns":6},{"damage":3,"enemies":"Centurion and Healer","floor":25,"turns":5},{"damage":18,"enemies":"Snake Plant","floor":27,"turns":2},{"damage":0,"enemies":"Cultist and Chosen","floor":29,"turns":5},{"damage":3,"enemies":"Centurion and Healer","floor":31,"turns":5},{"damage":65,"enemies":"Automaton","floor":33,"turns":8}],"seed_played":"-1476979656416696817","potions_obtained":[{"floor":3.0,"key":"Elixir"},{"floor":4.0,"key":"Swift Potion"},{"floor":6.0,"key":"SkillPotion"},{"floor":11.0,"key":"Weak Potion"},{"floor":18,"key":"Venom Potion"},{"floor":19,"key":"champ:CounterPotion"},{"floor":20,"key":"CultistPotion"},{"floor":25,"key":"SpeedPotion"},{"floor":31,"key":"Strength Potion"}],"is_trial":false,"path_per_floor":["M","$","M","M","M","E","R","?","T","R","E","$","R","M","R","B",null,"M","M","M","M","M","E","R","M","T","M","$","M","$","M","R","B"],"character_chosen":"HERMIT","items_purchased":["hermit:Desperado","hermit:SprayPray","ReplayTheSpireMod:CursedCoin","hermit:HighCaliber+1","hermit:Snipe","Replay:Bottled Eggs","hermit:ShadowCloak"],"campfire_rested":3,"item_purchase_floors":[2,2,12,12,12,28,30],"current_hp_per_floor":[82,82,82,81,72,41,41,41,41,41,18,18,57,57,57,20,82,72,68,60,56,50,9,48,45,45,27,27,27,27,24,63,0,0],"gold":62,"neow_bonus":"TEN_PERCENT_HP_BONUS","is_daily":false,"chose_seed":false,"campfire_upgraded":3,"win_rate":0.0,"timestamp":1610157853,"path_taken":["M","$","?","?","M","E","R","?","T","R","E","$","R","M","R","BOSS","M","M","M","M","M","E","R","M","T","?","$","M","$","M","R","BOSS"],"items_purchased_type":["Card","Card","Relic","Card","Card","Relic","Card"],"build_version":"2020-12-22","purchased_purges":2,"victory":false,"max_hp_per_floor":[82,82,82,82,82,82,82,82,82,82,82,82,82,82,82,82,82,82,82,82,82,82,82,82,82,82,82,82,82,82,82,82,82,82],"card_choices":[{"not_picked":["hermit:Coalescence","hermit:FullyLoaded"],"picked":"hermit:WideOpen","floor":1.0},{"not_picked":["hermit:CursedWeapon","hermit:Roulette"],"picked":"hermit:LowProfile","floor":3.0},{"not_picked":["hermit:Roulette","hermit:Feint"],"picked":"hermit:TrackingShot","floor":4.0},{"not_picked":["hermit:ShadowCloak","hermit:HeroicBravado"],"picked":"hermit:Misfire","floor":5.0},{"not_picked":["hermit:Roulette","hermit:Spite"],"picked":"hermit:PistolWhip","floor":6.0},{"not_picked":["hermit:PistolWhip","hermit:CalledShot"],"picked":"hermit:Ricochet","floor":11.0},{"not_picked":["hermit:HoleUp","hermit:HighCaliber"],"picked":"hermit:WideOpen","floor":14},{"not_picked":["hermit:EternalForm","hermit:Reprieve"],"picked":"hermit:Dissolve","floor":16},{"not_picked":["hermit:Feint","hermit:ItchyTrigger"],"picked":"hermit:TakeCover","floor":18},{"not_picked":["hermit:ItchyTrigger","hermit:Manifest"],"picked":"hermit:CalledShot","floor":19},{"not_picked":["hermit:FullyLoaded","hermit:BodyArmor"],"picked":"hermit:Dive","floor":20},{"not_picked":["hermit:WideOpen+1","hermit:PistolWhip"],"picked":"hermit:EyeOfTheStorm","floor":21},{"not_picked":["hermit:DeadMansHand","hermit:Roulette+1"],"picked":"hermit:SprayPray+1","floor":22},{"not_picked":["hermit:Gestalt","hermit:Roulette"],"picked":"hermit:EyeOfTheStorm+1","floor":23},{"not_picked":["hermit:GhostlyPresence","hermit:Ricochet"],"picked":"hermit:Headshot","floor":25},{"not_picked":["hermit:DeadMansHand","hermit:PistolWhip"],"picked":"hermit:Headshot+1","floor":27},{"not_picked":["hermit:Feint","hermit:Vantage"],"picked":"hermit:Quickdraw","floor":29},{"not_picked":["hermit:Manifest","hermit:Roughhouse"],"picked":"hermit:Malice","floor":31}],"player_experience":202698,"relics_obtained":[{"floor":6.0,"key":"Potion Belt"},{"floor":9.0,"key":"Regal Pillow"},{"floor":11.0,"key":"Ancient Tea Set"},{"floor":23,"key":"Ice Cream"},{"floor":26,"key":"ReplayTheSpireMod:Shallot"}],"event_choices":[{"damage_healed":0.0,"max_hp_gain":0.0,"max_hp_loss":0.0,"gold_gain":0.0,"event_name":"Upgrade Shrine","player_choice":"Upgraded","floor":8.0,"gold_loss":0.0,"damage_taken":0.0,"cards_upgraded":["hermit:LowProfile"]}],"is_beta":false,"boss_relics":[{"not_picked":["Ectoplasm","Replay:Drink Me"],"picked":"ChewingGum"}],"items_purged_floors":[12,28],"is_endless":false,"potions_floor_spawned":[3,4,6,11,18,19,20,25,31],"killed_by":"Automaton","ascension_level":1}}