{"host":"19t2eyow02s954g8","time":1610166483,"event":{"mods":["BaseMod","Colored Map","DeckTracker","Minty Spire (QoL Compilation)","StSLib","SuperFastMode"],"gold_per_floor":[113,113,113,123,123,123,148,163,189,189,214,231,231,246,246,320,320,332,12,12,22,22,22],"floor_reached":22,"playtime":648,"items_purged":["Strike_G"],"score":488,"play_id":"049eb6a2-e927-4769-a5cb-75c755852fdd","local_time":"20210109132803","is_ascension_mode":true,"campfire_choices":[{"data":"Neutralize","floor":6.0,"key":"SMITH"},{"data":"Deadly Poison","floor":10.0,"key":"SMITH"},{"data":"Poisoned Stab","floor":13.0,"key":"SMITH"},{"data":"Well Laid Plans","floor":15.0,"key":"SMITH"}],"circlet_count":0,"master_deck":["AscendersBane","Strike_G","Strike_G","Strike_G","Defend_G+1","Defend_G","Defend_G","Defend_G","Defend_G","Survivor+1","Neutralize+1","Deadly Poison+1","Poisoned Stab+1","Blur","Escape Plan","Well Laid Plans+1","All Out Attack","Corpse Explosion","Flying Knee"],"relics":["Ring of the Snake","NeowsBlessing","Happy Flower","Regal Pillow","Vajra","SacredBark","Medical Kit"],"acts_visited":["Exordium","TheCity"],"potions_floor_usage":[21,21],"damage_taken":[{"damage":0.0,"enemies":"Jaw Worm","floor":1.0,"turns":1.0},{"damage":0.0,"enemies":"Small Slimes","floor":4.0,"turns":1.0},{"damage":0.0,"enemies":"Gremlin Nob","floor":7.0,"turns":1.0},{"damage":0.0,"enemies":"2 Louse","floor":8.0,"turns":2.0},{"damage":20.0,"enemies":"3 Sentries","floor":11.0,"turns":15.0},{"damage":0.0,"enemies":"Blue Slaver","floor":12.0,"turns":4.0},{"damage":1.0,"enemies":"3 Louse","floor":14.0,"turns":3.0},{"damage":2.0,"enemies":"The Guardian","floor":16.0,"turns":9.0},{"damage":4.0,"enemies":"3 Byrds","floor":18.0,"turns":3.0},{"damage":1,"enemies":"2 Thieves","floor":21,"turns":3},{"damage":33,"enemies":"Snake Plant","floor":22,"turns":4}],"seed_played":"990890711351604762","potions_obtained":[{"floor":7.0,"key":"DuplicationPotion"},{"floor":11.0,"key":"BlessingOfTheForge"},{"floor":12.0,"key":"Fire Potion"},{"floor":16.0,"key":"DuplicationPotion"}],"is_trial":false,"path_per_floor":["M","?","?","M","?","R","E","M","T","R","E","M","R","M","R","B",null,"M","$","?","M","M"],"character_chosen":"THE_SILENT","items_purchased":["Medical Kit","EssenceOfSteel"],"campfire_rested":0,"item_purchase_floors":[19,19],"current_hp_per_floor":[59,52,32,32,37,37,37,37,37,37,17,17,17,16,16,14,57,53,53,33,32,0,0],"gold":22,"neow_bonus":"THREE_ENEMY_KILL","is_daily":false,"chose_seed":false,"campfire_upgraded":4,"win_rate":0.0,"timestamp":1610166483,"path_taken":["M","?","?","M","?","R","E","?","T","R","E","M","R","M","R","BOSS","M","$","?","M","M"],"items_purchased_type":["Relic","Potion"],"build_version":"2020-12-22","purchased_purges":1,"victory":false,"max_hp_per_floor":[66,66,66,66,71,71,71,71,71,71,71,71,71,71,71,71,71,71,71,76,76,76,76],"card_choices":[{"not_picked":["Backflip","Skewer"],"picked":"Deadly Poison","floor":1.0},{"not_picked":["Slice","Reflex"],"picked":"Poisoned Stab","floor":4.0},{"not_picked":["Quick Slash","Eviscerate"],"picked":"Blur","floor":7.0},{"not_picked":["Setup","Dodge and Roll"],"picked":"Escape Plan","floor":8.0},{"not_picked":["Distraction","Bouncing Flask"],"picked":"Well Laid Plans","floor":11.0},{"not_picked":["Deadly Poison","Backflip"],"picked":"All Out Attack","floor":12.0},{"not_picked":["Eviscerate","Flechettes","Caltrops"],"picked":"SKIP","floor":14.0},{"not_picked":["Storm of Steel","Glass Knife"],"picked":"Corpse Explosion","floor":16.0},{"not_picked":["Backstab","Eviscerate","Underhanded Strike"],"picked":"SKIP","floor":18.0},{"not_picked":["Deadly Poison","Acrobatics"],"picked":"Flying Knee","floor":21}],"player_experience":4207049,"relics_obtained":[{"floor":7.0,"key":"Happy Flower"},{"floor":9.0,"key":"Regal Pillow"},{"floor":11.0,"key":"Vajra"}],"event_choices":[{"cards_removed":["Strike_G"],"damage_healed":0.0,"max_hp_gain":0.0,"max_hp_loss":0.0,"gold_gain":0.0,"event_name":"Golden Wing","player_choice":"Card Removal","floor":2.0,"gold_loss":0.0,"damage_taken":7.0},{"damage_healed":0.0,"max_hp_gain":0.0,"max_hp_loss":0.0,"gold_gain":0.0,"event_name":"Shining Light","player_choice":"Entered Light","floor":3.0,"gold_loss":0.0,"damage_taken":20.0,"cards_upgraded":["Defend_G","Survivor"]},{"damage_healed":0.0,"max_hp_gain":5.0,"max_hp_loss":0.0,"gold_gain":0.0,"event_name":"Big Fish","player_choice":"Donut","floor":5.0,"gold_loss":0.0,"damage_taken":0.0},{"damage_healed":0.0,"max_hp_gain":5.0,"max_hp_loss":0.0,"gold_gain":0.0,"event_name":"Forgotten Altar","player_choice":"Shed Blood","floor":20.0,"gold_loss":0.0,"damage_taken":25.0}],"is_beta":false,"boss_relics":[{"not_picked":["Runic Pyramid","Black Star"],"picked":"SacredBark"}],"items_purged_floors":[19],"is_endless":false,"potions_floor_spawned":[7,11,12,16],"killed_by":"Snake Plant","ascension_level":20}}