{"host":"4iyx5awba3brsmhd","time":1610208012,"event":{"mods":["AchievementEnabler","Act Like it!","BaseMod","Better Match","Colored Powertips","Duelist Mod","Hallownest","Hero for Fun","Hubris","Infinite Spire","Magitek Elite","Marisa????????","Melee Mod","Minty Spire (QoL Compilation)","Quick Restart","Rare Cards Sparkle","Replay The Spire","Robot Space Explorer","Shade Mod","StSLib","SuperFastMode","The Blackbeard","The Blue Laboratory","The Bug Knight","The Cursed","The Necromancer","The Servant 0.9.4","TheWitcher"],"gold_per_floor":[137,152,152,152,164,197,197,231,310,310,325,345,73,86,86,186,186,186,186],"floor_reached":18,"playtime":847,"items_purged":["theDuelist:Sparks"],"score":242,"play_id":"682431f5-41f0-48c6-af9a-c09859ce8c06","local_time":"20210109110012","is_ascension_mode":true,"campfire_choices":[{"data":"theDuelist:ToonGoblin","floor":10,"key":"SMITH"},{"floor":15,"key":"REST"}],"circlet_count":0,"master_deck":["theDuelist:CastleWalls","theDuelist:CastleWalls","theDuelist:MangaRyuRan","theDuelist:Sparks","theDuelist:Sparks","theDuelist:ToonAncientGear","theDuelist:ToonMermaid","theDuelist:ToonSummonedSkull","theDuelist:ToonWorld","theDuelist:PreventRat","theDuelist:ComicHand+1","theDuelist:ToonGoblin+1","theDuelist:SlotMachine","theDuelist:IronhammerGiant","theDuelist:GravityAxe","theDuelist:ToonAncientGear","theDuelist:YellowGadget","theDuelist:PineappleBlast","CurseOfTheBell"],"relics":["theDuelist:MillenniumPuzzle","theDuelist:CardPoolRelic","theDuelist:CardPoolBasicRelic","theDuelist:BoosterPackPoolRelic","theDuelist:CardPoolAddRelic","theDuelist:CardPoolMinusRelic","theDuelist:CardPoolSaveRelic","theDuelist:CardPoolOptionsRelic","hubris:BottledRain","theDuelist:TributeEggRelic","Bag of Preparation","Replay:Ringing Soul","theDuelist:DuelistOrichalcum","Calling Bell","hubris:Zylophone","theDuelist:SolderToken","theDuelist:MachineOrb"],"acts_visited":["Exordium","TheCity"],"potions_floor_usage":[16,16],"damage_taken":[{"damage":2,"enemies":"Cultist","floor":1,"turns":3},{"damage":3,"enemies":"2 Louse","floor":2,"turns":3},{"damage":3,"enemies":"Small Slimes","floor":5,"turns":3},{"damage":3,"enemies":"Gremlin Nob","floor":6,"turns":5},{"damage":26,"enemies":"HollowMod:MossKnight","floor":8,"turns":6},{"damage":2,"enemies":"2 Fungi Beasts","floor":11,"turns":2},{"damage":19,"enemies":"Large Slime","floor":12,"turns":6},{"damage":8,"enemies":"Blue Slaver","floor":14,"turns":4},{"damage":25,"enemies":"The Guardian","floor":16,"turns":8},{"damage":0,"enemies":"Shell Parasite","floor":18,"turns":1}],"seed_played":"5221759909377141020","potions_obtained":[{"floor":1,"key":"theDuelist:LavaBottle"},{"floor":6,"key":"BlessingOfTheForge"},{"floor":14,"key":"blueLaboratory:FruitPunch"}],"is_trial":false,"path_per_floor":["M","M","T","?","M","E","?","E","T","R","M","M","$","M","R","B",null,"M"],"character_chosen":"THE_DUELIST","items_purchased":["theDuelist:ToonAncientGear","theDuelist:DuelistOrichalcum"],"campfire_rested":1,"item_purchase_floors":[13,13],"current_hp_per_floor":[78,75,75,75,72,69,69,43,43,43,44,28,31,26,53,33,100,100,100],"gold":186,"neow_bonus":"RANDOM_COLORLESS","is_daily":false,"chose_seed":false,"campfire_upgraded":1,"win_rate":0.0,"timestamp":1610208012,"path_taken":["M","M","?","?","M","E","?","E","T","R","M","M","$","M","R","BOSS","M"],"items_purchased_type":["Card","Relic"],"build_version":"2020-12-22","purchased_purges":1,"victory":false,"max_hp_per_floor":[80,80,80,80,80,80,80,80,80,80,83,86,89,92,92,97,100,100,100],"card_choices":[{"not_picked":["theDuelist:DummyGolem","theDuelist:HarpieFeather"],"picked":"theDuelist:PreventRat","floor":0},{"not_picked":["theDuelist:GravityBlaster","theDuelist:MachineDuplication","theDuelist:TributeDoomed","theDuelist:BreakDraw"],"picked":"theDuelist:ComicHand","floor":1},{"not_picked":["theDuelist:AirCrackingStorm","theDuelist:CardsFromTheSky","theDuelist:Deskbot001","theDuelist:ToonMask"],"picked":"theDuelist:ToonGoblin","floor":2},{"not_picked":["theDuelist:GadgetSoldier","theDuelist:Deskbot006","theDuelist:Submarineroid","theDuelist:ToonAncientGear","theDuelist:CatapultTurtle"],"picked":"SKIP","floor":5},{"not_picked":["theDuelist:GravityLash","theDuelist:Deskbot009"],"picked":"theDuelist:SlotMachine","floor":6},{"not_picked":["theDuelist:CyberArchfiend","theDuelist:CardsFromTheSky","theDuelist:MangaRyuRan","theDuelist:CoreBlaster","theDuelist:YellowGadget"],"picked":"SKIP","floor":8},{"not_picked":["theDuelist:Blockman","theDuelist:GiantSoldierSteel","theDuelist:MagicHoleGolem","theDuelist:RainbowKuriboh"],"picked":"theDuelist:IronhammerGiant","floor":11},{"not_picked":["theDuelist:RevolvingSwitchyard","theDuelist:CatapultTurtle","theDuelist:ToonCannonSoldier"],"picked":"theDuelist:GravityAxe","floor":12},{"not_picked":["theDuelist:RedEyesToon","theDuelist:Factory100Machines","theDuelist:Deskbot004","theDuelist:DoubleTool"],"picked":"theDuelist:YellowGadget","floor":14},{"not_picked":["theDuelist:Apoqliphort","theDuelist:SolemnStrike","theDuelist:MachineKing","theDuelist:Deskbot009"],"picked":"theDuelist:PineappleBlast","floor":16}],"player_experience":424841,"relics_obtained":[{"floor":3,"key":"hubris:BottledRain"},{"floor":6,"key":"theDuelist:TributeEggRelic"},{"floor":8,"key":"Bag of Preparation"},{"floor":9,"key":"Replay:Ringing Soul"},{"floor":17,"key":"hubris:Zylophone"},{"floor":17,"key":"theDuelist:SolderToken"},{"floor":17,"key":"theDuelist:MachineOrb"}],"event_choices":[],"is_beta":false,"boss_relics":[{"not_picked":["hubris:TerracottaHorce","hubris:HollowSoul"],"picked":"Calling Bell"}],"items_purged_floors":[13],"is_endless":false,"potions_floor_spawned":[1,6,14],"killed_by":"Shell Parasite","ascension_level":2}}