{"host":"yi49lbnhh35mzi7n","time":1610219131,"event":{"mods":["BaseMod","Bestiary","BetterRewards","Colored Map","Conspire","Downfall","Googly Eyes","Hermit","Hubris","Infinite Spire","Minty Spire (QoL Compilation)","Quick Restart","Replay The Spire","StSLib","The Bladedancer","The Construct","The Jungle","The Necromancer","Yuri Mod"],"gold_per_floor":[114,289,348,348,44,69,69,99,99,99,115,141,155,166,166,266,266,276,276,184,254,184,184,184,261,261,261,261],"floor_reached":27,"playtime":814,"items_purged":["Delirium"],"score":312,"play_id":"15e08ddf-68d0-4044-b2f2-7e7266e15cb4","local_time":"20210109200531","is_ascension_mode":true,"campfire_choices":[{"data":"Hemokinesis","floor":7,"key":"SMITH"},{"data":"ReplayTheSpireMod:Strike From Hell","floor":10,"key":"SMITH"},{"data":"True Grit","floor":15,"key":"SMITH"},{"data":"Rampage","floor":23,"key":"SMITH"}],"circlet_count":0,"master_deck":["Strike_R","Strike_R","Strike_R","Strike_R","Strike_R","Defend_R","Defend_R","Defend_R","Defend_R","Bash","Inflame","Hemokinesis+1","Evolve","ReplayTheSpireMod:Strike From Hell+1","conspire:ExplosiveBarrier","True Grit+1","Ghostly Armor","Reaper","Intimidate","True Grit+1","Rampage+1","Fire Breathing","Wild Strike+1","Dark Embrace"],"relics":["Burning Blood","NeowsBlessing","infinitespire:WardingShard","infinitespire:Satchel","construct:FoamFinger","Happy Flower","hubris:MobiusCoin","hubris:Metronome","hubris:Backtick","Medical Kit","hubris:Teleporter","Regal Pillow","infinitespire:Magic Flask"],"acts_visited":["Exordium","TheCity"],"potions_floor_usage":[16,16,25,25,25],"damage_taken":[{"damage":0,"enemies":"Small Slimes","floor":1,"turns":1},{"damage":0,"enemies":"3 Sentries","floor":6,"turns":2},{"damage":0,"enemies":"Lagavulin","floor":8,"turns":1},{"damage":2,"enemies":"2 Louse","floor":11,"turns":2},{"damage":30,"enemies":"Gremlin Nob","floor":12,"turns":4},{"damage":2,"enemies":"Jaw Worm","floor":13,"turns":2},{"damage":10,"enemies":"Gremlin Gang","floor":14,"turns":5},{"damage":33,"enemies":"Hexaghost","floor":16,"turns":7},{"damage":7,"enemies":"Chosen","floor":18,"turns":4},{"damage":18,"enemies":"2 Thieves","floor":21,"turns":4},{"damage":48,"enemies":"Nightmare","floor":25,"turns":7},{"damage":46,"enemies":"Gremlin Leader","floor":27,"turns":7}],"seed_played":"6573273578085396459","potions_obtained":[{"floor":3,"key":"Death Potion"},{"floor":8,"key":"ColorlessPotion"},{"floor":11,"key":"champ:CounterPotion"},{"floor":12,"key":"DuplicationPotion"},{"floor":16,"key":"SpeedPotion"},{"floor":18,"key":"champ:CounterPotion"}],"is_trial":false,"path_per_floor":["M","?","?","?","$","E","R","E","T","R","M","E","M","M","R","B",null,"M","?","$","M","$","R","?","NM","T","E"],"character_chosen":"IRONCLAD","items_purchased":["Evolve","infinitespire:Satchel","Rampage","Fire Breathing","Dark Embrace"],"campfire_rested":0,"item_purchase_floors":[5,5,20,20,22],"current_hp_per_floor":[80,80,80,80,80,80,80,80,80,80,80,56,60,56,56,29,80,80,80,80,68,68,68,68,31,31,0,0],"gold":261,"neow_bonus":"THREE_ENEMY_KILL","is_daily":false,"chose_seed":false,"campfire_upgraded":4,"win_rate":0.0,"timestamp":1610219131,"path_taken":["M","?","?","?","$","E","R","E","T","R","M","E","?","?","R","BOSS","M","?","$","M","?","R","?","NM","T","E"],"items_purchased_type":["Card","Relic","Card","Card","Card"],"build_version":"2020-12-22","purchased_purges":1,"victory":false,"max_hp_per_floor":[80,80,80,80,80,80,80,80,80,80,80,80,80,80,80,80,80,80,80,80,80,80,80,80,80,80,80,80],"card_choices":[{"not_picked":["Perfected Strike","Clothesline"],"picked":"Inflame","floor":1},{"not_picked":["Anger","Combust"],"picked":"Hemokinesis","floor":3},{"not_picked":["Havoc","Disarm"],"picked":"ReplayTheSpireMod:Strike From Hell","floor":6},{"not_picked":["Iron Wave","Hemokinesis"],"picked":"conspire:ExplosiveBarrier","floor":8},{"not_picked":["Feel No Pain","Anger"],"picked":"True Grit","floor":11},{"not_picked":["Thunderclap","Flex","Corruption"],"picked":"SKIP","floor":12},{"not_picked":["Run Through","Clash"],"picked":"Ghostly Armor","floor":13},{"not_picked":["Perfected Strike","hubris:ReadiedAction","Clash"],"picked":"SKIP","floor":14},{"not_picked":["Berserk","Hemogenesis"],"picked":"Reaper","floor":16},{"not_picked":["Rupture","Headbutt"],"picked":"Intimidate","floor":18},{"not_picked":["Clothesline","Sentinel"],"picked":"Wild Strike+1","floor":21},{"not_picked":["Pommel Strike","hubris:SharpeningStone","Inflame"],"picked":"SKIP","floor":25}],"player_experience":566575,"relics_obtained":[{"floor":3,"key":"infinitespire:WardingShard"},{"floor":6,"key":"construct:FoamFinger"},{"floor":8,"key":"Happy Flower"},{"floor":9,"key":"hubris:MobiusCoin"},{"floor":12,"key":"hubris:Metronome"},{"floor":25,"key":"Regal Pillow"},{"floor":26,"key":"infinitespire:Magic Flask"}],"event_choices":[{"damage_healed":0,"gold_gain":175,"player_choice":"AGREE","damage_taken":0,"max_hp_gain":0,"max_hp_loss":0,"event_name":"Liars Game","floor":2,"gold_loss":0,"cards_obtained":["Doubt"]},{"damage_healed":0,"gold_gain":0,"player_choice":"Copied","damage_taken":0,"max_hp_gain":0,"max_hp_loss":0,"event_name":"Duplicator","floor":19,"gold_loss":0,"cards_obtained":["True Grit"]}],"is_beta":false,"boss_relics":[{"not_picked":["hubris:VirtuousBlindfold","hubris:GrandSneckoEye"],"picked":"hubris:Backtick"}],"items_purged_floors":[5],"is_endless":true,"potions_floor_spawned":[8,11,12,13,16,18,21],"killed_by":"Gremlin Leader","ascension_level":1}}