{"host":"yuoancq4cku3x8wq","time":1610208198,"event":{"mods":["AchievementEnabler","BaseMod","Minty Spire (QoL Compilation)","Quick Restart","StSLib","SuperFastMode"],"gold_per_floor":[116,116,116,130,149,149,169,169,169,226,226,21,21,34,34,107,107,118,134,150,200,215,215,215],"floor_reached":23,"playtime":482,"items_purged":["Strike_R"],"score":366,"play_id":"374e520e-126e-4a95-97cc-bced545fb221","local_time":"20210110000318","is_ascension_mode":true,"campfire_choices":[{"data":"Armaments","floor":6.0,"key":"SMITH"},{"data":"Body Slam","floor":11.0,"key":"SMITH"},{"floor":13.0,"key":"RECALL"},{"data":"Hemokinesis","floor":15.0,"key":"SMITH"}],"circlet_count":0,"master_deck":["AscendersBane","Strike_R","Strike_R","Strike_R","Strike_R","Defend_R","Defend_R","Defend_R","Defend_R","Bash","Armaments+1","Hemokinesis+1","Body Slam+1","Shrug It Off","Barricade","Shrug It Off","Evolve","Disarm"],"relics":["Burning Blood","NeowsBlessing","Oddly Smooth Stone","Pen Nib","Bronze Scales","Membership Card","Coffee Dripper"],"acts_visited":["Exordium","TheCity"],"potions_floor_usage":[22],"damage_taken":[{"damage":0.0,"enemies":"Cultist","floor":1.0,"turns":1.0},{"damage":0.0,"enemies":"Jaw Worm","floor":4.0,"turns":1.0},{"damage":0.0,"enemies":"2 Louse","floor":5.0,"turns":1.0},{"damage":10.0,"enemies":"Blue Slaver","floor":7.0,"turns":3.0},{"damage":54.0,"enemies":"Lagavulin Event","floor":10.0,"turns":6.0},{"damage":2.0,"enemies":"Gremlin Gang","floor":14.0,"turns":5.0},{"damage":29.0,"enemies":"The Guardian","floor":16.0,"turns":11.0},{"damage":18.0,"enemies":"Chosen","floor":18.0,"turns":4.0},{"damage":14.0,"enemies":"Shell Parasite","floor":19.0,"turns":4.0},{"damage":23.0,"enemies":"Sentry and Sphere","floor":20.0,"turns":6.0},{"damage":8,"enemies":"Snake Plant","floor":22,"turns":4},{"damage":30,"enemies":"Book of Stabbing","floor":23,"turns":3}],"seed_played":"-6564135716182181535","potions_obtained":[{"floor":1.0,"key":"BloodPotion"},{"floor":4.0,"key":"PowerPotion"},{"floor":7.0,"key":"GamblersBrew"},{"floor":16.0,"key":"FearPotion"},{"floor":18.0,"key":"Weak Potion"},{"floor":19.0,"key":"Regen Potion"}],"is_trial":false,"path_per_floor":["M","T","?","M","M","R","M","?","T","?","R","$","R","M","R","B",null,"M","M","M","?","M","E"],"character_chosen":"IRONCLAD","items_purchased":["Membership Card"],"campfire_rested":0,"item_purchase_floors":[12],"current_hp_per_floor":[74,74,75,75,75,75,75,75,75,27,27,27,27,31,31,8,58,46,38,36,29,27,0,0],"gold":215,"neow_bonus":"THREE_ENEMY_KILL","is_daily":false,"chose_seed":false,"campfire_upgraded":3,"win_rate":0.0,"timestamp":1610208198,"path_taken":["M","?","?","?","?","R","M","?","T","?","R","?","R","M","R","BOSS","M","M","?","?","?","E"],"items_purchased_type":["Relic"],"build_version":"2020-12-22","purchased_purges":1,"victory":false,"max_hp_per_floor":[75,75,75,75,75,75,75,75,75,75,75,75,75,75,75,75,75,75,75,75,75,75,75,75],"card_choices":[{"not_picked":["Metallicize","Thunderclap"],"picked":"Armaments","floor":1.0},{"not_picked":["Havoc","True Grit","Heavy Blade"],"picked":"SKIP","floor":4.0},{"not_picked":["Cleave","Rupture"],"picked":"Hemokinesis","floor":5.0},{"not_picked":["Carnage","Disarm"],"picked":"Body Slam","floor":7.0},{"not_picked":["Flex","Armaments"],"picked":"Shrug It Off","floor":14.0},{"not_picked":["Immolate","Exhume"],"picked":"Barricade","floor":16.0},{"not_picked":["Twin Strike","Headbutt+1"],"picked":"Shrug It Off","floor":18.0},{"not_picked":["Body Slam","Inflame","Flex"],"picked":"SKIP","floor":19.0},{"not_picked":["Flex","Thunderclap"],"picked":"Evolve","floor":20.0},{"not_picked":["True Grit","Perfected Strike"],"picked":"Disarm","floor":22}],"player_experience":254147,"relics_obtained":[{"floor":2.0,"key":"Oddly Smooth Stone"},{"floor":9.0,"key":"Pen Nib"}],"event_choices":[{"damage_healed":1.0,"max_hp_gain":0.0,"max_hp_loss":0.0,"gold_gain":0.0,"event_name":"Wheel of Change","player_choice":"Full Heal","floor":3.0,"gold_loss":0.0,"damage_taken":0.0},{"damage_healed":0.0,"max_hp_gain":0.0,"max_hp_loss":0.0,"gold_gain":0.0,"event_name":"Shining Light","player_choice":"Ignored","floor":8.0,"gold_loss":0.0,"damage_taken":0.0},{"damage_healed":0.0,"max_hp_gain":0.0,"max_hp_loss":0.0,"gold_gain":0.0,"event_name":"Dead Adventurer","player_choice":"Searched \u00272\u0027 times","floor":10.0,"gold_loss":0.0,"damage_taken":0.0,"relics_obtained":["Bronze Scales"]},{"damage_healed":0.0,"max_hp_gain":0.0,"max_hp_loss":0.0,"gold_gain":50.0,"event_name":"FaceTrader","player_choice":"Touch","floor":21.0,"gold_loss":0.0,"damage_taken":7.0}],"is_beta":false,"boss_relics":[{"not_picked":["SacredBark","Velvet Choker"],"picked":"Coffee Dripper"}],"items_purged_floors":[12],"is_endless":false,"potions_floor_spawned":[1,4,7,16,18,19],"killed_by":"Book of Stabbing","ascension_level":20}}