{"host":"a0d98l75j0h1o085","time":1610197821,"event":{"mods":["AlwaysNeverKeys","BaseMod","Downfall","GifTheSpireLib","Highlight Path","Minty Spire (QoL Compilation)","StSLib","Stuff the Spire"],"gold_per_floor":[99,119,134,134,148,183,183,183,183,183],"floor_reached":8,"playtime":1028,"items_purged":[],"score":62,"play_id":"6d6d64b3-24e8-4f01-a28d-ebf15c4586b5","local_time":"20210109131021","is_ascension_mode":true,"campfire_choices":[{"data":"hexamod:Float","floor":1,"key":"SMITH"}],"circlet_count":0,"master_deck":["hexamod:Strike","hexamod:Strike","hexamod:Strike","hexamod:Defend","hexamod:Defend","hexamod:Defend","hexamod:Defend","hexamod:Sear","hexamod:Float+1","Master of Strategy","hexamod:PhantomCloak","hexamod:FastForward","hexamod:Hexaguard"],"relics":["hexamod:SpiritBrand","Darkstone Periapt","hexamod:SoulConsumer"],"acts_visited":["Exordium"],"potions_floor_usage":[],"damage_taken":[{"damage":1,"enemies":"Small Slimes","floor":2,"turns":3},{"damage":0,"enemies":"Cultist","floor":3,"turns":3},{"damage":1,"enemies":"Jaw Worm","floor":5,"turns":3},{"damage":34,"enemies":"3 Sentries","floor":6,"turns":12},{"damage":0,"enemies":"Gremlin Nob","floor":8,"turns":3}],"seed_played":"-3512893276259265254","potions_obtained":[{"floor":2,"key":"Strength Potion"},{"floor":3,"key":"CultistPotion"},{"floor":6,"key":"SpeedPotion"}],"is_trial":false,"path_per_floor":["R","M","M","?","M","E","T","E"],"character_chosen":"THE_SPIRIT","items_purchased":[],"campfire_rested":0,"item_purchase_floors":[],"current_hp_per_floor":[49,48,48,48,47,13,13,13,13,13],"gold":183,"neow_bonus":"RANDOM_COLORLESS_2","is_daily":false,"chose_seed":false,"campfire_upgraded":1,"win_rate":0.0,"timestamp":1610197821,"path_taken":["R","M","M","?","?","E","T","E"],"items_purchased_type":[],"build_version":"2020-12-22","purchased_purges":0,"victory":false,"max_hp_per_floor":[70,70,70,70,70,70,70,70,70,70],"card_choices":[{"not_picked":["Panache","StuffTheSpire:Recharge"],"picked":"Master of Strategy","floor":0},{"not_picked":["hexamod:SwordOfDarkness","hexamod:InspiringFlames"],"picked":"hexamod:PhantomCloak","floor":2},{"not_picked":["hexamod:BurningTouch","hexamod:ShieldOfDarkness","hexamod:GhostLash"],"picked":"SKIP","floor":3},{"not_picked":["hexamod:ThermalTransfer","hexamod:ShieldOfDarkness"],"picked":"hexamod:FastForward","floor":5},{"not_picked":["hexamod:EtherealExpedition","hexamod:HeatShield"],"picked":"hexamod:Hexaguard","floor":6}],"player_experience":867872,"relics_obtained":[{"floor":6,"key":"Darkstone Periapt"},{"floor":7,"key":"hexamod:SoulConsumer"}],"event_choices":[{"cards_removed":["hexamod:Strike"],"damage_healed":0,"gold_gain":0,"player_choice":"Purged","damage_taken":0,"max_hp_gain":0,"max_hp_loss":0,"event_name":"Purifier","floor":4,"gold_loss":0}],"is_beta":false,"boss_relics":[],"items_purged_floors":[],"is_endless":false,"potions_floor_spawned":[2,3,6],"killed_by":"Gremlin Nob","ascension_level":2}}