{"host":"f5gffvlv6a66yqkd","time":1610174212,"event":{"mods":["2.2 Compatiblity","BaseMod","Colored Map","DeckTracker","Keyboard Shortcuts","Minty Spire (QoL Compilation)","Permanent Neow","Quick Restart","Relic Stats","StSLib","SuperFastMode"],"gold_per_floor":[112,122,122,10,10,37,37,37,37,52,52,102,177,203,203,203,203],"floor_reached":16,"playtime":234,"items_purged":[],"score":212,"play_id":"c3282432-6d75-42ad-9bc1-4c35e4e9f3d0","local_time":"20210109153652","is_ascension_mode":true,"campfire_choices":[{"data":"Uppercut","floor":7.0,"key":"SMITH"},{"data":"Shockwave","floor":11.0,"key":"SMITH"},{"floor":15,"key":"REST"}],"circlet_count":0,"master_deck":["AscendersBane","Strike_R","Strike_R","Strike_R","Strike_R","Defend_R","Defend_R","Defend_R","Bash","Shockwave+1","Pommel Strike","Cleave","Uppercut+1","Shrug It Off","Shrug It Off"],"relics":["Burning Blood","Juzu Bracelet","HornCleat","Pen Nib"],"acts_visited":["Exordium"],"potions_floor_usage":[],"damage_taken":[{"damage":8.0,"enemies":"2 Louse","floor":1.0,"turns":3.0},{"damage":9.0,"enemies":"Jaw Worm","floor":2.0,"turns":4.0},{"damage":25.0,"enemies":"Lagavulin","floor":6.0,"turns":6.0},{"damage":0.0,"enemies":"Cultist","floor":10.0,"turns":4.0},{"damage":13,"enemies":"Gremlin Nob","floor":14,"turns":4},{"damage":20,"enemies":"Slime Boss","floor":16,"turns":5}],"seed_played":"-3921628091215111683","potions_obtained":[{"floor":2.0,"key":"Fire Potion"}],"is_trial":false,"path_per_floor":["M","M","?","$","?","E","R","$","T","M","R","?","?","E","R","B"],"character_chosen":"IRONCLAD","items_purchased":["Cleave","Uppercut"],"campfire_rested":1,"item_purchase_floors":[4,4],"current_hp_per_floor":[66,63,68,68,61,42,42,42,42,48,48,40,29,22,46,26,26],"gold":203,"neow_bonus":"REMOVE_CARD","is_daily":false,"chose_seed":false,"campfire_upgraded":2,"win_rate":0.0,"timestamp":1610174212,"path_taken":["M","M","?","$","?","E","R","$","T","M","R","?","?","E","R","BOSS"],"items_purchased_type":["Card","Card"],"build_version":"2020-12-22","purchased_purges":0,"victory":false,"max_hp_per_floor":[75,75,80,80,80,80,80,80,80,80,80,80,80,80,80,80,80],"relic_stats":{"counters":[6,26],"Pen Nib":[0],"Juzu Bracelet":1,"obtain_stats":[{"HornCleat":9,"Pen Nib":14,"Juzu Bracelet":6,"Burning Blood":0},{"HornCleat":3,"Pen Nib":5,"Juzu Bracelet":3,"Burning Blood":0},{"HornCleat":13,"Pen Nib":21,"Juzu Bracelet":13,"Burning Blood":0}],"Burning Blood":30},"card_choices":[{"not_picked":["Heavy Blade","Headbutt"],"picked":"Shockwave","floor":1.0},{"not_picked":["Twin Strike","Wild Strike"],"picked":"Pommel Strike","floor":2.0},{"not_picked":["Reaper","Fire Breathing"],"picked":"Shrug It Off","floor":6.0},{"not_picked":["Pommel Strike","Wild Strike"],"picked":"Shrug It Off","floor":10.0},{"not_picked":["Perfected Strike","Twin Strike"],"picked":"Ghostly Armor","floor":14}],"player_experience":1538629,"relics_obtained":[{"floor":6.0,"key":"Juzu Bracelet"},{"floor":9.0,"key":"HornCleat"},{"floor":14,"key":"Pen Nib"}],"event_choices":[{"damage_healed":0.0,"max_hp_gain":5.0,"max_hp_loss":0.0,"gold_gain":0.0,"event_name":"Big Fish","player_choice":"Donut","floor":3.0,"gold_loss":0.0,"damage_taken":0.0},{"cards_removed":["Strike_R"],"damage_healed":0.0,"max_hp_gain":0.0,"max_hp_loss":0.0,"gold_gain":0.0,"event_name":"Golden Wing","player_choice":"Card Removal","floor":5.0,"gold_loss":0.0,"damage_taken":7.0},{"damage_healed":0.0,"max_hp_gain":0.0,"max_hp_loss":0.0,"gold_gain":50.0,"event_name":"FaceTrader","player_choice":"Touch","floor":12.0,"gold_loss":0.0,"damage_taken":8.0},{"damage_healed":0.0,"max_hp_gain":0.0,"max_hp_loss":0.0,"gold_gain":75.0,"event_name":"World of Goop","player_choice":"Gather Gold","floor":13.0,"gold_loss":0.0,"damage_taken":11.0}],"is_beta":false,"boss_relics":[],"items_purged_floors":[],"is_endless":false,"potions_floor_spawned":[2],"killed_by":"Slime Boss","ascension_level":20}}