{"host":"yecadp3kwkksam5a","time":1610193660,"event":{"mods":["BaseMod","Minty Spire (QoL Compilation)","StSLib"],"gold_per_floor":[109,128,128,140,155,188,236,236,286,320,320,353,367,222,222,222,222],"floor_reached":16,"playtime":598,"items_purged":["Strike_R"],"score":211,"play_id":"3f4440db-d011-434b-bb83-fdb288998dae","local_time":"20210109210100","is_ascension_mode":true,"campfire_choices":[{"data":"Fiend Fire","floor":8,"key":"SMITH"},{"data":"Fire Breathing","floor":11,"key":"SMITH"},{"data":"Second Wind","floor":15,"key":"SMITH"}],"circlet_count":0,"master_deck":["AscendersBane","Strike_R","Strike_R","Strike_R","Strike_R","Defend_R","Defend_R","Defend_R","Defend_R","Bash","Perfected Strike","Evolve","Pommel Strike","Fiend Fire+1","Fire Breathing+1","Feel No Pain","Second Wind+1"],"relics":["Burning Blood","HornCleat","Ancient Tea Set","Strawberry","Toy Ornithopter","Boot","Paper Frog"],"acts_visited":["Exordium"],"potions_floor_usage":[6],"damage_taken":[{"damage":10.0,"enemies":"2 Louse","floor":1.0,"turns":4.0},{"damage":6,"enemies":"Cultist","floor":2,"turns":3},{"damage":9,"enemies":"Jaw Worm","floor":4,"turns":4},{"damage":1,"enemies":"2 Fungi Beasts","floor":5,"turns":3},{"damage":2,"enemies":"Gremlin Nob","floor":6,"turns":3},{"damage":16,"enemies":"3 Sentries","floor":10,"turns":7},{"damage":42,"enemies":"Lagavulin","floor":12,"turns":6},{"damage":6,"enemies":"Looter","floor":13,"turns":2},{"damage":44,"enemies":"Hexaghost","floor":16,"turns":9}],"seed_played":"-2550260012387809782","potions_obtained":[{"floor":4,"key":"LiquidMemories"},{"floor":5,"key":"Ancient Potion"},{"floor":10,"key":"Swift Potion"}],"is_trial":false,"path_per_floor":["M","M","?","M","M","E","T","R","T","E","R","E","M","$","R","B"],"character_chosen":"IRONCLAD","items_purchased":["Second Wind"],"campfire_rested":0,"item_purchase_floors":[14],"current_hp_per_floor":[76,76,76,73,78,82,89,89,89,79,79,43,43,43,43,0,0],"gold":222,"neow_bonus":"TEN_PERCENT_HP_BONUS","is_daily":false,"chose_seed":false,"campfire_upgraded":3,"win_rate":0.0,"timestamp":1610193660,"path_taken":["M","M","?","M","?","E","?","R","T","E","R","E","M","$","R","BOSS"],"items_purchased_type":["Card"],"build_version":"2020-12-22","purchased_purges":1,"victory":false,"max_hp_per_floor":[88,88,88,88,88,88,95,95,95,95,95,95,95,95,95,95,95],"card_choices":[{"not_picked":["Seeing Red","Sword Boomerang"],"picked":"Perfected Strike","floor":1.0},{"not_picked":["Warcry","Infernal Blade"],"picked":"Ghostly Armor","floor":2},{"not_picked":["Sever Soul","Clothesline"],"picked":"Evolve","floor":4},{"not_picked":["Sentinel","Metallicize"],"picked":"Pommel Strike","floor":5},{"not_picked":["Twin Strike","Hemokinesis"],"picked":"Fiend Fire","floor":6},{"not_picked":["True Grit","Entrench"],"picked":"Fire Breathing","floor":10},{"not_picked":["Fire Breathing","Intimidate"],"picked":"Feel No Pain","floor":12},{"not_picked":["Havoc","Sword Boomerang","Anger"],"picked":"SKIP","floor":13}],"player_experience":460326,"relics_obtained":[{"floor":6,"key":"Ancient Tea Set"},{"floor":7,"key":"Strawberry"},{"floor":9,"key":"Toy Ornithopter"},{"floor":10,"key":"Boot"},{"floor":12,"key":"Paper Frog"}],"event_choices":[{"cards_removed":["Ghostly Armor"],"damage_healed":0,"gold_gain":0,"player_choice":"Gave Card","damage_taken":0,"relics_obtained":["HornCleat"],"max_hp_gain":0,"max_hp_loss":0,"event_name":"WeMeetAgain","floor":3,"gold_loss":0}],"is_beta":false,"boss_relics":[],"items_purged_floors":[14],"is_endless":false,"potions_floor_spawned":[4,5,10],"killed_by":"Hexaghost","ascension_level":11}}