{"host":"wkcoec525dnrk4jw","time":1610184871,"event":{"mods":["BaseMod","Conspire","Lobotomy","Minty Spire (QoL Compilation)","Quick Restart","Replay The Spire","Shop Mod","StSLib","TestMod","The Bug Knight","The Cursed","[IsaacMod]ÒÔÈö¼âËþ","vexMod","¡¾ÒÅÎï¿¨ÅÆ¡¿REMEMod"],"gold_per_floor":[115,126,126,145,145,176,176,192,192,227,26,39,73,473,473,569,569,587,364,375,394,410,410,410,53,78,78,78,109,123,123,123,226,226,241,241,0,19,19,46,63,93,93,0,25,25,25],"floor_reached":46,"playtime":2582,"items_purged":["Regret"],"score":919,"play_id":"7cac313c-f51f-4b82-a1af-b81e6dd4f25e","local_time":"20210109173431","is_ascension_mode":true,"campfire_choices":[{"floor":7.0,"key":"REST"},{"data":"Alpha","floor":15.0,"key":"SMITH"},{"floor":23,"key":"REST"},{"data":"Fission","floor":32,"key":"SMITH"}],"circlet_count":0,"master_deck":["Strike_B+1","Strike_B+1","Strike_B+1","Strike_B+1","Defend_B+1","Defend_B+1","Defend_B+1","Defend_B+1","Zap","Dualcast","testmod-PulseDistributor","Alpha+1","REME_Whirling","ReplayTheSpireMod:Calculation Training","Beam Cell","BasicCrystalCard","Core Surge","Ball Lightning","Defragment","Sunder","Multi-Cast","Reinforced Body","ReplayTheSpireMod:Calculation Training","Stack","Cold Snap","Capacitor","ReplayTheSpireMod:Repulse","Self Repair","White Noise","Beam Cell","Fission+1","Echo Form","DoctorFetus","Conserve Battery","Self Repair+1","Electrodynamics","ReplayTheSpireMod:Calculation Training+1","Stack+1","Double Energy+1"],"relics":["Cracked Core","HushsDoor","testmod-TestBox","testmod-ChristmasGift","BookofShadows","DataDisk","Solar Panel","Vajra","Lantern","Dream Catcher","REME_ChargedStone","Lee\u0027s Waffle","Replay:Bottled Snecko","testmod-AssaultLearning","MaYiHuaBei","Philosopher\u0027s Stone","ReplayTheSpireMod:Ring of Exchange","Ring of Fury","BookOfRevelations","ReplayTheSpireMod:TigerMarble","vexMod:MemoryStick","Red Mask","Blue Candle"],"acts_visited":["Exordium","TheCity","TheBeyond"],"potions_floor_usage":[16,21,22,22,29,38,38,38,38,42,42,42,42],"damage_taken":[{"damage":27.0,"enemies":"Jaw Worm","floor":1.0,"turns":4.0},{"damage":8.0,"enemies":"conspire:RoseBush","floor":2.0,"turns":4.0},{"damage":8.0,"enemies":"Small Slimes","floor":4.0,"turns":4.0},{"damage":22.0,"enemies":"HollowMod:MossKnight","floor":6.0,"turns":5.0},{"damage":4.0,"enemies":"2 Fungi Beasts","floor":8.0,"turns":3.0},{"damage":11.0,"enemies":"3 Sentries","floor":10.0,"turns":2.0},{"damage":9.0,"enemies":"Red Slaver","floor":12.0,"turns":2.0},{"damage":10.0,"enemies":"Gremlin Nob","floor":13.0,"turns":3.0},{"damage":16,"enemies":"Hexaghost","floor":16,"turns":6},{"damage":21,"enemies":"conspire:FuzzyDice","floor":18,"turns":4},{"damage":18,"enemies":"Chosen","floor":20,"turns":4},{"damage":56,"enemies":"Centurion and Healer","floor":21,"turns":6},{"damage":21,"enemies":"conspire:HollyBat","floor":22,"turns":6},{"damage":0,"enemies":"Replay:Snechameleon","floor":29,"turns":1},{"damage":7,"enemies":"Snecko","floor":30,"turns":3},{"damage":59,"enemies":"Automaton","floor":33,"turns":7},{"damage":15,"enemies":"Orb Walker","floor":35,"turns":4},{"damage":35,"enemies":"3 Shapes","floor":38,"turns":4},{"damage":0,"enemies":"HollowMod:StalkingDevout","floor":40,"turns":5},{"damage":0,"enemies":"Jaw Worm Horde","floor":41,"turns":2},{"damage":162,"enemies":"Giant Head","floor":42,"turns":9},{"damage":22,"enemies":"Reptomancer","floor":45,"turns":6},{"damage":89,"enemies":"Transient","floor":46,"turns":5}],"seed_played":"-7545828081870786340","potions_obtained":[{"floor":1.0,"key":"Venom Potion"},{"floor":12.0,"key":"AttackPotion"},{"floor":13.0,"key":"SkillPotion"},{"floor":20,"key":"FearPotion"},{"floor":22,"key":"ColorlessPotion"},{"floor":29,"key":"Milkshake"},{"floor":40,"key":"Explosive Potion"}],"is_trial":false,"path_per_floor":["M","M","?","M","?","E","R","M","T","E","$","M","E","?","R","B",null,"M","$","M","M","M","R","?","$","T","$","?","E","M","?","R","B",null,"M","?","$","M","$","E","M","E","T","?","E","M"],"character_chosen":"DEFECT","items_purchased":["Ball Lightning","Defragment","ReplayTheSpireMod:Calculation Training","Lee\u0027s Waffle","Replay:Bottled Snecko","Self Repair","White Noise","DoctorFetus","Conserve Battery","BookOfRevelations"],"campfire_rested":2,"item_purchase_floors":[11,11,19,19,25,25,25,37,37,37],"current_hp_per_floor":[66,65,65,60,60,45,67,68,68,72,72,69,64,64,64,56,70,64,82,70,71,61,82,82,82,82,82,82,82,82,82,82,82,82,74,74,74,72,72,82,82,82,82,82,79,0,0],"gold":25,"neow_bonus":"RANDOM_COLORLESS_2","is_daily":false,"chose_seed":false,"campfire_upgraded":2,"win_rate":0.0,"timestamp":1610184871,"path_taken":["M","M","?","M","?","E","R","M","T","E","?","M","E","?","R","BOSS","M","$","M","M","M","R","?","$","T","$","?","E","M","?","R","BOSS","M","?","$","M","$","E","?","E","T","?","E","?"],"items_purchased_type":["Card","Card","Card","Relic","Relic","Card","Card","Card","Card","Relic"],"build_version":"2020-12-22","purchased_purges":1,"victory":false,"max_hp_per_floor":[75,75,75,75,75,75,75,75,75,75,75,75,75,75,75,75,75,75,82,82,82,82,82,82,82,82,82,82,82,82,82,82,82,82,82,82,82,82,82,82,82,82,82,82,82,82,82],"card_choices":[{"not_picked":[],"picked":"Bomb","floor":0.0},{"not_picked":["testmod-FightingIntention","testmod-SelfRegulatingSystem"],"picked":"testmod-PulseDistributor","floor":0.0},{"not_picked":["Steam","Beam Cell"],"picked":"REME_Whirling","floor":1.0},{"not_picked":["Ball Lightning","Panic Button"],"picked":"ReplayTheSpireMod:Calculation Training","floor":2.0},{"not_picked":["Bomb","Sweeping Beam"],"picked":"Beam Cell","floor":4.0},{"not_picked":["Blizzard","Recycle"],"picked":"BasicCrystalCard","floor":6.0},{"not_picked":["BasicCrystalCard","Coolheaded"],"picked":"Bomb","floor":8.0},{"not_picked":["Capacitor","Leap"],"picked":"Core Surge","floor":10.0},{"not_picked":["Compile Driver","Hologram"],"picked":"Sunder","floor":12.0},{"not_picked":["Steam","Static Discharge"],"picked":"Bomb","floor":13.0},{"not_picked":["Thunder Strike","Creative AI"],"picked":"Multi-Cast","floor":16},{"not_picked":["Streamline","Beam Cell"],"picked":"Reinforced Body","floor":18},{"not_picked":["Hello World","Coolheaded"],"picked":"Stack","floor":20},{"not_picked":["Conserve Battery","Stack"],"picked":"Cold Snap","floor":21},{"not_picked":["Compile Driver","Beam Cell"],"picked":"Capacitor","floor":22},{"not_picked":["Rebound","Coolheaded+1"],"picked":"ReplayTheSpireMod:Repulse","floor":23},{"not_picked":["conspire:SharedLibrary+1","conspire:Rain"],"picked":"Beam Cell","floor":29},{"not_picked":["Compile Driver","Hologram"],"picked":"Fission","floor":30},{"not_picked":["Reboot","Biased Cognition"],"picked":"Echo Form","floor":33},{"not_picked":["FTL+1","Streamline","Compile Driver+1"],"picked":"SKIP","floor":35},{"not_picked":["Stack","Leap"],"picked":"Self Repair+1","floor":38},{"not_picked":["Reprogram","Sweeping Beam+1"],"picked":"Electrodynamics","floor":40},{"not_picked":["Gash","Steam Power+1"],"picked":"ReplayTheSpireMod:Calculation Training+1","floor":41},{"not_picked":["ReplayTheSpireMod:Repulse","Blizzard"],"picked":"Stack+1","floor":42},{"not_picked":["Go for the Eyes","Beam Cell"],"picked":"Double Energy+1","floor":45}],"player_experience":212319,"relics_obtained":[{"floor":6.0,"key":"Solar Panel"},{"floor":9.0,"key":"Vajra"},{"floor":10.0,"key":"Lantern"},{"floor":13.0,"key":"Dream Catcher"},{"floor":26,"key":"testmod-AssaultLearning"},{"floor":29,"key":"MaYiHuaBei"},{"floor":36,"key":"ReplayTheSpireMod:Ring of Exchange"},{"floor":36,"key":"Ring of Fury"},{"floor":40,"key":"ReplayTheSpireMod:TigerMarble"},{"floor":42,"key":"vexMod:MemoryStick"},{"floor":45,"key":"Blue Candle"}],"event_choices":[{"damage_healed":0.0,"max_hp_gain":0.0,"max_hp_loss":0.0,"gold_gain":0.0,"event_name":"Big Fish","player_choice":"Box","floor":3.0,"gold_loss":0.0,"damage_taken":0.0,"relics_obtained":["DataDisk"],"cards_obtained":["Regret"]},{"damage_healed":0.0,"max_hp_gain":0.0,"max_hp_loss":0.0,"gold_gain":0.0,"event_name":"conspire:LoneGhost","player_choice":"Disagree","floor":5.0,"gold_loss":0.0,"damage_taken":0.0},{"damage_healed":0.0,"max_hp_gain":0.0,"max_hp_loss":0.0,"gold_gain":400.0,"event_name":"¶÷ÂåË¹µÄÅÌ×Ó","player_choice":"Sell","floor":14.0,"relics_lost":["REME_ComplimentaryCards"],"gold_loss":0.0,"damage_taken":0.0},{"cards_removed":["Sickly"],"damage_healed":0,"gold_gain":0,"player_choice":"Purged","damage_taken":0,"max_hp_gain":0,"max_hp_loss":0,"event_name":"Purifier","floor":28,"gold_loss":0},{"damage_healed":0,"gold_gain":0,"player_choice":"Simplicity","damage_taken":0,"max_hp_gain":0,"max_hp_loss":0,"event_name":"Back to Basics","floor":31,"gold_loss":0,"cards_upgraded":["Strike_B","Strike_B","Strike_B","Strike_B","Defend_B","Defend_B","Defend_B","Defend_B"]},{"damage_healed":0,"gold_gain":0,"player_choice":"Paid","damage_taken":0,"relics_obtained":["Red Mask"],"max_hp_gain":0,"max_hp_loss":0,"event_name":"Tomb of Lord Red Mask","floor":44,"gold_loss":93}],"is_beta":false,"boss_relics":[{"not_picked":["vexMod:MegatonBomb","Runic Dome"],"picked":"REME_ChargedStone"},{"not_picked":[]},{"not_picked":["Pandora\u0027s Box","conspire:SlowCooker"],"picked":"Philosopher\u0027s Stone"},{"not_picked":[]}],"items_purged_floors":[11],"is_endless":false,"potions_floor_spawned":[1,4,8,12,13,20,22,29,30,40,41,45],"killed_by":"Transient","ascension_level":8}}