{"host":"w5vfr18i2ft1pzo2","time":1610193991,"event":{"mods":["AchievementEnabler","Act Like it!","Aspiration","BaseMod","Better Third Choice","BetterRewards","Colored Map","Colored Powertips","Conspire","Curses Come First","DNKmod","Defuse TimeMaze Blight","Dota2Spire","Elementarium","Energized Spire","Evolution","Force Act Four","Fox Events","Friendly Minions","Gensokyo","GifTheSpireLib","Gold Saver","GungeonMod","Halation","Hallownest","Hubris","Hyrulean Relics","Infinite Spire","Jedi Mod","Marisa????????","Minty Spire (QoL Compilation)","MostiFishMod","Poor People Problems","Prisma Mod","Remilia??????","Replay The Spire","SacredBarkPlus","Small Relic Pack","Spicy Shops","Spikes Relics","StSLib","Stuff the Spire","SuperFastMode","Synergy Search","The Blue Laboratory","The Servant 0.9.4","Trackpad","Treasure Hunter","Uncapped","Wandering Minibosses","Yakumo Yukari mod","noobMod","vexMod","??????REMEMod"],"gold_per_floor":[810,828,828,828,625,625,658,658,658,675,1006,1021,1021,1056,1056,1353,1353,1368,1392,1234,1234,1252,1252,1271,1309,1309,1309,1325,1361,1418,1151,1151,1250,1250,1262,1262,1262,1262,1137,1137,1192,1220,1251,1262,1279,1310,1310,1347,1347,1348,1348,1348,1244,1269,1275],"floor_reached":56,"playtime":2491,"items_purged":["DemoMod:Defend_Huntress","DemoMod:Defend_Huntress","DemoMod:Strike_Huntress"],"score":1776,"play_id":"861857a7-2e04-493b-a92a-230d0e0e4b1b","local_time":"20210109200631","is_ascension_mode":true,"campfire_choices":[{"floor":6.0,"key":"RECALL"},{"data":"DemoMod:PotionOfGunFriendShip","floor":8.0,"key":"SMITH"},{"data":"DemoMod:Elimentaler","floor":13.0,"key":"SMITH"},{"data":"DemoMod:FullFirepower","floor":15,"key":"SMITH"},{"data":"DemoMod:ManualReload","floor":23,"key":"SMITH"},{"data":"DemoMod:SAA","floor":27,"key":"SMITH"},{"data":"hubris:Insight","floor":32,"key":"SMITH"},{"data":"DemoMod:FinishedGun","floor":40,"key":"SMITH"},{"data":"DemoMod:Elimentaler","floor":47,"key":"SMITH"},{"data":"DemoMod:TeaPot","floor":49,"key":"PURGE"},{"data":"DemoMod:Behold!","floor":52,"key":"SMITH"}],"circlet_count":0,"master_deck":["DemoMod:Strike_Huntress","DemoMod:Strike_Huntress","DemoMod:Roll","DemoMod:ManualReload+1","DemoMod:RustySidearm","DemoMod:CrossBow","DemoMod:PotionOfGunFriendShip+1","DemoMod:FullFirepower+1","TH:BikiniMail","DemoMod:MachoBrace","TH:TreasureMap","DemoMod:TableSutra","TH:BikiniMail","DemoMod:Elimentaler+1","TH:TreasureMap","DemoMod:ShadowBullets","TH:DeckOfManyThings","DemoMod:Eureka","DemoMod:TableSutra","DemoMod:ConditionalReflex+1","TH:TreasureMap","DemoMod:SAA+1","TH:DeckOfManyThings","DemoMod:BlankBullets","TH:TreasureMap","DemoMod:PracticeMakesPerfect+1","Thinking Ahead","hubris:Insight+1","DemoMod:ChanceBullets","DemoMod:ChanceBullets","TH:BikiniMail","DemoMod:FinishedGun+1","TH:CopperCoins","DemoMod:Elimentaler+1","TH:TreasureMap","DemoMod:Behold!+1","TH:TreasureMap","DemoMod:Unity+1"],"relics":["DemoMod:Dog","EVO:Axolotl","DaveBox","ice","REME_ComplimentaryCards","Sling","SynthV:TestCard","hubris:Icosahedron","Toolbox","StuffTheSpire:RubySignet","ThornShield","Toy Ornithopter","Matryoshka","wanderingMiniBosses:Inkheart","BirthdayGift-Icosahedron","Bag of Preparation","relicPack:DarknessArmor","Blue Candle","DemoMod:Plus1Bullets","BargainBundle","conspire:DecoderRing","Dota2Spire:LotusOrb","TH:Strongbox","Replay:Drink Me","halation:PinkSoulGem","relicPack:DSword","Durian","OriginationStaff","Pear","Art of War","halation:Diary","DemoMod:BigBoy"],"acts_visited":["Gensokyo:Gensokyo","Gensokyo:Gensokyoer","Gensokyo:Gensokyoest","TheEnding"],"potions_floor_usage":[],"damage_taken":[{"damage":0.0,"enemies":"Gensokyo:3_Fairies","floor":1.0,"turns":3.0},{"damage":0.0,"enemies":"Gensokyo:2_Kodama","floor":2.0,"turns":1.0},{"damage":0.0,"enemies":"Gensokyo:Aya","floor":7.0,"turns":2.0},{"damage":0.0,"enemies":"Gensokyo:Gryphon","floor":10.0,"turns":1.0},{"damage":0.0,"enemies":"Gensokyo:Mamizou","floor":11.0,"turns":8.0},{"damage":0.0,"enemies":"Gensokyo:2_Rabbits","floor":12.0,"turns":1.0},{"damage":0,"enemies":"Gensokyo:Cirno","floor":14,"turns":5},{"damage":15,"enemies":"Gensokyo:Kokoro","floor":16,"turns":6},{"damage":0,"enemies":"Gensokyo:2_Gloops","floor":18,"turns":3},{"damage":17,"enemies":"Gensokyo:3_Dogs","floor":19,"turns":6},{"damage":0,"enemies":"Gensokyo:Slime_Group","floor":22,"turns":2},{"damage":26,"enemies":"Gensokyo:Wraith","floor":24,"turns":3},{"damage":0,"enemies":"Gensokyo:Reisen","floor":25,"turns":4},{"damage":0,"enemies":"Gensokyo:Swordslinger","floor":28,"turns":2},{"damage":0,"enemies":"Gensokyo:Koishi","floor":29,"turns":5},{"damage":0,"enemies":"Gensokyo:Slime_Group","floor":30,"turns":2},{"damage":0,"enemies":"Gensokyo:Eiki","floor":33,"turns":3},{"damage":0,"enemies":"Gensokyo:AncientGuardian","floor":35,"turns":2},{"damage":8,"enemies":"Gensokyo:Kasen","floor":41,"turns":2},{"damage":0,"enemies":"Gensokyo:3_Bats","floor":42,"turns":1},{"damage":0,"enemies":"Gensokyo:Dusk_and_Dawn","floor":43,"turns":3},{"damage":0,"enemies":"Gensokyo:Dusk_and_Dawn","floor":44,"turns":3},{"damage":0,"enemies":"Gensokyo:Rafflesia","floor":45,"turns":2},{"damage":0,"enemies":"Gensokyo:4_Bats","floor":46,"turns":3},{"damage":0,"enemies":"Gensokyo:Doremy","floor":48,"turns":4},{"damage":0,"enemies":"Gensokyo:Yuyuko","floor":50,"turns":4},{"damage":0,"enemies":"Shield and Spear","floor":54,"turns":2},{"damage":58,"enemies":"The Heart","floor":55,"turns":5}],"seed_played":"8995222200812210548","potions_obtained":[],"is_trial":false,"path_per_floor":["M","M","?","?","COS","R","E","R","T","M","E","M","R","E","R","B",null,"M","M","COS","?","M","R","M","E","T","R","M","E","M","$","R","B",null,"M","?","?","?","$","R","E","M","T","M","M","M","R","E","R_BF","B",null,"R","$","E","B",null],"character_chosen":"HUNTRESS","items_purchased":["BargainBundle","conspire:DecoderRing","Dota2Spire:LotusOrb","TH:Strongbox","Thinking Ahead","hubris:Insight","DemoMod:ChanceBullets","halation:Diary"],"campfire_rested":0,"item_purchase_floors":[31,31,31,31,31,31,31,53],"current_hp_per_floor":[70,70,70,70,70,70,70,70,70,70,70,70,70,70,70,55,70,70,53,53,38,39,39,14,15,15,15,16,17,18,18,18,25,53,53,53,18,18,18,18,20,22,33,34,35,36,36,37,37,38,63,63,63,63,8],"gold":1275,"neow_bonus":"THREE_CARDS","is_daily":false,"chose_seed":false,"campfire_upgraded":9,"win_rate":0.0,"timestamp":1610193991,"path_taken":["M","M","?","?","COS","R","E","R","T","?","E","?","R","E","R","BOSS","M","M","COS","?","M","R","M","E","T","R","?","E","M","?","R","BOSS","M","?","?","?","?","R","E","M","T","M","M","M","R","E","R_BF","BOSS","R","$","E","BOSS"],"items_purchased_type":["Relic","Relic","Relic","Relic","Card","Card","Card","Relic"],"build_version":"2020-12-22","purchased_purges":3,"victory":true,"max_hp_per_floor":[70,70,70,70,70,70,70,70,70,70,70,70,70,70,70,70,70,70,70,70,70,70,70,70,70,70,70,70,70,70,70,70,70,53,53,53,53,48,48,48,53,53,63,63,63,63,63,63,63,63,63,63,63,63,63],"card_choices":[{"not_picked":["DemoMod:Unity","DemoMod:AC15"],"picked":"DemoMod:TeaPot","floor":1.0},{"not_picked":["DemoMod:MegaHand","DemoMod:TeaPot","DemoMod:JK47","DemoMod:AbyssalTentacle"],"picked":"DemoMod:PotionOfGunFriendShip","floor":2.0},{"not_picked":["DemoMod:TeaPot","DemoMod:GunShield","DemoMod:MachoBrace","DemoMod:Polaris"],"picked":"DemoMod:Evolver","floor":3.0},{"not_picked":["DemoMod:StickyCrossBow","DemoMod:CursedBullets","DemoMod:Unmoved","DemoMod:BattleInHaste"],"picked":"DemoMod:FullFirepower","floor":3.0},{"not_picked":["TH:CursedSword","TH:ElvenBoots","TH:DeckOfManyThings"],"picked":"TH:BikiniMail","floor":7.0},{"not_picked":["DemoMod:ZorGun","DemoMod:FastSwitch","DemoMod:HighKaliber","DemoMod:HuntsMan"],"picked":"DemoMod:MachoBrace","floor":7.0},{"not_picked":["TH:EnergyPotion","TH:DeckOfManyThings","TH:PixieDust"],"picked":"TH:TreasureMap","floor":9.0},{"not_picked":["DemoMod:SAA","DemoMod:ProbeStrike","DemoMod:LifeOrb","DemoMod:Unmoved"],"picked":"DemoMod:TableSutra","floor":10.0},{"not_picked":["TH:DeckOfManyThings","TH:Mimic","TH:ArmorSpikes"],"picked":"TH:BikiniMail","floor":11.0},{"not_picked":["DemoMod:SpreadAmmo","DemoMod:Camera","DemoMod:HuntsMan","DemoMod:BattleInHaste"],"picked":"DemoMod:Elimentaler","floor":11.0},{"not_picked":["DemoMod:TeaPot","DemoMod:SniperShot","DemoMod:Evolver","DemoMod:TripleGun","DemoMod:MachoBrace"],"picked":"SKIP","floor":12.0},{"not_picked":["TH:Mimic","TH:DeckOfManyThings","TH:CopperCoins"],"picked":"TH:TreasureMap","floor":14},{"not_picked":["DemoMod:StickyCrossBow","DemoMod:Desperate","DemoMod:PotionOfGunFriendShip","DemoMod:HuntsMan"],"picked":"DemoMod:ShadowBullets","floor":14},{"not_picked":["TH:ElvenBoots","TH:Mimic","TH:PixieDust"],"picked":"TH:DeckOfManyThings","floor":16},{"not_picked":["DemoMod:BlackHoleGun","DemoMod:ThirdPartyController","DemoMod:Slinger","DemoMod:BalloonGun"],"picked":"DemoMod:Eureka","floor":16},{"not_picked":["DemoMod:DoubleSwitch","DemoMod:BattleInHaste+1","DemoMod:ConditionalReflex","DemoMod:JK47"],"picked":"DemoMod:TableSutra","floor":18},{"not_picked":["DemoMod:CombinedRifle","DemoMod:EasyReloadBullets","DemoMod:MegaHand","DemoMod:RadGun"],"picked":"DemoMod:ConditionalReflex+1","floor":19},{"not_picked":["DemoMod:MegaHand","DemoMod:HardPowerCard","DemoMod:GunstockTap","DemoMod:StickyCrossBow","DemoMod:DoubleSwitch+1"],"picked":"SKIP","floor":22},{"not_picked":["DemoMod:DarkMarker","DemoMod:RadGun+1","DemoMod:TripleGun","DemoMod:JK47+1","DemoMod:BattleInHaste"],"picked":"SKIP","floor":24},{"not_picked":["TH:BikiniMail","TH:EnergyPotion","TH:ArmorSpikes"],"picked":"TH:TreasureMap","floor":25},{"not_picked":["DemoMod:Gungine","DemoMod:GunstockTap","DemoMod:FullFirepower","DemoMod:DirectionalPad"],"picked":"DemoMod:SAA","floor":25},{"not_picked":["TH:ArmorSpikes","TH:PixieDust","TH:Mimic"],"picked":"TH:DeckOfManyThings","floor":26},{"not_picked":["DemoMod:MachoBrace+1","DemoMod:SniperShot","DemoMod:PotionOfGunFriendShip","DemoMod:StickyCrossBow"],"picked":"DemoMod:BlankBullets","floor":28},{"not_picked":["TH:Mimic","TH:EnergyPotion","TH:DeckOfManyThings"],"picked":"TH:TreasureMap","floor":29},{"not_picked":["DemoMod:HuntsMan","DemoMod:SpreadAmmo","DemoMod:Evolver","DemoMod:ConditionalReflex"],"picked":"DemoMod:PracticeMakesPerfect+1","floor":29},{"not_picked":["DemoMod:Ejector+1","DemoMod:BalloonGun","DemoMod:RadGun","DemoMod:FastSwitch+1","DemoMod:GunShield"],"picked":"SKIP","floor":30},{"not_picked":["TH:Mimic","TH:ArmorSpikes","TH:EnergyPotion"],"picked":"TH:BikiniMail","floor":33},{"not_picked":["DemoMod:Eureka","DemoMod:FullFirepower","DemoMod:DoubleVision","DemoMod:DarkMarker"],"picked":"DemoMod:FinishedGun","floor":33},{"not_picked":["DemoMod:GunShield+1","DemoMod:MachoBrace+1","DemoMod:HardPowerCard","DemoMod:FastSwitch+1","DemoMod:AC15+1"],"picked":"SKIP","floor":35},{"not_picked":["TH:EnergyPotion","TH:PixieDust","TH:DeckOfManyThings"],"picked":"TH:CopperCoins","floor":41},{"not_picked":["DemoMod:ThirdPartyController","DemoMod:ConditionalReflex","DemoMod:Purify+1","DemoMod:HighKaliber+1","DemoMod:HardPowerCard+1"],"picked":"SKIP","floor":41},{"not_picked":["DemoMod:Ejector","DemoMod:TableSutra","DemoMod:SkilledReload","DemoMod:StickyCrossBow","DemoMod:SAA+1"],"picked":"SKIP","floor":42},{"not_picked":["DemoMod:ConditionalReflex","DemoMod:SpreadAmmo","DemoMod:AC15","DemoMod:DoubleSwitch+1","DemoMod:TableSutra"],"picked":"SKIP","floor":43},{"not_picked":["DemoMod:GunstockTap","DemoMod:FastSwitch+1","DemoMod:CursedBullets","DemoMod:StickyCrossBow","DemoMod:DirectionalPad"],"picked":"SKIP","floor":44},{"not_picked":["DemoMod:TeaPot","DemoMod:SpreadAmmo","DemoMod:AWP+1","DemoMod:Ejector+1"],"picked":"DemoMod:Elimentaler","floor":45},{"not_picked":["DemoMod:DoubleSwitch","DemoMod:ConditionalReflex","DemoMod:FeignSurrender","DemoMod:Rummage","DemoMod:AC15+1"],"picked":"SKIP","floor":46},{"not_picked":["TH:ArmorSpikes","TH:EnergyPotion","TH:DeckOfManyThings"],"picked":"TH:TreasureMap","floor":48},{"not_picked":["DemoMod:TripleGun","DemoMod:HungryBullets+1","DemoMod:HuntsMan","DemoMod:Unity"],"picked":"DemoMod:Behold!","floor":48},{"not_picked":["TH:PixieDust","TH:EnergyPotion","TH:DeckOfManyThings"],"picked":"TH:TreasureMap","floor":54},{"not_picked":["DemoMod:Ejector+1","DemoMod:JK47","DemoMod:MachoBrace+1","DemoMod:HardPowerCard+1"],"picked":"DemoMod:Unity+1","floor":54}],"player_experience":272268,"relics_obtained":[{"floor":1.0,"key":"SynthV:TestCard"},{"floor":7.0,"key":"StuffTheSpire:RubySignet"},{"floor":10.0,"key":"ThornShield"},{"floor":11.0,"key":"Toy Ornithopter"},{"floor":14,"key":"Matryoshka"},{"floor":19,"key":"wanderingMiniBosses:Inkheart"},{"floor":25,"key":"relicPack:DarknessArmor"},{"floor":26,"key":"Blue Candle"},{"floor":29,"key":"DemoMod:Plus1Bullets"},{"floor":41,"key":"Durian"},{"floor":43,"key":"OriginationStaff"},{"floor":43,"key":"Pear"},{"floor":48,"key":"Art of War"},{"floor":54,"key":"DemoMod:BigBoy"}],"event_choices":[],"is_beta":false,"boss_relics":[{"not_picked":["EE1DDrone","aspiration:RitualDagger","Painkiller Herb"]},{"not_picked":["RhineSuit","jedi:paperlyon"],"picked":"Replay:Drink Me"}],"items_purged_floors":[31,31,39],"is_endless":false,"potions_floor_spawned":[7,11,12,16,16,24,25,30,33,41,42,46,48],"ascension_level":2}}