{"host":"p7j7o00jacnw7qzt","time":1610173992,"event":{"mods":["BaseMod","Colored Map","Colored Powertips","DeckTracker","Highlight Path","Minty Spire (QoL Compilation)","Relic Stats"],"gold_per_floor":[367,442,442,456,456,456,494,494,494,494,530,553,478,497,497,497,497],"floor_reached":16,"playtime":539,"items_purged":[],"score":216,"play_id":"2ce6fa9a-4e11-4d78-b013-ddc717b7104c","local_time":"20210109013312","is_ascension_mode":true,"campfire_choices":[{"data":"Neutralize","floor":6.0,"key":"SMITH"},{"data":"Envenom","floor":8.0,"key":"SMITH"},{"data":"Flechettes","floor":10.0,"key":"SMITH"},{"floor":15.0,"key":"REST"}],"circlet_count":0,"master_deck":["AscendersBane","Strike_G","Strike_G","Strike_G","Defend_G","Defend_G","Defend_G","Defend_G","Defend_G","Survivor","Neutralize+1","Backstab","Infinite Blades","Envenom+1","Flechettes+1","All Out Attack+1","Backflip","Footwork"],"relics":["Ring of the Snake","Golden Idol","Snake Skull","Matryoshka","Molten Egg 2"],"acts_visited":["Exordium"],"potions_floor_usage":[],"damage_taken":[{"damage":5.0,"enemies":"Small Slimes","floor":1.0,"turns":6.0},{"damage":0.0,"enemies":"2 Louse","floor":4.0,"turns":2.0},{"damage":19.0,"enemies":"Lagavulin","floor":7.0,"turns":9.0},{"damage":26.0,"enemies":"Gremlin Nob","floor":11.0,"turns":4.0},{"damage":0.0,"enemies":"Jaw Worm","floor":12.0,"turns":4.0},{"damage":1.0,"enemies":"Blue Slaver","floor":14.0,"turns":4.0},{"damage":28,"enemies":"Slime Boss","floor":16,"turns":3}],"seed_played":"-1923091798648490222","potions_obtained":[{"floor":1.0,"key":"Regen Potion"}],"is_trial":false,"path_per_floor":["M","?","?","M","?","R","E","R","T","R","E","M","?","M","R","B"],"character_chosen":"THE_SILENT","items_purchased":[],"campfire_rested":1,"item_purchase_floors":[],"current_hp_per_floor":[54,43,43,43,43,43,39,39,39,39,13,13,13,12,28,0,0],"gold":497,"neow_bonus":"TWO_FIFTY_GOLD","is_daily":false,"chose_seed":false,"campfire_upgraded":3,"win_rate":0.0,"timestamp":1610173992,"path_taken":["M","?","?","M","?","R","E","R","T","R","E","M","?","M","R","BOSS"],"items_purchased_type":[],"build_version":"2020-12-22","purchased_purges":0,"victory":false,"max_hp_per_floor":[60,60,54,54,54,54,54,54,54,54,54,54,54,54,54,54,54],"relic_stats":{"counters":[7,32],"Golden Idol":27,"Snake Skull":[12],"obtain_stats":[{"Matryoshka":9,"Golden Idol":3,"Molten Egg 2":11,"Snake Skull":7,"Ring of the Snake":0},{"Matryoshka":3,"Golden Idol":1,"Molten Egg 2":4,"Snake Skull":3,"Ring of the Snake":0},{"Matryoshka":17,"Golden Idol":6,"Molten Egg 2":21,"Snake Skull":17,"Ring of the Snake":0}],"Ring of the Snake":[14]},"card_choices":[{"not_picked":["Cloak And Dagger","Underhanded Strike"],"picked":"Backstab","floor":1.0},{"not_picked":["Acrobatics","PiercingWail"],"picked":"Infinite Blades","floor":4.0},{"not_picked":["Outmaneuver","Bouncing Flask"],"picked":"Flechettes","floor":7.0},{"not_picked":["Dodge and Roll","Prepared"],"picked":"All Out Attack+1","floor":11.0},{"not_picked":["Setup","Burst"],"picked":"Backflip","floor":12.0},{"not_picked":["Expertise","Outmaneuver"],"picked":"Footwork","floor":14.0}],"player_experience":1022833,"relics_obtained":[{"floor":7.0,"key":"Snake Skull"},{"floor":9.0,"key":"Matryoshka"},{"floor":11.0,"key":"Molten Egg 2"}],"event_choices":[{"damage_healed":0.0,"max_hp_gain":0.0,"max_hp_loss":0.0,"gold_gain":75.0,"event_name":"World of Goop","player_choice":"Gather Gold","floor":2.0,"gold_loss":0.0,"damage_taken":11.0},{"damage_healed":0.0,"max_hp_gain":0.0,"max_hp_loss":6.0,"gold_gain":0.0,"event_name":"Golden Idol","player_choice":"Lose Max HP","floor":3.0,"gold_loss":0.0,"damage_taken":0.0,"relics_obtained":["Golden Idol"]},{"damage_healed":0.0,"max_hp_gain":0.0,"max_hp_loss":0.0,"gold_gain":0.0,"cards_transformed":["Strike_G"],"event_name":"Living Wall","player_choice":"Change","floor":5.0,"gold_loss":0.0,"damage_taken":0.0,"cards_obtained":["Envenom"]},{"cards_removed":["Strike_G"],"damage_healed":0.0,"max_hp_gain":0.0,"max_hp_loss":0.0,"gold_gain":0.0,"event_name":"The Cleric","player_choice":"Card Removal","floor":13.0,"gold_loss":75.0,"damage_taken":0.0}],"is_beta":false,"boss_relics":[],"items_purged_floors":[],"is_endless":false,"potions_floor_spawned":[1],"killed_by":"Slime Boss","ascension_level":20}}