{"host":"0e6ybu7maraz26aa","time":1610194476,"event":{"mods":["BaseMod","BetterRewards","Colored Powertips","Downfall","Duelist Mod","Jorbs\u0027s Wanderer Trilogy","Marisa????????","Minty Spire (QoL Compilation)","Replay The Spire","StSLib","The Blackbeard","The Bladedancer","The Cursed","The Hierophant","The Necromancer","The Servant 0.9.4","Unceasing Turn Reminder"],"gold_per_floor":[112,122,122,122,142,142,183,183,183,201,23,23,38,62,62,187,187,203,221,264,354,370,408,427,427,454,454,490,299,299,323,323,442,442,461,167,167,10,10,54,72,110,110,131,131,146,146,167,167,167],"floor_reached":51,"playtime":3144,"items_purged":[],"score":795,"play_id":"14a8c714-583d-4140-a6f9-fb0608734bb9","local_time":"20210109221436","is_ascension_mode":false,"campfire_choices":[{"data":"Toxic_Smoke_Screen","floor":6,"key":"SMITH"},{"floor":8,"key":"REST"},{"floor":15,"key":"REST"},{"data":"Apotheosis","floor":25,"key":"SMITH"},{"floor":30,"key":"REST"},{"floor":32,"key":"REST"},{"floor":49,"key":"REST"}],"circlet_count":0,"master_deck":["Strike_W","Strike_W","Strike_W","Defend_W","Defend_W","Defend_W","Defend_W","Negative_Energy_Arrows","Bone_Wall","Toxic_Smoke_Screen","Bone_Shift","Toxic_Smoke_Screen+1","Summon_Death_Knight+1","Stop_Heart","Apotheosis+1","Bones_to_Steel","Summon_Vampire_Lady","Spectral_Walk+1","Shade_Step","Pot Of Greed+1","Pot Of Greed+1","Bone_Armor+1","Negative_Energy_Javelin","Bone_Armory","Bone_Armor","Shackles_Of_Pain+1","Pot Of Greed+1","Negative_Energy_Javelin","Vampiric_Strike","expansioncontent:YouAreMine","Skeleton_Dragon+1","Cloudkill","Sadistic Nature","Spectral_Armor+1","Wraith","Parasite","Consume_Illness","Summon_Vampire_Lady","Pot Of Greed+1"],"relics":["Vampire_Amulet","Golden Idol","Onion Ring","HornCleat","Tiny Chest","ChewingGum","Red Mask","Grinning Jar","War Paint","Mercury Hourglass","Potion Belt","BargainBundle","Black Star","Medical Kit","Guide Book","Oddly Smooth Stone","Simple Rune","Replay:Arrowhead","Pen Nib","Replay:Bottled Eggs","Dream Catcher"],"acts_visited":["Exordium","TheCity","TheBeyond"],"potions_floor_usage":[16,22,22,42,42,42],"damage_taken":[{"damage":1,"enemies":"2 Louse","floor":1,"turns":2},{"damage":1,"enemies":"Small Slimes","floor":2,"turns":5},{"damage":3,"enemies":"Jaw Worm","floor":5,"turns":6},{"damage":47,"enemies":"Gremlin Nob","floor":7,"turns":5},{"damage":2,"enemies":"2 Fungi Beasts","floor":10,"turns":4},{"damage":0,"enemies":"Looter","floor":13,"turns":3},{"damage":10,"enemies":"The Guardian","floor":16,"turns":8},{"damage":3,"enemies":"Spheric Guardian","floor":18,"turns":6},{"damage":13,"enemies":"3 Byrds","floor":19,"turns":5},{"damage":31,"enemies":"Masked Bandits","floor":20,"turns":6},{"damage":61,"enemies":"Cultist and Chosen","floor":22,"turns":9},{"damage":11,"enemies":"theDuelist:KaibaA2","floor":23,"turns":6},{"damage":6,"enemies":"Centurion and Healer","floor":24,"turns":8},{"damage":45,"enemies":"Slavers","floor":28,"turns":5},{"damage":0,"enemies":"Snecko","floor":31,"turns":4},{"damage":10,"enemies":"Pondfish","floor":33,"turns":9},{"damage":17,"enemies":"3 Darklings","floor":35,"turns":6},{"damage":52,"enemies":"Giant Head","floor":40,"turns":8},{"damage":31,"enemies":"Orb Walker","floor":41,"turns":4},{"damage":6,"enemies":"Nemesis","floor":42,"turns":5},{"damage":0,"enemies":"3 Darklings","floor":44,"turns":4},{"damage":2,"enemies":"Writhing Mass","floor":46,"turns":5},{"damage":17,"enemies":"Jaw Worm Horde","floor":48,"turns":4},{"damage":106,"enemies":"Awakened One","floor":50,"turns":16}],"seed_played":"-5877172429507202609","potions_obtained":[{"floor":7,"key":"PowerPotion"},{"floor":10,"key":"SkillPotion"},{"floor":13,"key":"SpeedPotion"},{"floor":16,"key":"Slimebound:ThreeZeroPotion"},{"floor":22,"key":"Energy Potion"},{"floor":23,"key":"SteroidPotion"},{"floor":28,"key":"GamblersBrew"},{"floor":44,"key":"Block Potion"},{"floor":48,"key":"Weak Potion"}],"is_trial":false,"path_per_floor":["M","M","?","?","M","R","E","R","T","M","$","?","M","T","R","B",null,"M","M","?","?","M","E","M","R","T","T","E","$","R","M","R","B",null,"M","$","?","$","?","E","M","E","T","M","?","M","T","M","R","B",null],"character_chosen":"NECROMANCER","items_purchased":["Apotheosis","BargainBundle","Bone_Armory","Bone_Armor","Shackles_Of_Pain+1","Negative_Energy_Javelin","Vampiric_Strike","expansioncontent:YouAreMine","Regen Potion","Cloudkill","Medical Kit","Guide Book"],"campfire_rested":5,"item_purchase_floors":[11,29,29,29,29,29,29,29,29,36,36,38],"current_hp_per_floor":[82,82,62,55,54,54,9,33,33,35,35,35,37,37,61,74,82,82,79,67,55,19,22,44,44,44,44,14,14,38,46,70,81,82,76,76,76,76,76,41,21,43,43,47,47,47,47,38,62,41],"gold":167,"neow_bonus":"TEN_PERCENT_HP_BONUS","is_daily":false,"chose_seed":false,"campfire_upgraded":2,"win_rate":0.0,"timestamp":1610194476,"path_taken":["M","M","?","?","M","R","E","R","T","M","?","?","M","?","R","BOSS","M","M","?","?","M","E","?","R","T","?","E","$","R","M","R","BOSS","M","$","?","$","?","E","M","E","T","M","?","M","?","M","R","BOSS"],"items_purchased_type":["Card","Relic","Card","Card","Card","Card","Card","Card","Potion","Card","Relic","Relic"],"build_version":"2020-12-22","purchased_purges":0,"victory":true,"max_hp_per_floor":[82,82,82,82,82,82,82,82,82,82,82,82,82,82,82,82,82,82,82,82,82,82,82,82,82,82,82,82,82,82,82,82,82,82,82,82,82,82,82,82,82,82,82,82,82,82,82,82,82,82],"card_choices":[{"not_picked":["Bone_Armor","Death_March_Dance"],"picked":"Toxic_Smoke_Screen","floor":1},{"not_picked":["Slay_Living","Negative_Energy_Javelin"],"picked":"Bone_Shift","floor":2},{"not_picked":["Bone_Shift","Uncharnel"],"picked":"Toxic_Smoke_Screen","floor":5},{"not_picked":["Blood_for_Blood","Consume_Illness"],"picked":"Summon_Death_Knight","floor":7},{"not_picked":["Bone_Spikes","Spectral_Armor"],"picked":"Stop_Heart","floor":10},{"not_picked":["Death_Knell","Negative_Energy_Burst"],"picked":"Bones_to_Steel","floor":13},{"not_picked":["Hellfire","Reap_The_Weak"],"picked":"Summon_Vampire_Lady","floor":16},{"not_picked":["Scare","Blood_for_Blood","Bone_Armor+1"],"picked":"SKIP","floor":18},{"not_picked":["Bone_Spikes+1","Bones_to_Steel+1"],"picked":"Spectral_Walk+1","floor":19},{"not_picked":["Vampiric_Strike","Bones_to_Steel"],"picked":"Shade_Step","floor":20},{"not_picked":["Life_Tap","Detonate_Bones","Epidemic"],"picked":"SKIP","floor":22},{"not_picked":["Chill_Blood+1","Strike_from_Beyond","Exploit"],"picked":"SKIP","floor":23},{"not_picked":["Bone_Spikes","Negative_Energy_Shield"],"picked":"Bone_Armor","floor":24},{"not_picked":["Bone_Spikes","Detonate_Bones"],"picked":"Negative_Energy_Javelin","floor":28},{"not_picked":["Bone_Spikes","Bone_Armor","Deaths_Shadow"],"picked":"SKIP","floor":31},{"not_picked":["Blood_Magic","Cloudkill"],"picked":"Skeleton_Dragon","floor":33},{"not_picked":["Bone_Armor+1","Chill_Blood","Negative_Energy_Shield+1"],"picked":"SKIP","floor":35},{"not_picked":["Midas Touch","expansioncontent:HyperBeam"],"picked":"Sadistic Nature","floor":39},{"not_picked":["Bone_Spikes+1","Blood_Shield","Death_Coil+1"],"picked":"SKIP","floor":40},{"not_picked":["Pandemic+1","Negative_Energy_Mist+1"],"picked":"Spectral_Armor+1","floor":41},{"not_picked":["Corrupt+1","Blood_for_Blood+1","Toxic_Smoke_Screen+1"],"picked":"SKIP","floor":42},{"not_picked":["Blood_Curse","Flesh_Made_Foul","Life_Drain+1"],"picked":"SKIP","floor":44},{"not_picked":["Negative_Energy_Shield+1","Slay_Living","Blood_Whip"],"picked":"SKIP","floor":46},{"not_picked":["Toxic_Smoke_Screen","Negative_Energy_Javelin"],"picked":"Consume_Illness","floor":48},{"not_picked":["Bone_Spikes+1","Exploit"],"picked":"Summon_Vampire_Lady","floor":49}],"player_experience":132890,"relics_obtained":[{"floor":7,"key":"HornCleat"},{"floor":14,"key":"Tiny Chest"},{"floor":20,"key":"Red Mask"},{"floor":23,"key":"Grinning Jar"},{"floor":26,"key":"War Paint"},{"floor":27,"key":"Mercury Hourglass"},{"floor":28,"key":"Potion Belt"},{"floor":40,"key":"Oddly Smooth Stone"},{"floor":40,"key":"Simple Rune"},{"floor":42,"key":"Replay:Arrowhead"},{"floor":42,"key":"Pen Nib"},{"floor":43,"key":"Replay:Bottled Eggs"},{"floor":47,"key":"Dream Catcher"}],"event_choices":[{"damage_healed":0,"gold_gain":0,"player_choice":"Take Damage","damage_taken":20,"relics_obtained":["Golden Idol"],"max_hp_gain":0,"max_hp_loss":0,"event_name":"Golden Idol","floor":3,"gold_loss":0},{"damage_healed":0,"gold_gain":0,"player_choice":"Success","damage_taken":7,"relics_obtained":["Onion Ring"],"max_hp_gain":0,"max_hp_loss":0,"event_name":"Scrap Ooze","floor":4,"gold_loss":0},{"damage_healed":0,"gold_gain":0,"player_choice":"Ignored","damage_taken":0,"max_hp_gain":0,"max_hp_loss":0,"event_name":"Golden Wing","floor":12,"gold_loss":0},{"damage_healed":0,"gold_gain":0,"player_choice":"Fought Bandits","damage_taken":0,"max_hp_gain":0,"max_hp_loss":0,"event_name":"Masked Bandits","floor":20,"gold_loss":0},{"damage_healed":0,"gold_gain":90,"player_choice":"GOLD ","damage_taken":12,"max_hp_gain":0,"max_hp_loss":0,"event_name":"Knowing Skull","floor":21,"potions_obtained":[],"gold_loss":0,"cards_obtained":[]},{"cards_removed":["Strike_W"],"damage_healed":0,"gold_gain":0,"player_choice":"Removed Attack","damage_taken":0,"max_hp_gain":0,"max_hp_loss":0,"event_name":"Falling","floor":37,"gold_loss":0},{"damage_healed":0,"gold_gain":0,"player_choice":"Memory 1","damage_taken":0,"max_hp_gain":0,"max_hp_loss":0,"event_name":"SensoryStone","floor":39,"gold_loss":0},{"damage_healed":0,"gold_gain":0,"player_choice":"Ignored","damage_taken":0,"max_hp_gain":0,"max_hp_loss":0,"event_name":"OrinTheCat","floor":45,"gold_loss":0}],"is_beta":false,"boss_relics":[{"not_picked":["Sozu","SlaversCollar"],"picked":"ChewingGum"},{"not_picked":["ReplayTheSpireMod:DimensionalGlitch","Busted Crown"],"picked":"Black Star"}],"items_purged_floors":[],"is_endless":false,"potions_floor_spawned":[7,10,13,16,22,23,28,40,44,48],"ascension_level":0}}