{"host":"pvafbce70weqvzks","time":1610175485,"event":{"mods":["BaseMod","Gremlin Mod","Hermit","Minty Spire (QoL Compilation)","StSLib","themimic"],"gold_per_floor":[118,118,191,202,217,217,236,236,236,268,283,297,360,380,380,475,475,495,61,61,34,48,48,60,60,60,60,79,79,79,79,79,183,233,244,262,8,19,39,39,57,76,153,153,172,185,196,196,196,196],"floor_reached":51,"playtime":1930,"items_purged":[],"score":730,"play_id":"9cb13344-f613-4d35-8bbf-e40d643efaee","local_time":"20210109035805","is_ascension_mode":false,"campfire_choices":[{"data":"Immolate","floor":6,"key":"SMITH"},{"data":"Anger","floor":8,"key":"SMITH"},{"data":"Armaments","floor":15,"key":"SMITH"},{"floor":23,"key":"DIG"},{"floor":25,"key":"DIG"},{"floor":27,"key":"DIG"},{"floor":30,"key":"DIG"},{"floor":32,"key":"REST"},{"floor":40,"key":"DIG"},{"floor":44,"key":"DIG"},{"floor":49,"key":"DIG"}],"circlet_count":0,"master_deck":["Strike_R+1","Strike_R+1","Strike_R+1","Strike_R+1","Strike_R+1","Defend_R+1","Defend_R+1","Defend_R+1","Defend_R+1","Bash","Rampage+1","Anger+1","Immolate+1","Flex","Iron Wave","Spot Weakness","Cleave","Armaments+1","Carnage","Barricade","Anger+1","Wild Strike","Thunderclap","Headbutt","Seeing Red+1","Clothesline+1","Impervious","Iron Wave+1","Body Slam","Ghostly Armor","Swift Strike","Feed","Blood for Blood","Clash","Power Through","Pommel Strike+1","Clash+1","Parasite","Thunderclap","Iron Wave+1","Writhe"],"relics":["Burning Blood","Darkstone Periapt","CaptainsWheel","Torii","Mercury Hourglass","Shovel","ClockworkSouvenir","Paper Frog","Mango","Ancient Tea Set","Kunai","Happy Flower","Anchor","Dream Catcher","Tiny House","Calipers","InkBottle","Oddly Smooth Stone","Incense Burner"],"acts_visited":["Exordium","TheCity","TheBeyond"],"potions_floor_usage":[4,5,16,33,33,50,50],"damage_taken":[{"damage":4,"enemies":"Small Slimes","floor":1,"turns":4},{"damage":11,"enemies":"Jaw Worm","floor":4,"turns":3},{"damage":0,"enemies":"2 Louse","floor":5,"turns":1},{"damage":12,"enemies":"Blue Slaver","floor":7,"turns":2},{"damage":13,"enemies":"Lagavulin","floor":10,"turns":5},{"damage":0,"enemies":"2 Fungi Beasts","floor":11,"turns":1},{"damage":1,"enemies":"Looter","floor":12,"turns":3},{"damage":10,"enemies":"Lagavulin Event","floor":13,"turns":5},{"damage":7,"enemies":"Blue Slaver","floor":14,"turns":3},{"damage":42,"enemies":"Hexaghost","floor":16,"turns":8},{"damage":21,"enemies":"2 Thieves","floor":18,"turns":3},{"damage":18,"enemies":"3 Byrds","floor":22,"turns":4},{"damage":7,"enemies":"3 Cultists","floor":24,"turns":4},{"damage":2,"enemies":"Centurion and Healer","floor":28,"turns":4},{"damage":71,"enemies":"Collector","floor":33,"turns":9},{"damage":9,"enemies":"3 Darklings","floor":35,"turns":4},{"damage":1,"enemies":"3 Shapes","floor":36,"turns":3},{"damage":1,"enemies":"Transient","floor":38,"turns":5},{"damage":5,"enemies":"4 Shapes","floor":39,"turns":3},{"damage":23,"enemies":"Maw","floor":41,"turns":9},{"damage":0,"enemies":"Sphere and 2 Shapes","floor":42,"turns":4},{"damage":28,"enemies":"Transient","floor":45,"turns":5},{"damage":13,"enemies":"Writhing Mass","floor":46,"turns":6},{"damage":0,"enemies":"Maw","floor":47,"turns":5},{"damage":111,"enemies":"Donu and Deca","floor":50,"turns":15}],"seed_played":"9003554823275516833","potions_obtained":[{"floor":0,"key":"Ancient Potion"},{"floor":0,"key":"Fire Potion"},{"floor":0,"key":"Swift Potion"},{"floor":10,"key":"LiquidMemories"},{"floor":12,"key":"FairyPotion"},{"floor":16,"key":"Swift Potion"},{"floor":24,"key":"LiquidBronze"},{"floor":34,"key":"Energy Potion"},{"floor":35,"key":"SpeedPotion"}],"is_trial":false,"path_per_floor":["M","?","T","M","M","R","M","R","T","E","M","M","?","M","R","B",null,"M","$","?","$","M","R","M","R","T","R","M","?","R","T","R","B",null,"M","M","$","M","M","R","M","M","T","R","M","M","M","?","R","B",null],"character_chosen":"IRONCLAD","items_purchased":["Shovel","ClockworkSouvenir","Wild Strike","Swift Strike","Feed"],"campfire_rested":1,"item_purchase_floors":[19,19,21,37,37],"current_hp_per_floor":[80,80,80,75,80,80,74,74,74,67,73,78,74,73,73,37,80,65,65,65,65,53,67,66,66,66,66,70,70,70,70,94,29,99,96,99,99,99,99,99,82,91,91,91,69,68,74,107,107,40],"gold":196,"neow_bonus":"THREE_SMALL_POTIONS","is_daily":false,"chose_seed":false,"campfire_upgraded":3,"win_rate":0.0,"timestamp":1610175485,"path_taken":["M","?","?","M","M","R","M","R","T","E","M","M","?","?","R","BOSS","M","$","?","$","M","R","M","R","T","R","M","?","R","?","R","BOSS","M","M","$","M","M","R","M","M","T","R","M","M","M","?","R","BOSS"],"items_purchased_type":["Relic","Relic","Card","Card","Card"],"build_version":"2020-12-22","purchased_purges":0,"victory":true,"max_hp_per_floor":[80,80,80,80,80,80,80,80,80,80,80,80,80,80,80,80,80,80,80,80,80,80,94,94,94,94,94,94,94,94,94,94,94,99,99,99,99,99,99,99,99,102,102,102,102,108,108,114,114,114],"card_choices":[{"not_picked":["Shockwave","Disarm"],"picked":"Rampage","floor":1},{"not_picked":["True Grit","Armaments"],"picked":"Anger","floor":4},{"not_picked":["Shrug It Off","Disarm"],"picked":"Immolate","floor":5},{"not_picked":["Armaments","Warcry"],"picked":"Flex","floor":7},{"not_picked":["Demon Form","Offering"],"picked":"Iron Wave","floor":10},{"not_picked":["Havoc","Entrench"],"picked":"Spot Weakness","floor":11},{"not_picked":["Rupture","Metallicize"],"picked":"Cleave","floor":12},{"not_picked":["Havoc","Headbutt"],"picked":"Armaments","floor":13},{"not_picked":["Dark Embrace","True Grit"],"picked":"Carnage","floor":14},{"not_picked":["Limit Break","Reaper"],"picked":"Barricade","floor":16},{"not_picked":["Iron Wave+1","Twin Strike"],"picked":"Anger+1","floor":18},{"not_picked":["Headbutt","Bloodletting"],"picked":"Thunderclap","floor":22},{"not_picked":["Dark Embrace","Entrench+1"],"picked":"Headbutt","floor":24},{"not_picked":["Whirlwind+1","Offering"],"picked":"Seeing Red+1","floor":28},{"not_picked":["Armaments","Warcry"],"picked":"Clothesline","floor":32},{"not_picked":["Exhume","Demon Form"],"picked":"Impervious","floor":33},{"not_picked":["Armaments+1","Havoc"],"picked":"Iron Wave+1","floor":34},{"not_picked":["Rupture","Shrug It Off+1"],"picked":"Body Slam","floor":35},{"not_picked":["Headbutt","Twin Strike"],"picked":"Ghostly Armor","floor":36},{"not_picked":["Pummel+1","Dropkick+1"],"picked":"Blood for Blood","floor":38},{"not_picked":["Twin Strike","Heavy Blade"],"picked":"Clash","floor":39},{"not_picked":["Hemokinesis","Combust"],"picked":"Power Through","floor":41},{"not_picked":["Headbutt","Spot Weakness"],"picked":"Pommel Strike+1","floor":42},{"not_picked":["Headbutt","Shrug It Off"],"picked":"Clash+1","floor":45},{"not_picked":["Sword Boomerang","Bloodletting"],"picked":"Thunderclap","floor":46},{"not_picked":["Exhume","Thunderclap"],"picked":"Iron Wave+1","floor":47}],"player_experience":64311,"relics_obtained":[{"floor":3,"key":"Darkstone Periapt"},{"floor":9,"key":"CaptainsWheel"},{"floor":10,"key":"Torii"},{"floor":13,"key":"Mercury Hourglass"},{"floor":23,"key":"Mango"},{"floor":25,"key":"Ancient Tea Set"},{"floor":26,"key":"Kunai"},{"floor":27,"key":"Happy Flower"},{"floor":30,"key":"Anchor"},{"floor":31,"key":"Dream Catcher"},{"floor":40,"key":"Calipers"},{"floor":43,"key":"InkBottle"},{"floor":44,"key":"Oddly Smooth Stone"},{"floor":49,"key":"Incense Burner"}],"event_choices":[{"damage_healed":0,"gold_gain":0,"player_choice":"Grow","damage_taken":0,"max_hp_gain":0,"max_hp_loss":0,"event_name":"Living Wall","floor":2,"gold_loss":0,"cards_upgraded":["Rampage"]},{"damage_healed":0,"gold_gain":0,"player_choice":"Searched \u00272\u0027 times","damage_taken":0,"max_hp_gain":0,"max_hp_loss":0,"event_name":"Dead Adventurer","floor":13,"gold_loss":0},{"damage_healed":0,"gold_gain":0,"player_choice":"Opened","damage_taken":0,"relics_obtained":["Paper Frog"],"max_hp_gain":0,"max_hp_loss":0,"event_name":"The Mausoleum","floor":20,"gold_loss":0},{"damage_healed":0,"gold_gain":0,"player_choice":"Simplicity","damage_taken":0,"max_hp_gain":0,"max_hp_loss":0,"event_name":"Back to Basics","floor":29,"gold_loss":0,"cards_upgraded":["Strike_R","Strike_R","Strike_R","Strike_R","Strike_R","Defend_R","Defend_R","Defend_R","Defend_R"]},{"damage_healed":27,"gold_gain":0,"player_choice":"Writhe","damage_taken":0,"max_hp_gain":0,"max_hp_loss":0,"event_name":"Winding Halls","floor":48,"gold_loss":0,"cards_obtained":["Writhe"]}],"is_beta":false,"boss_relics":[{"not_picked":["Velvet Choker","Coffee Dripper","Runic Dome"]},{"not_picked":["Fusion Hammer","Sozu"],"picked":"Tiny House"}],"items_purged_floors":[],"is_endless":false,"potions_floor_spawned":[10,12,14,16,18,24,28,35,36,42,46,47],"ascension_level":0}}