{"host":"cv77zuuuekizn3ic","time":1610161576,"event":{"mods":["AchievementEnabler","BaseMod","Marisa£®ÏF”Í°°ƒß¿Ì…≥£©","Minty Spire (QoL Compilation)","StSLib","Waifu the Spire","everything is the same but u backflip on backflip","slay the spire mod where everything is the same but ironclad has a cowboy hat"],"gold_per_floor":[115,134,30,30,30,47,20,33,33,33,33,33,33,58,58,58,58],"floor_reached":16,"playtime":580,"items_purged":["Strike_R"],"score":250,"play_id":"a8a752de-7343-4d72-a878-b204ef966fa3","local_time":"20210109110616","is_ascension_mode":true,"campfire_choices":[{"data":"Body Slam","floor":13.0,"key":"SMITH"},{"data":"True Grit","floor":15.0,"key":"SMITH"}],"circlet_count":0,"master_deck":["AscendersBane","Strike_R","Strike_R","Defend_R","Defend_R","Defend_R","Defend_R","Bash","Shrug It Off","Shrug It Off","True Grit+1","Seeing Red","Body Slam+1","Shrug It Off","Bloodletting"],"relics":["Burning Blood","NeowsBlessing","Thread and Needle","Calipers","Pear"],"acts_visited":["Exordium"],"potions_floor_usage":[16],"damage_taken":[{"damage":0.0,"enemies":"Cultist","floor":1.0,"turns":1.0},{"damage":0.0,"enemies":"Small Slimes","floor":2.0,"turns":1.0},{"damage":0.0,"enemies":"Jaw Worm","floor":6.0,"turns":1.0},{"damage":10.0,"enemies":"Exordium Thugs","floor":7.0,"turns":10.0},{"damage":57.0,"enemies":"Large Slime","floor":8.0,"turns":18.0},{"damage":0.0,"enemies":"Lagavulin","floor":14.0,"turns":7.0},{"damage":70,"enemies":"Slime Boss","floor":16,"turns":11}],"seed_played":"-4759539226296170025","potions_obtained":[{"floor":2.0,"key":"FairyPotion"},{"floor":6.0,"key":"SneckoOil"}],"is_trial":false,"path_per_floor":["M","M","$","?","?","M","M","M","T","T","$","$","R","E","R","B"],"character_chosen":"IRONCLAD","items_purchased":["True Grit"],"campfire_rested":0,"item_purchase_floors":[3],"current_hp_per_floor":[74,75,75,75,75,75,71,20,20,20,20,20,20,36,36,0,0],"gold":58,"neow_bonus":"THREE_ENEMY_KILL","is_daily":false,"chose_seed":false,"campfire_upgraded":2,"win_rate":0.0,"timestamp":1610161576,"path_taken":["M","?","$","?","?","?","M","M","T","?","?","$","R","E","R","BOSS"],"items_purchased_type":["Card"],"build_version":"2020-12-22","purchased_purges":1,"victory":false,"max_hp_per_floor":[75,75,75,75,75,75,75,75,75,75,75,75,75,85,85,85,85],"card_choices":[{"not_picked":["Cleave","Sword Boomerang"],"picked":"Shrug It Off","floor":1.0},{"not_picked":["Warcry","Flex"],"picked":"Shrug It Off","floor":2.0},{"not_picked":["Headbutt","Flex"],"picked":"Seeing Red","floor":6.0},{"not_picked":["Uppercut","Pommel Strike"],"picked":"Body Slam","floor":7.0},{"not_picked":["Bludgeon","Anger"],"picked":"Shrug It Off","floor":8.0},{"not_picked":["Iron Wave","Pommel Strike"],"picked":"Bloodletting","floor":14.0}],"player_experience":801007,"relics_obtained":[{"floor":9.0,"key":"Thread and Needle"},{"floor":10.0,"key":"Calipers"},{"floor":14.0,"key":"Pear"}],"event_choices":[{"cards_removed":["Strike_R"],"damage_healed":0.0,"max_hp_gain":0.0,"max_hp_loss":0.0,"gold_gain":0.0,"event_name":"Living Wall","player_choice":"Forget","floor":4.0,"gold_loss":0.0,"damage_taken":0.0},{"cards_removed":["Strike_R"],"damage_healed":0.0,"max_hp_gain":0.0,"max_hp_loss":0.0,"gold_gain":0.0,"event_name":"Purifier","player_choice":"Purged","floor":5.0,"gold_loss":0.0,"damage_taken":0.0}],"is_beta":false,"boss_relics":[],"items_purged_floors":[3],"is_endless":false,"potions_floor_spawned":[2,6],"killed_by":"Slime Boss","ascension_level":20}}