{"host":"qc8h4lvnd2c314ki","time":1610177430,"event":{"mods":["ATMod(°¢èªMod)","AchievementEnabler","Act Like it!","Aspiration","BaseMod","Better Note","Better Third Choice","ChefMod","Curses Come First","Dota2Spire","Evolution","Friendly Minions","GifTheSpireLib","Highlight Path","Mimic Mod","Minty Spire (QoL Compilation)","Random Character Button","Robot Space Explorer","Spicy Shops","StSLib","The Marked"],"gold_per_floor":[114,114,114,114,133,133,133,152,202,272,22,0,0,19,19,144,144,163,363,382,401,116,116,141,141,141,66,291,216,266,360,360,560,560,604,748,748,123,167,167,167,167,167,500,500,575,287,287,287,337],"floor_reached":51,"playtime":2942,"items_purged":["Doubt"],"score":827,"play_id":"1bfb93c8-dadd-4d1a-b1d9-0abdc3b2efd9","local_time":"20210109153030","daily_mods":["Shiny","Flight","Terminal"],"is_ascension_mode":false,"campfire_choices":[{"data":"AT_EssenceShift","floor":6.0,"key":"SMITH"},{"data":"Leg Sweep","floor":15.0,"key":"SMITH"},{"data":"AT_FamilyPortrait","floor":23.0,"key":"SMITH"},{"data":"Corpse Explosion","floor":25.0,"key":"SMITH"},{"data":"Envenom","floor":32.0,"key":"SMITH"},{"data":"A Thousand Cuts","floor":40.0,"key":"SMITH"},{"data":"Doppelganger","floor":42.0,"key":"SMITH"},{"data":"Malaise","floor":45.0,"key":"SMITH"},{"data":"After Image","floor":49,"key":"SMITH"}],"circlet_count":0,"master_deck":["AT_EssenceShift+1","Corpse Explosion+1","Die Die Die","Adrenaline","Envenom+1","Doppelganger+1","Burst","Wraith Form v2","Tools of the Trade","After Image+1","A Thousand Cuts+1","AT_KingSlayer","Venomology","Malaise+1","Phantasmal Killer","aspiration:Lunge","Unload","Bullet Time+1","Storm of Steel","Glass Knife","Grand Finale","AT_FamilyPortrait+1","Leg Sweep+1","Apotheosis+1","Prepared","Deflect","Concentrate","Riddle With Holes+1","Amplify","Backflip","Madness","Madness","Regret","Bane+1"],"relics":["Ring of the Snake","EVO:Axolotl","AT_ATBox","AT_RabadonDeathcap","Anchor","Mummified Hand","betterThird:SlimedRelic","SacredBark","AT_MibuBalloonWealth","AT_ChloranthyRing","Dota2Spire:ShadowBlade","Du-Vu Doll","PrismaticShard","AT_GoldPhoenixTree","Molten Egg 2","MealTicket","Cursed Key","AT_RedTearstoneRing","aspiration:Nostalgia","Cracked Core","Happy Flower","Ornamental Fan","Turnip","CaptainsWheel","Membership Card","Dota2Spire:BlackKingBar","Lantern"],"acts_visited":["Exordium","TheCity","TheBeyond"],"potions_floor_usage":[],"damage_taken":[{"damage":0.0,"enemies":"Small Slimes","floor":1.0,"turns":1.0},{"damage":0.0,"enemies":"2 Louse","floor":5.0,"turns":1.0},{"damage":0.0,"enemies":"Jaw Worm","floor":8.0,"turns":2.0},{"damage":5.0,"enemies":"Looter","floor":14.0,"turns":3.0},{"damage":13.0,"enemies":"The Guardian","floor":16.0,"turns":8.0},{"damage":0.0,"enemies":"Spheric Guardian","floor":18.0,"turns":3.0},{"damage":10.0,"enemies":"Shell Parasite","floor":20.0,"turns":5.0},{"damage":4.0,"enemies":"Shelled Parasite and Fungi","floor":21.0,"turns":6.0},{"damage":0.0,"enemies":"Colosseum Slavers","floor":28.0,"turns":1.0},{"damage":0.0,"enemies":"Colosseum Nobs","floor":28.0,"turns":4.0},{"damage":0.0,"enemies":"3 Cultists","floor":31.0,"turns":3.0},{"damage":0.0,"enemies":"Automaton","floor":33.0,"turns":4.0},{"damage":0.0,"enemies":"Orb Walker","floor":35.0,"turns":3.0},{"damage":0.0,"enemies":"3 Darklings","floor":36.0,"turns":3.0},{"damage":0.0,"enemies":"Writhing Mass","floor":39.0,"turns":2.0},{"damage":6.0,"enemies":"Mind Bloom Boss Battle","floor":46.0,"turns":5.0},{"damage":0,"enemies":"Donu and Deca","floor":50,"turns":4}],"seed_played":"579003938715623652","potions_obtained":[{"floor":5.0,"key":"SpeedPotion"},{"floor":16.0,"key":"Strength Potion"}],"is_trial":false,"path_per_floor":["M","?","?","?","M","R","?","M","T","?","$","?","?","M","R","B",null,"M","?","M","M","$","R","T","R","T","$","?","?","T","M","R","B",null,"M","M","?","$","M","R","?","R","T","?","R","?","$","?","R","B",null],"character_chosen":"THE_SILENT","items_purchased":["Mummified Hand","AT_MibuBalloonWealth","AT_ChloranthyRing","PrismaticShard","AT_RedTearstoneRing","aspiration:Nostalgia","Happy Flower","Ornamental Fan","Membership Card","Dota2Spire:BlackKingBar","Lantern"],"campfire_rested":0,"item_purchase_floors":[11,22,22,27,38,38,38,38,47,47,47],"current_hp_per_floor":[68,67,66,50,50,50,50,50,50,50,50,39,39,34,34,21,52,51,50,40,36,36,36,36,36,36,36,36,36,36,36,36,36,35,34,33,32,31,30,29,23,23,23,23,23,17,22,21,20,19],"gold":337,"neow_bonus":"","is_daily":true,"chose_seed":false,"campfire_upgraded":9,"win_rate":0.0,"timestamp":1610177430,"path_taken":["M","?","?","?","?","R","?","?","T","?","?","?","?","M","R","BOSS","M","?","M","?","?","R","?","R","T","?","?","?","?","M","R","BOSS","M","M","?","$","M","R","?","R","T","?","R","?","$","?","R","BOSS"],"items_purchased_type":["Relic","Relic","Relic","Relic","Relic","Relic","Relic","Relic","Relic","Relic","Relic"],"build_version":"2020-12-22","purchased_purges":1,"victory":true,"max_hp_per_floor":[68,67,66,65,64,63,62,61,60,59,58,57,56,55,54,53,52,51,50,49,48,47,46,45,44,43,42,41,40,39,38,37,36,35,34,33,32,31,30,29,28,27,26,25,24,23,22,21,20,19],"card_choices":[{"not_picked":["Dagger Spray","AT_WindFlip"],"picked":"Leg Sweep","floor":1.0},{"not_picked":["Underhanded Strike","Accuracy"],"picked":"Prepared","floor":5.0},{"not_picked":["Eviscerate","Flying Knee"],"picked":"Deflect","floor":8.0},{"not_picked":["PiercingWail","Predator"],"picked":"Concentrate","floor":14.0},{"not_picked":["Sucker Punch","PiercingWail","Outmaneuver"],"picked":"SKIP","floor":18.0},{"not_picked":["AT_WindFlip+1","Dodge and Roll+1","Quick Slash"],"picked":"SKIP","floor":20.0},{"not_picked":["PiercingWail+1","Choke","Deadly Poison"],"picked":"SKIP","floor":21.0},{"not_picked":["JustLucky+1","MentalFortress"],"picked":"Riddle With Holes+1","floor":28.0},{"not_picked":["AT_WindFlip+1","RobotSpaceExplorer:SurgingShield","All For One+1"],"picked":"SKIP","floor":31.0},{"not_picked":["chefmod:RisingDough","Master of Strategy"],"picked":"Amplify","floor":33.0},{"not_picked":["Protect","EmptyBody+1","Ball Lightning+1"],"picked":"SKIP","floor":35.0},{"not_picked":["Swift Strike+1","AT_BodySlamDance+1"],"picked":"Backflip","floor":36.0},{"not_picked":["Cold Snap+1","theMarked:TwofoldDefense+1","chefmod:Chop+1"],"picked":"SKIP","floor":39.0},{"not_picked":["theMarked:CreepingChasm+1","theMarked:Static"],"picked":"Bane+1","floor":46.0}],"player_experience":501768,"relics_obtained":[{"floor":9.0,"key":"Anchor"},{"floor":24.0,"key":"Dota2Spire:ShadowBlade"},{"floor":26.0,"key":"Du-Vu Doll"},{"floor":28.0,"key":"AT_GoldPhoenixTree"},{"floor":28.0,"key":"Molten Egg 2"},{"floor":30.0,"key":"MealTicket"},{"floor":43.0,"key":"Turnip"},{"floor":46.0,"key":"CaptainsWheel"}],"event_choices":[{"damage_healed":0.0,"max_hp_gain":0.0,"max_hp_loss":0.0,"gold_gain":0.0,"event_name":"The Cleric","player_choice":"Leave","floor":2.0,"gold_loss":0.0,"damage_taken":0.0},{"damage_healed":67.0,"max_hp_gain":0.0,"max_hp_loss":67.0,"gold_gain":0.0,"event_name":"betterThird:BetterShining","player_choice":"Embrace","floor":3.0,"gold_loss":0.0,"damage_taken":0.0},{"damage_healed":0.0,"max_hp_gain":0.0,"max_hp_loss":0.0,"gold_gain":0.0,"event_name":"Golden Idol","player_choice":"Take Damage","floor":4.0,"gold_loss":0.0,"damage_taken":16.0,"relics_obtained":["Golden Idol"]},{"cards_removed":["AT_MyraUnstableElement"],"damage_healed":0.0,"max_hp_gain":0.0,"max_hp_loss":0.0,"gold_gain":0.0,"event_name":"WeMeetAgain","player_choice":"Gave Card","floor":7.0,"gold_loss":0.0,"damage_taken":0.0,"relics_obtained":["AT_RabadonDeathcap"]},{"damage_healed":0.0,"max_hp_gain":0.0,"max_hp_loss":0.0,"gold_gain":70.0,"event_name":"Golden Wing","player_choice":"Gained Gold","floor":10.0,"gold_loss":0.0,"damage_taken":0.0},{"damage_healed":0.0,"max_hp_gain":0.0,"max_hp_loss":0.0,"gold_gain":0.0,"event_name":"betterThird:BetterGoop","player_choice":"Slimed","floor":12.0,"gold_loss":22.0,"damage_taken":11.0},{"damage_healed":0.0,"max_hp_gain":0.0,"max_hp_loss":0.0,"gold_gain":0.0,"event_name":"Living Wall","player_choice":"Grow","floor":13.0,"gold_loss":0.0,"damage_taken":0.0,"cards_upgraded":["Bullet Time"]},{"damage_healed":0.0,"max_hp_gain":0.0,"max_hp_loss":0.0,"gold_gain":250.0,"event_name":"The Joust","player_choice":"Bet on Owner","floor":19.0,"gold_loss":50.0,"damage_taken":0.0},{"damage_healed":0.0,"max_hp_gain":0.0,"max_hp_loss":0.0,"gold_gain":0.0,"event_name":"Colosseum","player_choice":"Fight","floor":28.0,"gold_loss":0.0,"damage_taken":0.0},{"damage_healed":0.0,"max_hp_gain":0.0,"max_hp_loss":0.0,"gold_gain":0.0,"event_name":"Colosseum","player_choice":"Fought Nobs","floor":28.0,"gold_loss":0.0,"damage_taken":0.0},{"cards_removed":["Night Terror"],"damage_healed":0.0,"max_hp_gain":0.0,"max_hp_loss":0.0,"gold_gain":0.0,"event_name":"Beggar","player_choice":"Gave Gold","floor":29.0,"gold_loss":75.0,"damage_taken":0.0},{"damage_healed":0.0,"max_hp_gain":0.0,"max_hp_loss":0.0,"gold_gain":0.0,"event_name":"Tomb of Lord Red Mask","player_choice":"Ignored","floor":37.0,"gold_loss":0.0,"damage_taken":0.0},{"damage_healed":0.0,"max_hp_gain":0.0,"max_hp_loss":0.0,"gold_gain":0.0,"event_name":"Winding Halls","player_choice":"Embrace Madness","floor":41.0,"gold_loss":0.0,"damage_taken":4.0,"cards_obtained":["Madness","Madness"]},{"damage_healed":0.0,"max_hp_gain":0.0,"max_hp_loss":0.0,"gold_gain":333.0,"event_name":"The Moai Head","player_choice":"Gave Idol","floor":44.0,"relics_lost":["Golden Idol"],"gold_loss":0.0,"damage_taken":0.0},{"damage_healed":0.0,"max_hp_gain":0.0,"max_hp_loss":0.0,"gold_gain":0.0,"event_name":"MindBloom","player_choice":"Fight","floor":46.0,"gold_loss":0.0,"damage_taken":0.0},{"damage_healed":0,"gold_gain":0,"player_choice":"Ignored","damage_taken":0,"max_hp_gain":0,"max_hp_loss":0,"event_name":"betterThird:BetterPortal","floor":48,"gold_loss":0}],"is_beta":false,"boss_relics":[{"not_picked":["Ectoplasm","Black Star"],"picked":"SacredBark"},{"not_picked":["Snecko Eye","aspiration:WatcherSkillbook"],"picked":"Cursed Key"}],"items_purged_floors":[22],"is_endless":false,"potions_floor_spawned":[5,16,20,21,33,35,36,39],"ascension_level":0}}