{"host":"fwszrsv3xaezmgui","time":1610228713,"event":{"mods":["BaseMod","Highlight Path","Minty Spire (QoL Compilation)","Quick Restart"],"gold_per_floor":[113,113,132,45,57,83,83,183,183,197,23,49,65,77,77,173,173,187,187,200,160,178,178,212,223,303,315,644,228,240,266,266,367,367,382,382,397,9,9,9,40,52,64,103,130,142,172,184,196,208],"floor_reached":51,"playtime":4414,"items_purged":[],"score":827,"play_id":"1676ccaf-e8e4-4174-a68d-a5bb89213650","local_time":"20210109164513","is_ascension_mode":false,"campfire_choices":[{"floor":7.0,"key":"REST"},{"data":"Thunderclap","floor":15.0,"key":"SMITH"},{"floor":23.0,"key":"REST"},{"data":"Rage","floor":32.0,"key":"SMITH"},{"floor":40.0,"key":"REST"},{"floor":46,"key":"REST"},{"data":"Warcry","floor":49,"key":"SMITH"}],"circlet_count":0,"master_deck":["Strike_R","Strike_R","Strike_R","Strike_R","Strike_R+1","Defend_R","Defend_R","Defend_R","Defend_R+1","Bash","Headbutt+1","Thunderclap+1","Fire Breathing","Body Slam+1","Impervious","Perfected Strike+1","Pommel Strike+1","Impervious","Pommel Strike+1","Body Slam+1","Clash+1","Twin Strike+1","Juggernaut","Iron Wave+1","Clash+1","Rampage+1","Twin Strike+1","Whirlwind+1","Rage+1","Whirlwind+1","Flex","Body Slam+1","Impervious","Good Instincts","Perfected Strike+1","Feed+1","Reaper+1","Pummel+1","Discovery","Warcry+1","Bandage Up","Perfected Strike+1","Ghostly Armor","Shockwave+1","Clothesline+1","Rage+1"],"relics":["Burning Blood","NeowsBlessing","Molten Egg 2","Bag of Preparation","DollysMirror","Oddly Smooth Stone","SlaversCollar","Whetstone","Mercury Hourglass","Old Coin","Lee\u0027s Waffle","Matryoshka","Black Star","StoneCalendar","Vajra","MawBank","Red Skull","Bottled Lightning","Bird Faced Urn","Gambling Chip"],"acts_visited":["Exordium","TheCity","TheBeyond"],"potions_floor_usage":[50],"damage_taken":[{"damage":0.0,"enemies":"Jaw Worm","floor":1.0,"turns":1.0},{"damage":0.0,"enemies":"2 Louse","floor":3.0,"turns":1.0},{"damage":0.0,"enemies":"Cultist","floor":5.0,"turns":1.0},{"damage":35.0,"enemies":"3 Sentries","floor":6.0,"turns":5.0},{"damage":0.0,"enemies":"Large Slime","floor":10.0,"turns":4.0},{"damage":18.0,"enemies":"Lagavulin","floor":12.0,"turns":6.0},{"damage":0.0,"enemies":"3 Louse","floor":13.0,"turns":4.0},{"damage":4.0,"enemies":"Lots of Slimes","floor":14.0,"turns":5.0},{"damage":20.0,"enemies":"Slime Boss","floor":16.0,"turns":5.0},{"damage":24.0,"enemies":"2 Thieves","floor":18.0,"turns":4.0},{"damage":0.0,"enemies":"Chosen","floor":20.0,"turns":5.0},{"damage":18.0,"enemies":"Snecko","floor":22.0,"turns":5.0},{"damage":27.0,"enemies":"Book of Stabbing","floor":24.0,"turns":4.0},{"damage":0.0,"enemies":"Cultist and Chosen","floor":25.0,"turns":4.0},{"damage":8.0,"enemies":"Centurion and Healer","floor":27.0,"turns":5.0},{"damage":26.0,"enemies":"Gremlin Leader","floor":28.0,"turns":5.0},{"damage":21.0,"enemies":"Snake Plant","floor":30.0,"turns":3.0},{"damage":0.0,"enemies":"Book of Stabbing","floor":31.0,"turns":2.0},{"damage":41.0,"enemies":"Automaton","floor":33.0,"turns":8.0},{"damage":13.0,"enemies":"3 Darklings","floor":35.0,"turns":4.0},{"damage":34.0,"enemies":"3 Shapes","floor":37.0,"turns":3.0},{"damage":30.0,"enemies":"Giant Head","floor":41.0,"turns":7.0},{"damage":16.0,"enemies":"Reptomancer","floor":44.0,"turns":5.0},{"damage":15,"enemies":"Sphere and 2 Shapes","floor":45,"turns":4},{"damage":25,"enemies":"Spire Growth","floor":47,"turns":4},{"damage":60,"enemies":"Donu and Deca","floor":50,"turns":9}],"seed_played":"-8250930752058175974","potions_obtained":[{"floor":10.0,"key":"EssenceOfSteel"},{"floor":12.0,"key":"BlessingOfTheForge"},{"floor":13.0,"key":"EntropicBrew"},{"floor":25.0,"key":"Block Potion"},{"floor":28.0,"key":"Block Potion"},{"floor":30.0,"key":"FearPotion"},{"floor":33.0,"key":"SkillPotion"},{"floor":35.0,"key":"Fruit Juice"},{"floor":45,"key":"SteroidPotion"},{"floor":47,"key":"ElixirPotion"}],"is_trial":false,"path_per_floor":["M","?","M","$","M","E","R","?","T","M","$","E","M","M","R","B",null,"M","?","M","?","M","R","E","M","T","M","E","$","M","E","R","B",null,"M","?","M","$","?","R","E","$","T","E","M","R","M","?","R","B",null],"character_chosen":"IRONCLAD","items_purchased":["Fire Breathing","Body Slam","DollysMirror","Pommel Strike+1","Lee\u0027s Waffle","Flex","Body Slam+1","Impervious","Good Instincts","StoneCalendar","Bandage Up"],"campfire_rested":4,"item_purchase_floors":[4,4,11,11,29,29,29,29,29,38,38],"current_hp_per_floor":[80,80,80,80,80,51,75,75,75,80,80,68,74,76,76,62,80,62,62,68,68,56,80,59,65,65,63,43,87,72,78,78,43,87,85,85,61,61,61,89,75,75,75,77,70,96,81,81,81,31],"gold":220,"neow_bonus":"THREE_ENEMY_KILL","is_daily":false,"chose_seed":false,"campfire_upgraded":3,"win_rate":0.0,"timestamp":1610228713,"path_taken":["M","?","M","$","M","E","R","?","T","M","$","E","?","M","R","BOSS","M","?","M","?","M","R","E","M","T","M","E","$","?","E","R","BOSS","M","?","M","$","?","R","E","$","T","E","M","R","?","?","R","BOSS"],"items_purchased_type":["Card","Card","Relic","Card","Relic","Card","Card","Card","Card","Relic","Card"],"build_version":"2020-12-22","purchased_purges":0,"victory":true,"max_hp_per_floor":[80,80,80,80,80,80,80,80,80,80,80,80,80,80,80,80,80,80,80,80,80,80,80,80,80,80,80,80,87,87,87,87,87,87,92,92,96,96,96,96,96,96,96,96,96,96,96,96,96,96],"card_choices":[{"not_picked":["Body Slam","Clash"],"picked":"Headbutt","floor":1.0},{"not_picked":["Clash","Flame Barrier"],"picked":"Thunderclap","floor":3.0},{"not_picked":["Rupture","Anger"],"picked":"Impervious","floor":5.0},{"not_picked":["Infernal Blade","Combust"],"picked":"Perfected Strike+1","floor":6.0},{"not_picked":["Burning Pact","Armaments"],"picked":"Pommel Strike+1","floor":10.0},{"not_picked":["True Grit","Corruption"],"picked":"Body Slam+1","floor":12.0},{"not_picked":["Infernal Blade","Thunderclap+1"],"picked":"Clash+1","floor":13.0},{"not_picked":["Searing Blow+1","Sever Soul+1"],"picked":"Twin Strike+1","floor":14.0},{"not_picked":["Reaper+1","Corruption"],"picked":"Juggernaut","floor":16.0},{"not_picked":["Flex","Power Through"],"picked":"Iron Wave+1","floor":18.0},{"not_picked":["Battle Trance","Inflame"],"picked":"Clash+1","floor":20.0},{"not_picked":["Thunderclap+1","Perfected Strike+1"],"picked":"Rampage+1","floor":22.0},{"not_picked":["True Grit+1","Searing Blow+1"],"picked":"Twin Strike+1","floor":24.0},{"not_picked":["Armaments+1","Warcry"],"picked":"Whirlwind+1","floor":25.0},{"not_picked":["Warcry","Cleave+1"],"picked":"Rage","floor":27.0},{"not_picked":["Iron Wave+1","Metallicize"],"picked":"Whirlwind+1","floor":28.0},{"not_picked":["Iron Wave+1","Uppercut+1"],"picked":"Perfected Strike+1","floor":30.0},{"not_picked":["Whirlwind+1","Clothesline+1"],"picked":"Feed+1","floor":31.0},{"not_picked":["Brutality","Corruption"],"picked":"Reaper+1","floor":33.0},{"not_picked":["Twin Strike+1","Armaments"],"picked":"Pummel+1","floor":35.0},{"not_picked":["Jack Of All Trades","Panacea"],"picked":"Discovery","floor":36.0},{"not_picked":["Fire Breathing+1","Armaments"],"picked":"Warcry","floor":37.0},{"not_picked":["Offering","Hemokinesis+1"],"picked":"Perfected Strike+1","floor":41.0},{"not_picked":["Perfected Strike+1","Sword Boomerang+1"],"picked":"Ghostly Armor","floor":44.0},{"not_picked":["Entrench","Pommel Strike+1"],"picked":"Shockwave+1","floor":45},{"not_picked":["Second Wind+1","Thunderclap+1"],"picked":"Clothesline+1","floor":47}],"player_experience":38897,"relics_obtained":[{"floor":6.0,"key":"Molten Egg 2"},{"floor":9.0,"key":"Bag of Preparation"},{"floor":12.0,"key":"Oddly Smooth Stone"},{"floor":24.0,"key":"Whetstone"},{"floor":26.0,"key":"Mercury Hourglass"},{"floor":28.0,"key":"Old Coin"},{"floor":31.0,"key":"Matryoshka"},{"floor":41.0,"key":"Vajra"},{"floor":41.0,"key":"MawBank"},{"floor":43.0,"key":"Red Skull"},{"floor":43.0,"key":"Bottled Lightning"},{"floor":44.0,"key":"Bird Faced Urn"},{"floor":44.0,"key":"Gambling Chip"}],"event_choices":[{"damage_healed":0.0,"max_hp_gain":0.0,"max_hp_loss":0.0,"gold_gain":0.0,"event_name":"Golden Idol","player_choice":"Ignored","floor":2.0,"gold_loss":0.0,"damage_taken":0.0},{"damage_healed":0.0,"max_hp_gain":0.0,"max_hp_loss":0.0,"gold_gain":100.0,"event_name":"Golden Shrine","player_choice":"Pray","floor":8.0,"gold_loss":0.0,"damage_taken":0.0},{"damage_healed":0.0,"max_hp_gain":0.0,"max_hp_loss":0.0,"gold_gain":0.0,"event_name":"Vampires","player_choice":"Ignored","floor":19.0,"gold_loss":0.0,"damage_taken":0.0},{"damage_healed":0.0,"max_hp_gain":0.0,"max_hp_loss":0.0,"gold_gain":0.0,"event_name":"Designer","player_choice":"Upgraded Two","floor":21.0,"gold_loss":40.0,"damage_taken":0.0,"cards_upgraded":["Strike_R","Defend_R"]},{"damage_healed":0.0,"max_hp_gain":0.0,"max_hp_loss":0.0,"gold_gain":0.0,"event_name":"SensoryStone","player_choice":"Memory 1","floor":36.0,"gold_loss":0.0,"damage_taken":0.0},{"damage_healed":0.0,"max_hp_gain":0.0,"max_hp_loss":0.0,"gold_gain":0.0,"event_name":"SecretPortal","player_choice":"Ignored","floor":39.0,"gold_loss":0.0,"damage_taken":0.0},{"damage_healed":0,"gold_gain":0,"player_choice":"Copied","damage_taken":0,"max_hp_gain":0,"max_hp_loss":0,"event_name":"Duplicator","floor":48,"gold_loss":0,"cards_obtained":["Rage"]}],"is_beta":false,"boss_relics":[{"not_picked":["Runic Cube","Black Blood"],"picked":"SlaversCollar"},{"not_picked":["Coffee Dripper","Sozu"],"picked":"Black Star"}],"items_purged_floors":[],"is_endless":false,"potions_floor_spawned":[10,12,13,16,20,25,28,30,33,35,45,47],"ascension_level":0}}