{"host":"l84l8xigz5v5foa2","time":1610196022,"event":{"mods":["2.2 Compatiblity","AchievementEnabler","BaseMod","Better Note","Better Vampires","Card Filter","Colored Map","DeckTracker","Downfall","Gremlin Skip","Highlight Path","Keyboard Shortcuts","Minty Spire (QoL Compilation)","Permanent Neow","Quick Restart","Relic Filter","Relic Stats","StSLib","SuperFastMode","Transform Curses","Unknown Chances"],"gold_per_floor":[199,217,217,229,247,260,310,324,259,259,286,286,286,286,299,299,299],"floor_reached":16,"playtime":600,"items_purged":["Strike_B"],"score":204,"play_id":"bf51226c-caec-48a3-82b0-83db1eef511f","local_time":"20210109214022","is_ascension_mode":true,"campfire_choices":[{"data":"Zap","floor":1.0,"key":"SMITH"},{"data":"Dualcast","floor":10.0,"key":"SMITH"},{"data":"Multi-Cast","floor":13,"key":"SMITH"}],"circlet_count":0,"master_deck":["AscendersBane","Strike_B","Strike_B","Strike_B","Defend_B","Defend_B","Defend_B","Defend_B","Zap+1","Dualcast+1","Glacier","BootSequence","Rebound","Barrage","Multi-Cast+1","Darkness","Rebound"],"relics":["Cracked Core","Smiling Mask","Bird Faced Urn"],"acts_visited":[],"potions_floor_usage":[16],"damage_taken":[{"damage":0.0,"enemies":"2 Louse","floor":2.0,"turns":2.0},{"damage":3.0,"enemies":"Jaw Worm","floor":4.0,"turns":6.0},{"damage":1.0,"enemies":"Cultist","floor":5.0,"turns":4.0},{"damage":0.0,"enemies":"2 Fungi Beasts","floor":6.0,"turns":4.0},{"damage":0.0,"enemies":"3 Louse","floor":8.0,"turns":3.0},{"damage":10.0,"enemies":"downfall:FleeingMerchant","floor":9.0,"turns":4.0},{"damage":14.0,"enemies":"Lagavulin","floor":11.0,"turns":7.0},{"damage":0,"enemies":"2 Fungi Beasts","floor":15,"turns":4},{"damage":38,"enemies":"downfall:Silent","floor":16,"turns":8}],"seed_played":"6396655772911302874","potions_obtained":[{"floor":4.0,"key":"PowerPotion"},{"floor":6.0,"key":"FearPotion"},{"floor":11.0,"key":"Swift Potion"}],"is_trial":false,"path_per_floor":["R","M","?","M","M","M","T","M","$","R","E","?","R","?","M","B"],"character_chosen":"DEFECT","items_purchased":[],"campfire_rested":0,"item_purchase_floors":[],"current_hp_per_floor":[64,64,64,61,60,60,60,60,50,50,36,36,36,36,36,0,0],"gold":299,"neow_bonus":"HUNDRED_GOLD","is_daily":false,"chose_seed":false,"campfire_upgraded":3,"win_rate":0.0,"timestamp":1610196022,"path_taken":["R","M","?","M","M","M","T","M","$","R","E","?","R","?","M","BOSS"],"items_purchased_type":[],"build_version":"2020-12-22","purchased_purges":1,"victory":false,"max_hp_per_floor":[71,71,71,71,71,71,71,71,71,71,71,71,71,71,71,71,71],"relic_stats":{"counters":[9,42],"Bird Faced Urn":[0],"Smiling Mask":25,"obtain_stats":[{"Bird Faced Urn":11,"Cracked Core":0,"Smiling Mask":7},{"Bird Faced Urn":7,"Cracked Core":0,"Smiling Mask":4},{"Bird Faced Urn":30,"Cracked Core":0,"Smiling Mask":16}]},"card_choices":[{"not_picked":["Leap","Turbo"],"picked":"Glacier","floor":2.0},{"not_picked":["Steam","Gash"],"picked":"BootSequence","floor":4.0},{"not_picked":["Compile Driver","Recycle"],"picked":"Rebound","floor":5.0},{"not_picked":["FTL","Static Discharge"],"picked":"Barrage","floor":6.0},{"not_picked":["Consume","Aggregate"],"picked":"Multi-Cast","floor":8.0},{"not_picked":["Gash","Undo"],"picked":"Darkness","floor":9.0},{"not_picked":["Turbo","Force Field","Beam Cell"],"picked":"SKIP","floor":11.0},{"not_picked":["Consume","Doom and Gloom"],"picked":"Rebound","floor":15}],"player_experience":3032055,"relics_obtained":[{"floor":7.0,"key":"Smiling Mask"},{"floor":11.0,"key":"Bird Faced Urn"}],"event_choices":[{"damage_healed":0,"gold_gain":0,"player_choice":"Fled","damage_taken":0,"max_hp_gain":0,"max_hp_loss":0,"event_name":"Scrap Ooze","floor":12,"gold_loss":0},{"damage_healed":0,"gold_gain":0,"player_choice":"Got Potions","damage_taken":0,"max_hp_gain":0,"max_hp_loss":0,"event_name":"Lab","floor":14,"gold_loss":0}],"is_beta":false,"boss_relics":[],"items_purged_floors":[9],"is_endless":false,"potions_floor_spawned":[4,6,8,11],"killed_by":"downfall:Silent","ascension_level":20}}