{"host":"dnd25fcf5l5puhl9","time":1610152001,"event":{"mods":["AchievementEnabler","Act Like it!","BaseMod","BetterRewards","Colored Map","Colored Powertips","Downfall","Gensokyo","Hermit","Hubris","Infinite Spire","Lobotomy","Minty Spire (QoL Compilation)","Replay The Spire","Shop Mod","StSLib","SuperFastMode","The Cursed","The Disciple","The Jungle"],"gold_per_floor":[110,110,122,137,66,92,92,124,150,185,196,213,224,257,257,331,331,341,280,290,302,315,315,315],"floor_reached":23,"playtime":1842,"items_purged":[],"score":578,"play_id":"95622c45-4c5e-426b-b3fa-fd9a94a950c8","local_time":"20210108222641","is_ascension_mode":true,"campfire_choices":[{"floor":7,"key":"REST"},{"data":"Guardian:FloatingOrbs","floor":15,"key":"SMITH"}],"circlet_count":0,"master_deck":["AscendersBane","Strike_G","Strike_G","Strike_G","Strike_G","Strike_G","Defend_G","Defend_G","Defend_G","Defend_G","Defend_G","Survivor","Neutralize","expansioncontent:Collect","Footwork","Blade Dance","Sneak Up","Well Laid Plans","Backstab","Dash","Hidden Blade","Guardian:FloatingOrbs+1","A Thousand Cuts","Prepared+1","Accuracy","Blade Dance"],"relics":["Ring of the Snake","Eternal Feather","Regal Pillow","Sling","Du-Vu Doll","Anchor","PreservedInsect","hubris:DisguiseKit","infinitespire:PuzzleCube","Pear","Toy Ornithopter","Bag of Preparation"],"acts_visited":["Exordium","TheCity"],"potions_floor_usage":[6,22],"damage_taken":[{"damage":0,"enemies":"Jaw Worm","floor":1,"turns":6},{"damage":0,"enemies":"Cultist","floor":3,"turns":3},{"damage":0,"enemies":"Small Slimes","floor":4,"turns":4},{"damage":8,"enemies":"Gremlin Nob","floor":6,"turns":4},{"damage":0,"enemies":"3 Sentries","floor":8,"turns":5},{"damage":10,"enemies":"Lagavulin","floor":10,"turns":5},{"damage":4,"enemies":"Gremlin Gang","floor":11,"turns":7},{"damage":0,"enemies":"3 Louse","floor":12,"turns":4},{"damage":4,"enemies":"Large Slime","floor":13,"turns":6},{"damage":5,"enemies":"3 Sentries","floor":14,"turns":5},{"damage":2,"enemies":"The Guardian","floor":16,"turns":13},{"damage":5,"enemies":"3 Byrds","floor":18,"turns":4},{"damage":5,"enemies":"Chosen","floor":20,"turns":5},{"damage":16,"enemies":"Snake Plant","floor":21,"turns":7},{"damage":17,"enemies":"Snecko","floor":22,"turns":8},{"damage":39,"enemies":"Nightmare","floor":23,"turns":4}],"seed_played":"2467182247915621751","potions_obtained":[{"floor":1,"key":"sneckomod:MuddlingPotion"},{"floor":10,"key":"Elixir"},{"floor":13,"key":"GhostInAJar"}],"is_trial":false,"path_per_floor":["M","?","M","M","$","E","R","E","T","E","M","M","M","E","R","B",null,"M","?","M","M","M","NM"],"character_chosen":"THE_SILENT","items_purchased":["Eternal Feather","Regal Pillow","Sling","expansioncontent:Collect","Footwork","Anchor","Block Potion","Backstab"],"campfire_rested":1,"item_purchase_floors":[0,0,0,0,0,0,0,5],"current_hp_per_floor":[24,24,24,24,24,16,64,64,64,64,60,60,56,51,63,61,75,70,70,65,49,37,0,0],"gold":315,"neow_bonus":"","is_daily":false,"chose_seed":false,"campfire_upgraded":1,"win_rate":0.0,"timestamp":1610152001,"path_taken":["M","?","?","M","?","E","R","E","T","E","M","M","M","E","R","BOSS","M","?","?","M","M","NM"],"items_purchased_type":["Relic","Relic","Relic","Card","Card","Relic","Potion","Card"],"build_version":"2020-12-22","purchased_purges":0,"victory":false,"max_hp_per_floor":[70,70,70,70,70,70,70,70,70,80,80,80,80,80,80,80,80,80,80,80,80,80,80,80],"card_choices":[{"not_picked":["Heel Hook","Dagger Throw"],"picked":"Blade Dance","floor":1},{"not_picked":["Blade Dance","Dagger Spray"],"picked":"Sneak Up","floor":3},{"not_picked":["Replay:Poison Smokescreen","Deflect"],"picked":"Well Laid Plans","floor":4},{"not_picked":["Toxin Wave","Deadly Poison"],"picked":"Dash","floor":6},{"not_picked":["Grand Finale","Venomology"],"picked":"Hidden Blade","floor":8},{"not_picked":["Unload","Glass Knife","Flechettes","Guardian:ShieldCharger"],"picked":"SKIP","floor":10},{"not_picked":["Acrobatics","Dagger Throw","Dodge and Roll"],"picked":"Guardian:FloatingOrbs","floor":11},{"not_picked":["Dash","Dagger Spray","Bane","Guardian:TemporalShield"],"picked":"SKIP","floor":12},{"not_picked":["Heel Hook","All Out Attack","PiercingWail","Guardian:CrystalBeam"],"picked":"SKIP","floor":13},{"not_picked":["Flying Knee","Riddle With Holes","Unload","Guardian:Emergency"],"picked":"SKIP","floor":14},{"not_picked":["Replay:Bag of Tricks","Corpse Explosion","Guardian:RevengeProtocol"],"picked":"A Thousand Cuts","floor":16},{"not_picked":["Choke","Backflip","Guardian:CrystalBeam"],"picked":"Prepared+1","floor":18},{"not_picked":["Finisher","Poisoned Stab","Guardian:Incinerate"],"picked":"Accuracy","floor":20},{"not_picked":["Deflect","Dagger Throw","Noxious Fumes","Guardian:Emergency"],"picked":"SKIP","floor":21},{"not_picked":["Dagger Spray","hubris:Counter","Guardian:Gem_Crimson"],"picked":"Blade Dance","floor":22}],"player_experience":559073,"relics_obtained":[{"floor":6,"key":"PreservedInsect"},{"floor":8,"key":"hubris:DisguiseKit"},{"floor":9,"key":"infinitespire:PuzzleCube"},{"floor":10,"key":"Pear"},{"floor":14,"key":"Toy Ornithopter"}],"event_choices":[{"damage_healed":0,"gold_gain":0,"player_choice":"Bought 0 Potions","damage_taken":0,"max_hp_gain":0,"max_hp_loss":0,"event_name":"The Woman in Blue","floor":2,"gold_loss":0},{"damage_healed":0,"gold_gain":0,"player_choice":"Paid Gold","damage_taken":0,"relics_obtained":["Bag of Preparation"],"max_hp_gain":0,"max_hp_loss":0,"event_name":"WeMeetAgain","floor":19,"gold_loss":61}],"is_beta":false,"boss_relics":[{"not_picked":["hubris:RunicObelisk","Honey Jar","ChewingGum"]}],"items_purged_floors":[],"is_endless":false,"potions_floor_spawned":[1,10,11,12,13,16,20],"killed_by":"Nightmare","ascension_level":13}}