{"host":"s41rn2jhghpwfrvz","time":1610229166,"event":{"mods":["BaseMod","Minty Spire (QoL Compilation)","Quick Restart","Relic Stats","SuperFastMode"],"gold_per_floor":[116,126,126,136,148,189,212,249,261,304,326,350,378,407,419,502,514,540,427,445,495,506,506,533,533,533,550,581,600,633,643,643,720,720,736,752,764,777,777,812,812,846,927,959,536,553,289,301,301,301,301,301,301,42,77,77],"floor_reached":57,"playtime":1676,"items_purged":["Consecrate"],"score":3760,"play_id":"a5b486fe-e99b-452f-baf8-21318c9844c1","local_time":"20210109235246","daily_mods":["SealedDeck","Vintage","Diverse"],"is_ascension_mode":true,"campfire_choices":[{"data":"Blade Dance","floor":15.0,"key":"SMITH"},{"data":"Feel No Pain","floor":23.0,"key":"SMITH"},{"data":"Barricade","floor":25.0,"key":"SMITH"},{"data":"Prostrate","floor":32.0,"key":"SMITH"},{"floor":41.0,"key":"RECALL"},{"data":"Heatsinks","floor":49.0,"key":"SMITH"},{"data":"Protect","floor":53.0,"key":"SMITH"}],"circlet_count":0,"master_deck":["AscendersBane","Protect+1","Beam Cell+1","Blade Dance+1","Quick Slash+1","Heatsinks+1","Heatsinks+1","Prostrate+1","Barricade+1","Feel No Pain+1","Pommel Strike+1"],"relics":["Burning Blood","Mercury Hourglass","Question Card","Turnip","MawBank","The Courier","Gremlin Horn","Pen Nib","Shuriken","Potion Belt","Torii","Boot","Mummified Hand","Kunai","Coffee Dripper","Vajra","Gambling Chip","Molten Egg 2","Smiling Mask","StrikeDummy","Eternal Feather","Tiny Chest","Paper Frog","Singing Bowl","Empty Cage","Centennial Puzzle","Darkstone Periapt","Anchor","Strawberry","Letter Opener","Champion Belt","PreservedInsect","Oddly Smooth Stone","Bag of Preparation","Juzu Bracelet","FossilizedHelix","Medical Kit","Omamori","Whetstone","OrangePellets","Nunchaku"],"acts_visited":["Exordium","TheCity","TheBeyond","TheEnding"],"potions_floor_usage":[56,56,56,56],"damage_taken":[{"damage":2.0,"enemies":"Cultist","floor":1.0,"turns":3.0},{"damage":8.0,"enemies":"Jaw Worm","floor":2.0,"turns":3.0},{"damage":6.0,"enemies":"Small Slimes","floor":4.0,"turns":2.0},{"damage":24.0,"enemies":"3 Sentries","floor":6.0,"turns":6.0},{"damage":8.0,"enemies":"Exordium Thugs","floor":7.0,"turns":4.0},{"damage":44.0,"enemies":"Gremlin Nob","floor":8.0,"turns":4.0},{"damage":0.0,"enemies":"Lagavulin","floor":10.0,"turns":4.0},{"damage":10.0,"enemies":"3 Louse","floor":11.0,"turns":2.0},{"damage":0.0,"enemies":"Blue Slaver","floor":12.0,"turns":4.0},{"damage":1.0,"enemies":"Large Slime","floor":13.0,"turns":3.0},{"damage":0.0,"enemies":"Lots of Slimes","floor":14.0,"turns":2.0},{"damage":0.0,"enemies":"Slime Boss","floor":16.0,"turns":4.0},{"damage":0.0,"enemies":"3 Byrds","floor":18.0,"turns":2.0},{"damage":0.0,"enemies":"Spheric Guardian","floor":20.0,"turns":3.0},{"damage":0.0,"enemies":"Cultist and Chosen","floor":22.0,"turns":4.0},{"damage":0.0,"enemies":"Slavers","floor":24.0,"turns":3.0},{"damage":0.0,"enemies":"Chosen and Byrds","floor":27.0,"turns":3.0},{"damage":0.0,"enemies":"Book of Stabbing","floor":28.0,"turns":3.0},{"damage":0.0,"enemies":"Snecko","floor":29.0,"turns":4.0},{"damage":0.0,"enemies":"Slavers","floor":30.0,"turns":3.0},{"damage":0.0,"enemies":"Cultist and Chosen","floor":31.0,"turns":4.0},{"damage":0.0,"enemies":"Collector","floor":33.0,"turns":3.0},{"damage":0.0,"enemies":"Orb Walker","floor":35.0,"turns":2.0},{"damage":0.0,"enemies":"3 Shapes","floor":36.0,"turns":3.0},{"damage":0.0,"enemies":"Writhing Mass","floor":37.0,"turns":3.0},{"damage":0.0,"enemies":"Sphere and 2 Shapes","floor":38.0,"turns":1.0},{"damage":42.0,"enemies":"Reptomancer","floor":40.0,"turns":4.0},{"damage":0.0,"enemies":"Nemesis","floor":42.0,"turns":3.0},{"damage":0.0,"enemies":"Reptomancer","floor":44.0,"turns":3.0},{"damage":0.0,"enemies":"Transient","floor":46.0,"turns":3.0},{"damage":0.0,"enemies":"Maw","floor":48.0,"turns":3.0},{"damage":0.0,"enemies":"Awakened One","floor":50.0,"turns":4.0},{"damage":0.0,"enemies":"Donu and Deca","floor":51.0,"turns":2.0},{"damage":0.0,"enemies":"Shield and Spear","floor":55.0,"turns":2.0},{"damage":0,"enemies":"The Heart","floor":56,"turns":5}],"seed_played":"3763310758942124414","potions_obtained":[{"floor":1.0,"key":"Block Potion"},{"floor":7.0,"key":"Explosive Potion"},{"floor":8.0,"key":"SkillPotion"},{"floor":10.0,"key":"LiquidMemories"},{"floor":11.0,"key":"Fruit Juice"},{"floor":14.0,"key":"Regen Potion"},{"floor":28.0,"key":"SpeedPotion"},{"floor":31.0,"key":"PowerPotion"},{"floor":42.0,"key":"SteroidPotion"},{"floor":48.0,"key":"Ancient Potion"}],"is_trial":true,"path_per_floor":["M","M","T","M","?","E","M","E","T","E","M","M","M","M","R","B",null,"M","$","M","?","M","R","E","R","T","M","E","M","E","M","R","B",null,"M","M","M","M","?","E","R","E","T","E","$","M","$","M","R","B","B",null,"R","$","E","B",null],"character_chosen":"IRONCLAD","items_purchased":["Feel No Pain","Oddly Smooth Stone","Bag of Preparation","Pommel Strike+1","Juzu Bracelet","Medical Kit","Omamori","OrangePellets","Nunchaku"],"campfire_rested":0,"item_purchase_floors":[19,45,45,45,45,47,47,54,54],"current_hp_per_floor":[72,70,70,70,70,52,50,12,12,18,19,25,30,36,36,42,71,77,77,80,80,80,80,80,80,80,80,80,80,80,80,80,82,82,82,82,82,89,89,55,61,69,69,77,77,83,83,89,95,95,95,95,95,95,97,97],"gold":77,"neow_bonus":"","is_daily":false,"chose_seed":false,"campfire_upgraded":6,"win_rate":0.0,"timestamp":1610229166,"path_taken":["M","M","?","M","?","E","M","E","T","E","M","M","M","M","R","BOSS","M","$","M","?","?","R","E","R","T","M","E","M","E","M","R","BOSS","M","M","M","M","?","E","R","E","T","E","$","M","?","M","R","BOSS","BOSS","R","$","E","BOSS"],"items_purchased_type":["Card","Relic","Relic","Card","Relic","Relic","Relic","Relic","Relic"],"build_version":"2020-12-22","purchased_purges":1,"victory":true,"max_hp_per_floor":[75,75,75,75,75,75,75,75,75,75,80,80,80,80,80,80,80,80,80,80,80,80,80,80,80,80,80,80,80,80,80,80,82,82,82,82,82,89,89,91,91,93,93,95,95,95,95,95,95,95,95,95,95,95,97,97],"relic_stats":{"Darkstone Periapt":0,"Gremlin Horn":[35,35],"Torii":3,"Singing Bowl":10,"Bag of Preparation":[12],"Juzu Bracelet":0,"Whetstone":["Quick Slash","Beam Cell"],"Boot":[104],"Smiling Mask":0,"Burning Blood":111,"Centennial Puzzle":[3],"Nunchaku":[6],"Mummified Hand":[152],"Gambling Chip":[53],"Tiny Chest":0,"Kunai":[126],"counters":[35,110],"Eternal Feather":12,"Pen Nib":[48],"PreservedInsect":77,"Letter Opener":[86],"Question Card":12,"MawBank":180,"Medical Kit":[2],"Mercury Hourglass":[509],"OrangePellets":[4],"Shuriken":[135],"Turnip":[15],"Champion Belt":[29],"obtain_stats":[{"Darkstone Periapt":36,"Gremlin Horn":7,"Torii":11,"Singing Bowl":31,"Vajra":18,"Bag of Preparation":45,"Juzu Bracelet":45,"Whetstone":48,"Boot":12,"Smiling Mask":24,"Empty Cage":34,"Burning Blood":0,"Centennial Puzzle":35,"Nunchaku":54,"Mummified Hand":13,"Gambling Chip":20,"Strawberry":38,"Tiny Chest":29,"Kunai":14,"Paper Frog":30,"Potion Belt":10,"Oddly Smooth Stone":45,"Eternal Feather":28,"The Courier":6,"Pen Nib":8,"PreservedInsect":44,"Omamori":47,"Letter Opener":40,"Question Card":2,"MawBank":4,"Medical Kit":47,"Mercury Hourglass":1,"OrangePellets":54,"Anchor":37,"Shuriken":9,"Molten Egg 2":22,"Turnip":3,"Coffee Dripper":17,"Champion Belt":42,"StrikeDummy":27,"FossilizedHelix":46},{"Darkstone Periapt":24,"Gremlin Horn":5,"Torii":8,"Singing Bowl":21,"Vajra":13,"Bag of Preparation":29,"Juzu Bracelet":29,"Whetstone":31,"Boot":9,"Smiling Mask":16,"Empty Cage":22,"Burning Blood":0,"Centennial Puzzle":23,"Nunchaku":33,"Mummified Hand":10,"Gambling Chip":14,"Strawberry":26,"Tiny Chest":19,"Kunai":11,"Paper Frog":20,"Potion Belt":7,"Oddly Smooth Stone":29,"Eternal Feather":18,"The Courier":4,"Pen Nib":6,"PreservedInsect":29,"Omamori":30,"Letter Opener":27,"Question Card":2,"MawBank":3,"Medical Kit":30,"Mercury Hourglass":1,"OrangePellets":33,"Anchor":25,"Shuriken":6,"Molten Egg 2":15,"Turnip":2,"Coffee Dripper":12,"Champion Belt":28,"StrikeDummy":17,"FossilizedHelix":30},{"Darkstone Periapt":77,"Gremlin Horn":17,"Torii":27,"Singing Bowl":69,"Vajra":42,"Bag of Preparation":91,"Juzu Bracelet":91,"Whetstone":97,"Boot":31,"Smiling Mask":52,"Empty Cage":72,"Burning Blood":0,"Centennial Puzzle":74,"Nunchaku":103,"Mummified Hand":34,"Gambling Chip":45,"Strawberry":81,"Tiny Chest":62,"Kunai":36,"Paper Frog":65,"Potion Belt":25,"Oddly Smooth Stone":91,"Eternal Feather":58,"The Courier":13,"Pen Nib":21,"PreservedInsect":91,"Omamori":94,"Letter Opener":85,"Question Card":6,"MawBank":8,"Medical Kit":94,"Mercury Hourglass":3,"OrangePellets":103,"Anchor":80,"Shuriken":21,"Molten Egg 2":49,"Turnip":6,"Coffee Dripper":40,"Champion Belt":88,"StrikeDummy":55,"FossilizedHelix":94}]},"card_choices":[{"not_picked":["Spot Weakness","BowlingBash","Heavy Blade","Cleave"],"picked":"SKIP","floor":6.0},{"not_picked":["Steam","All Out Attack","EmptyFist","FlurryOfBlows"],"picked":"SKIP","floor":8.0},{"not_picked":["Leap","ConjureBlade","Gash","Seek"],"picked":"SKIP","floor":10.0},{"not_picked":["Machine Learning","Fiend Fire","Corpse Explosion"],"picked":"Barricade","floor":16.0},{"not_picked":["Clash+1","Crescendo","Fire Breathing+1","Rage"],"picked":"SKIP","floor":24.0},{"not_picked":["Halt","Thunderclap+1","EmptyBody","Ball Lightning+1"],"picked":"SKIP","floor":28.0},{"not_picked":["A Thousand Cuts","Darkness","Stack","Seeing Red"],"picked":"SKIP","floor":30.0},{"not_picked":["Wraith Form v2","Immolate+1","SpiritShield","Phantasmal Killer"],"picked":"Singing Bowl","floor":33.0},{"not_picked":["Fusion","PiercingWail","Doom and Gloom+1","Headbutt+1"],"picked":"Singing Bowl","floor":40.0},{"not_picked":["Footwork","FlyingSleeves+1","Turbo","ClearTheMind"],"picked":"Singing Bowl","floor":42.0},{"not_picked":["WindmillStrike+1","Perseverance+1","ClearTheMind+1","BattleHymn"],"picked":"Singing Bowl","floor":44.0},{"not_picked":["Havoc","Accuracy","Stack+1","Phantasmal Killer"],"picked":"Singing Bowl","floor":55.0}],"player_experience":1693908,"relics_obtained":[{"floor":1.0,"key":"Mercury Hourglass"},{"floor":2.0,"key":"Question Card"},{"floor":3.0,"key":"Turnip"},{"floor":4.0,"key":"MawBank"},{"floor":6.0,"key":"The Courier"},{"floor":7.0,"key":"Gremlin Horn"},{"floor":8.0,"key":"Pen Nib"},{"floor":9.0,"key":"Shuriken"},{"floor":10.0,"key":"Potion Belt"},{"floor":11.0,"key":"Torii"},{"floor":12.0,"key":"Boot"},{"floor":13.0,"key":"Mummified Hand"},{"floor":14.0,"key":"Kunai"},{"floor":18.0,"key":"Vajra"},{"floor":20.0,"key":"Gambling Chip"},{"floor":22.0,"key":"Molten Egg 2"},{"floor":24.0,"key":"Smiling Mask"},{"floor":27.0,"key":"StrikeDummy"},{"floor":28.0,"key":"Eternal Feather"},{"floor":29.0,"key":"Tiny Chest"},{"floor":30.0,"key":"Paper Frog"},{"floor":31.0,"key":"Singing Bowl"},{"floor":35.0,"key":"Centennial Puzzle"},{"floor":36.0,"key":"Darkstone Periapt"},{"floor":37.0,"key":"Anchor"},{"floor":38.0,"key":"Strawberry"},{"floor":40.0,"key":"Letter Opener"},{"floor":42.0,"key":"Champion Belt"},{"floor":44.0,"key":"PreservedInsect"},{"floor":46.0,"key":"FossilizedHelix"},{"floor":48.0,"key":"Whetstone"}],"event_choices":[{"damage_healed":0.0,"max_hp_gain":0.0,"max_hp_loss":0.0,"gold_gain":0.0,"event_name":"Match and Keep!","player_choice":"0 cards matched","floor":5.0,"gold_loss":0.0,"damage_taken":0.0,"cards_obtained":[]},{"damage_healed":0.0,"max_hp_gain":0.0,"max_hp_loss":0.0,"gold_gain":50.0,"event_name":"Golden Shrine","player_choice":"Pray","floor":21.0,"gold_loss":0.0,"damage_taken":0.0},{"damage_healed":0.0,"max_hp_gain":0.0,"max_hp_loss":0.0,"gold_gain":0.0,"event_name":"Accursed Blacksmith","player_choice":"Forge","floor":39.0,"gold_loss":0.0,"damage_taken":0.0,"cards_upgraded":["Heatsinks"]}],"is_beta":false,"boss_relics":[{"not_picked":["Runic Pyramid","Runic Dome"],"picked":"Coffee Dripper"},{"not_picked":["Sozu","Calling Bell"],"picked":"Empty Cage"}],"items_purged_floors":[19],"is_endless":false,"potions_floor_spawned":[1,7,8,10,11,14,20,22,28,31,37,38,42,48],"ascension_level":20}}