{"host":"k3q0k2m1mxhfmd6y","time":1610215495,"event":{"mods":["AchievementEnabler","BaseMod","BetterRewards","Colored Map","Colored Powertips","Downfall","Googly Eyes","Hubris","Minty Spire (QoL Compilation)","Permanent Neow","Quick Restart","Replay The Spire","StSLib","SuperFastMode","The IronCluck","slay the spire mod where everything is the same but ironclad has a cowboy hat"],"gold_per_floor":[112,131,143,155,155,155,155],"floor_reached":6,"playtime":184,"items_purged":[],"score":40,"play_id":"cc4a6b0c-df4e-416c-9324-9b2b97d9c20f","local_time":"20210109180455","is_ascension_mode":true,"campfire_choices":[],"circlet_count":0,"master_deck":["Strike_G","Strike_G","Strike_G","Strike_G","Strike_G","Defend_G","Defend_G","Defend_G","Defend_G","Defend_G","Survivor","Neutralize","CurseOfTheBell","Caltrops+1","Toxin Wave+1"],"relics":["Calling Bell","Toy Ornithopter","Singing Bowl","The Specimen"],"acts_visited":["Exordium"],"potions_floor_usage":[],"damage_taken":[{"damage":3,"enemies":"Small Slimes","floor":1,"turns":4},{"damage":2,"enemies":"2 Louse","floor":2,"turns":4},{"damage":4,"enemies":"Cultist","floor":3,"turns":5},{"damage":8,"enemies":"Blue Slaver","floor":4,"turns":6},{"damage":44,"enemies":"Lagavulin","floor":6,"turns":10}],"seed_played":"-4212135648541845774","potions_obtained":[{"floor":3,"key":"SneckoOil"}],"is_trial":false,"path_per_floor":["M","M","M","M","?","E"],"character_chosen":"THE_SILENT","items_purchased":[],"campfire_rested":0,"item_purchase_floors":[],"current_hp_per_floor":[67,67,63,57,42,0,0],"gold":155,"neow_bonus":"BOSS_RELIC","is_daily":false,"chose_seed":false,"campfire_upgraded":0,"win_rate":0.0,"timestamp":1610215495,"path_taken":["M","M","M","M","?","E"],"items_purchased_type":[],"build_version":"2020-12-22","purchased_purges":0,"victory":false,"max_hp_per_floor":[70,72,72,74,74,74,74],"card_choices":[{"not_picked":["Dagger Spray","Tactician"],"picked":"Caltrops","floor":1},{"not_picked":["Endless Agony","Distraction","Fluid Movement"],"picked":"Singing Bowl","floor":2},{"not_picked":["Dodge and Roll","Underhanded Strike"],"picked":"Toxin Wave","floor":3},{"not_picked":["Reflex","Cloak And Dagger","Blade Dance"],"picked":"Singing Bowl","floor":4}],"player_experience":110041,"relics_obtained":[{"floor":0,"key":"Toy Ornithopter"},{"floor":0,"key":"Singing Bowl"},{"floor":0,"key":"The Specimen"}],"event_choices":[{"damage_healed":0,"gold_gain":0,"player_choice":"Entered Light","damage_taken":15,"max_hp_gain":0,"max_hp_loss":0,"event_name":"Shining Light","floor":5,"gold_loss":0,"cards_upgraded":["Caltrops","Toxin Wave"]}],"is_beta":false,"boss_relics":[],"items_purged_floors":[],"is_endless":false,"potions_floor_spawned":[3],"killed_by":"Lagavulin","ascension_level":1}}