{"host":"yuhy0i501zzmn1iz","time":1610171786,"event":{"mods":["AchievementEnabler","AlwaysNeverKeys","BaseMod","Bestiary","Better Match","Better Third Choice","Curses Come First","Downfall","Minty Spire (QoL Compilation)","StSLib","The Blue Laboratory","slay the spire mod where everything is the same but ironclad has a cowboy hat"],"gold_per_floor":[110,110,123,298,102,127,145,172,172,172,172,203,213,213,213],"floor_reached":14,"playtime":578,"items_purged":["Doubt"],"score":160,"play_id":"7d4001e6-c6ba-4cd2-9797-2ec285c5905b","local_time":"20210109005626","is_ascension_mode":true,"campfire_choices":[{"data":"Terror","floor":11,"key":"SMITH"}],"circlet_count":0,"master_deck":["Strike_G","Strike_G","Strike_G","Strike_G","Strike_G","Defend_G","Defend_G","Defend_G","Defend_G","Survivor","Neutralize","Acrobatics","Slice","Endless Agony","Well Laid Plans","Prepared","Slice","Quick Slash","Terror+1","Blade Dance","Dodge and Roll"],"relics":["Ring of the Snake","NeowsBlessing","Ancient Tea Set","Matryoshka","Smiling Mask","Regal Pillow","GremlinMask","Bottled Tornado"],"acts_visited":["Exordium"],"potions_floor_usage":[12],"damage_taken":[{"damage":0,"enemies":"Jaw Worm","floor":1,"turns":1},{"damage":0,"enemies":"Small Slimes","floor":3,"turns":1},{"damage":0,"enemies":"3 Sentries","floor":6,"turns":1},{"damage":5,"enemies":"2 Louse","floor":7,"turns":4},{"damage":23,"enemies":"Lagavulin","floor":8,"turns":8},{"damage":32,"enemies":"3 Sentries","floor":12,"turns":10},{"damage":8,"enemies":"Exordium Thugs","floor":13,"turns":4},{"damage":9,"enemies":"Gremlin Nob","floor":14,"turns":2}],"seed_played":"3873902486856399799","potions_obtained":[{"floor":3,"key":"blueLaboratory:BubblePotion"},{"floor":6,"key":"blueLaboratory:AbyssPotion"},{"floor":13,"key":"blueLaboratory:ExaltedPotion"}],"is_trial":false,"path_per_floor":["M","?","M","?","$","E","M","E","T","?","R","E","M","E"],"character_chosen":"THE_SILENT","items_purchased":["Well Laid Plans","Prepared"],"campfire_rested":0,"item_purchase_floors":[5,5],"current_hp_per_floor":[70,70,70,70,70,70,65,42,42,42,42,10,2,0,0],"gold":213,"neow_bonus":"THREE_ENEMY_KILL","is_daily":false,"chose_seed":false,"campfire_upgraded":1,"win_rate":0.0,"timestamp":1610171786,"path_taken":["M","?","M","?","$","E","M","E","T","?","R","E","M","E"],"items_purchased_type":["Card","Card"],"build_version":"2020-12-22","purchased_purges":1,"victory":false,"max_hp_per_floor":[70,70,70,70,70,70,70,70,70,70,70,70,70,70,70],"card_choices":[{"not_picked":["Flechettes","Concentrate"],"picked":"Acrobatics","floor":1},{"not_picked":["Flying Knee","Outmaneuver"],"picked":"Endless Agony","floor":3},{"not_picked":["Poisoned Stab","Underhanded Strike"],"picked":"Slice","floor":6},{"not_picked":["Bane","Backflip"],"picked":"Quick Slash","floor":7},{"not_picked":["Riddle With Holes","After Image"],"picked":"Terror","floor":8},{"not_picked":["Deadly Poison","Underhanded Strike"],"picked":"Blade Dance","floor":12},{"not_picked":["Acrobatics","Blade Dance"],"picked":"Dodge and Roll","floor":13}],"player_experience":274060,"relics_obtained":[{"floor":6,"key":"Ancient Tea Set"},{"floor":8,"key":"Matryoshka"},{"floor":9,"key":"Smiling Mask"},{"floor":9,"key":"Regal Pillow"},{"floor":12,"key":"Bottled Tornado"}],"event_choices":[{"damage_healed":0,"gold_gain":0,"cards_transformed":["Defend_G"],"player_choice":"Change","damage_taken":0,"max_hp_gain":0,"max_hp_loss":0,"event_name":"Living Wall","floor":2,"gold_loss":0,"cards_obtained":["Slice"]},{"damage_healed":0,"gold_gain":175,"player_choice":"AGREE","damage_taken":123,"max_hp_gain":0,"max_hp_loss":0,"event_name":"betterThird:BetterSerpent","floor":4,"gold_loss":0},{"damage_healed":0,"gold_gain":0,"player_choice":"Trade","damage_taken":0,"relics_obtained":["GremlinMask"],"max_hp_gain":0,"max_hp_loss":0,"event_name":"FaceTrader","floor":10,"gold_loss":0}],"is_beta":false,"boss_relics":[],"items_purged_floors":[5],"is_endless":false,"potions_floor_spawned":[3,6,13],"killed_by":"Gremlin Nob","ascension_level":4}}