{"host":"tw5nadds0x0wro7l","time":1610205377,"event":{"mods":["Aspiration","BaseMod","Better Altar","Better Match","Better Skull","Block Reminder","Card Forge","CatGirl Mod","Conspire","DNKmod","Displayed Cursed Tome","Dota2Spire","Downfall","Energized Spire","Force Act Four","Friendly Minions","Gold Saver","Grow up Mod","GungeonMod","Highlight Path","Hubris","Infinite Spire","Luminous","Minty Spire (QoL Compilation)","Practice Mode","Relic Sorter","Replay The Spire","Spicy Shops","StSLib","The Alterego","The Animator","The Death Knight","The Marked","The Senshi","TheSwordswoman","Transform Curses","Waifu the Spire","WarShipGirlsR/????R mod","vexMod"],"gold_per_floor":[1048,462,462,462,84,195,296,403,403,521,796,900,988,1099,1099,1427,1427,1492,1532,1594,1646,1049,1147,1258,1258,1284,1348,1451,891,891,995,995,1311,1311,1357,1357,1471,1523,1556,1954,1954,2048,2125,1295,1354,1439,1439,1560,1560,1569,1569,1569,758,856,865],"floor_reached":56,"playtime":3344,"items_purged":["alterego_mod:DiscoLights","alterego_mod:Clones"],"score":2350,"play_id":"93f31ca6-39ca-480e-9619-e5a08243383b","local_time":"20210109101617","daily_mods":["Vintage","Heirloom","Time Dilation","Flight","DeadlyEvents","Binary","Cursed Run","Elite Swarm","Lethality","Midas","Night Terrors","Terminal","Binary"],"is_ascension_mode":false,"campfire_choices":[{"floor":25,"key":"REST"},{"floor":30,"key":"RECALL"},{"floor":32,"key":"REST"},{"floor":41,"key":"REST"},{"floor":47,"key":"REST"},{"floor":49,"key":"REST"},{"floor":52,"key":"REST"}],"circlet_count":0,"master_deck":["alterego_mod:BigMeatyClaws+1","alterego_mod:BreastValley+1","Barricade+1","Combust+1","Demon Form+1","Juggernaut+1","A Thousand Cuts+1","After Image+1","Caltrops+1","Infinite Blades+1","Noxious Fumes+1","infinitespire:UltimateForm+1","alterego_mod:AlterEgo+1","alterego_mod:ChallengeComplete+1","alterego_mod:ClassAdvantage+1","alterego_mod:BustOut+1","alterego_mod:Cooking+1","alterego_mod:Cushion+1","alterego_mod:DiscoLights+1","alterego_mod:GIGAMILK+1","alterego_mod:IdEs+1","alterego_mod:Rip+1","alterego_mod:SakuraPetals+1","alterego_mod:Smother+1","alterego_mod:Undulate+1","alterego_mod:Vow+1","alterego_mod:TrashNCrash+1","alterego_mod:Nekomimi+1","alterego_mod:Palingenesis+11","alterego_mod:PerceptionDisorder+1","alterego_mod:Pet+1","alterego_mod:Punishment+1","alterego_mod:Rake+1","alterego_mod:PurpleHair+1","alterego_mod:Venus+1","Pain","alterego_mod:PerceptionDisorder+1","Regret","Doubt","Pot Of Greed+1","Pot Of Greed+1","Pot Of Greed+1","Pot Of Greed+1","hubris:Sloth","Parasite","vexMod:UltimateCard","alterego_mod:BigMeatyClaws+1","alterego_mod:BreastValley+1","Barricade+1","Combust+1","Demon Form+1","Juggernaut+1","A Thousand Cuts+1","After Image+1","Caltrops+1","Infinite Blades+1","Noxious Fumes+1","infinitespire:UltimateForm+1","alterego_mod:AlterEgo+1","alterego_mod:ChallengeComplete+1","alterego_mod:ClassAdvantage+1","alterego_mod:BustOut+1","alterego_mod:Cooking+1","alterego_mod:Cushion+1","alterego_mod:DiscoLights+1","alterego_mod:GIGAMILK+1","alterego_mod:IdEs+1","alterego_mod:Rip+1","alterego_mod:SakuraPetals+1","alterego_mod:Smother+1","alterego_mod:Undulate+1","alterego_mod:Vow+1","alterego_mod:TrashNCrash+1","alterego_mod:Nekomimi+1","alterego_mod:Palingenesis+11","alterego_mod:PerceptionDisorder+1","alterego_mod:Pet+1","alterego_mod:Punishment+1","alterego_mod:Rake+1","alterego_mod:PurpleHair+1","alterego_mod:Venus+1","Pain","alterego_mod:PerceptionDisorder+1","Regret","Doubt","Pot Of Greed+1","Pot Of Greed+1","Pot Of Greed+1","Pot Of Greed+1","hubris:Sloth","Parasite","vexMod:UltimateCard","Pot Of Greed+1","Pot Of Greed+1","Pot Of Greed+1","Pot Of Greed+1","Clumsy","alterego_mod:DiscoLights","expansioncontent:ManipulateTime","Normality","hubris:Disease","alterego_mod:Lift","alterego_mod:Undulate","alterego_mod:GoddessCore","Slimebound:Icky"],"relics":["Cursed Key","vexMod:RedPlottingStone","Anvil of the Gods","Hammer of Thor","Seething Fire","Darkstone Periapt","Du-Vu Doll","Busted Crown","replay:Trail_Library","vexMod:PlasmaPancake","Bag of Preparation","conspire:TopHat","sneckomod:BlankCard","hubris:BottledRain","Golden Idol","Replay:Lucky Slots","Dota2Spire:EchoSabre","conspire:TreasureMap","vexMod:RetaliationKit","Dota2Spire:OctarineCore","Dota2Spire:MagicBottle","Guardian:PocketSentry","Replay:Wax Seal","MealTicket","hubris:MysteriousPyramids","theSenshi:SuperSailorFukuRelic","Painkiller Herb","Grinning Jar","infinitespire:Satchel","infinitespire:Bottled Soul","conspire:DecoderRing","ReplayFunnel","Replay:Towering Pillar of Hats","Blood Vial","conspire:BottledYoYo","PreservedInsect","MawBank","Lantern","aspiration:TomeofQuesting","Dota2Spire:AghanimScepter","aspiration:FrozenJewel","champ:Barbells","Dota2Spire:BladeMail","hubris:BlackHole","Dota2Spire:OrchidMalevolence","DemoMod:WeirdEgg","DemoMod:GlassGuonStoneRelic","Sundial","conspire:Flyswatter","Old Coin","vexMod:InvisibilityCloak","infinitespire:ShieldingShard","CeramicFish","Boot","Gremlin Horn","Bronze Scales","Orichalcum","Dota2Spire:DivineRapier","Gremlin Food","Membership Card","Orrery","White Beast Statue","aspiration:HummingbirdHeart","Dota2Spire:ArmletOfMordiggian"],"acts_visited":["Exordium","TheCity","TheBeyond","TheEnding"],"potions_floor_usage":[],"damage_taken":[{"damage":0,"enemies":"2 Louse","floor":1,"turns":1},{"damage":3,"enemies":"Replay:BlueRogue","floor":6,"turns":2},{"damage":2,"enemies":"Gremlin Nob","floor":7,"turns":3},{"damage":12,"enemies":"Replay:BlueRogue","floor":8,"turns":4},{"damage":3,"enemies":"Lagavulin","floor":10,"turns":2},{"damage":0,"enemies":"Replay:BlueRogue","floor":12,"turns":2},{"damage":0,"enemies":"3 Sentries","floor":13,"turns":1},{"damage":0,"enemies":"Gremlin Nob","floor":14,"turns":3},{"damage":0,"enemies":"The Guardian","floor":16,"turns":2},{"damage":0,"enemies":"Shell Parasite","floor":18,"turns":1},{"damage":0,"enemies":"2 Thieves","floor":19,"turns":1},{"damage":0,"enemies":"Shelled Parasite and Fungi","floor":20,"turns":2},{"damage":0,"enemies":"Snake Plant","floor":21,"turns":2},{"damage":0,"enemies":"Slavers","floor":23,"turns":1},{"damage":0,"enemies":"conspire:Head Lice","floor":24,"turns":4},{"damage":0,"enemies":"Sentry and Sphere","floor":27,"turns":2},{"damage":0,"enemies":"conspire:SneckoGhost","floor":28,"turns":2},{"damage":6,"enemies":"Slavers","floor":31,"turns":2},{"damage":0,"enemies":"Automaton","floor":33,"turns":2},{"damage":0,"enemies":"3 Shapes","floor":35,"turns":2},{"damage":0,"enemies":"R_Hoarder","floor":37,"turns":2},{"damage":0,"enemies":"Orb Walker","floor":38,"turns":1},{"damage":0,"enemies":"Writhing Mass","floor":39,"turns":1},{"damage":0,"enemies":"Giant Head","floor":40,"turns":2},{"damage":2,"enemies":"R_Hoarder","floor":42,"turns":2},{"damage":0,"enemies":"4 Shapes","floor":45,"turns":1},{"damage":0,"enemies":"Reptomancer","floor":46,"turns":1},{"damage":0,"enemies":"R_Hoarder","floor":48,"turns":2},{"damage":0,"enemies":"Donu and Deca","floor":50,"turns":2},{"damage":0,"enemies":"Shield and Spear","floor":54,"turns":1},{"damage":0,"enemies":"The Heart","floor":55,"turns":3}],"seed_played":"430113310385225673","potions_obtained":[{"floor":8,"key":"LiquidBronze"},{"floor":10,"key":"DuplicationPotion"},{"floor":12,"key":"champ:CounterPotion"}],"is_trial":true,"path_per_floor":["M","$","?","?","$","E","E","E","T","E","?","E","E","E","R","B",null,"?","?","?","?","T","E","E","T","T","?","E","T","T","E","T","B",null,"?","?","E","?","?","E","T","E","T","T","?","E","T","E","T","B",null,"T","T","E","B",null],"character_chosen":"The_Alterego","items_purchased":["conspire:TopHat","sneckomod:BlankCard","alterego_mod:BreastValley","hubris:BottledRain","Replay:Lucky Slots","Dota2Spire:EchoSabre","conspire:TreasureMap","ReplayFunnel","Replay:Towering Pillar of Hats","Blood Vial","Dota2Spire:AghanimScepter","aspiration:FrozenJewel","champ:Barbells","vexMod:InvisibilityCloak","infinitespire:ShieldingShard","CeramicFish","alterego_mod:DiscoLights","expansioncontent:ManipulateTime","Boot","Dota2Spire:DivineRapier","Gremlin Food","Membership Card","Orrery","White Beast Statue","aspiration:HummingbirdHeart","alterego_mod:Lift","alterego_mod:Undulate","alterego_mod:GoddessCore"],"campfire_rested":6,"item_purchase_floors":[2,2,2,2,5,5,5,22,22,22,29,29,29,44,44,44,44,44,44,53,53,53,53,53,53,53,53,53],"current_hp_per_floor":[124,133,142,117,127,134,146,148,164,171,187,201,211,221,231,247,286,295,304,313,322,331,340,349,353,368,377,386,401,410,414,423,438,447,456,501,510,519,528,537,541,549,565,580,589,598,602,611,615,630,639,643,652,661,676],"gold":865,"neow_bonus":"","is_daily":false,"chose_seed":false,"campfire_upgraded":0,"win_rate":0.0,"timestamp":1610205377,"path_taken":["M","$","?","?","$","E","E","E","T","E","?","?","E","E","R","BOSS","?","?","?","?","T","E","E","T","T","?","E","T","T","E","T","BOSS","?","?","?","?","?","E","T","E","T","?","?","E","T","E","T","BOSS","T","T","E","BOSS"],"items_purchased_type":["Relic","Relic","Card","Relic","Relic","Relic","Relic","Relic","Relic","Relic","Relic","Relic","Relic","Relic","Relic","Relic","Card","Card","Relic","Relic","Relic","Relic","Relic","Relic","Relic","Card","Card","Card"],"build_version":"2020-12-22","purchased_purges":2,"victory":true,"max_hp_per_floor":[124,133,142,151,160,169,178,187,202,211,226,235,244,253,262,277,286,295,304,313,322,331,340,349,353,368,377,386,401,410,419,423,438,447,456,501,510,519,528,537,541,550,565,580,589,598,602,611,615,630,639,643,652,661,676],"card_choices":[],"player_experience":87229,"relics_obtained":[{"floor":1,"key":"Bag of Preparation"},{"floor":6,"key":"vexMod:RetaliationKit"},{"floor":7,"key":"Dota2Spire:OctarineCore"},{"floor":8,"key":"Dota2Spire:MagicBottle"},{"floor":9,"key":"Guardian:PocketSentry"},{"floor":10,"key":"Replay:Wax Seal"},{"floor":12,"key":"MealTicket"},{"floor":13,"key":"hubris:MysteriousPyramids"},{"floor":14,"key":"theSenshi:SuperSailorFukuRelic"},{"floor":18,"key":"Grinning Jar"},{"floor":19,"key":"infinitespire:Satchel"},{"floor":20,"key":"infinitespire:Bottled Soul"},{"floor":21,"key":"conspire:DecoderRing"},{"floor":23,"key":"conspire:BottledYoYo"},{"floor":24,"key":"PreservedInsect"},{"floor":26,"key":"MawBank"},{"floor":27,"key":"Lantern"},{"floor":28,"key":"aspiration:TomeofQuesting"},{"floor":31,"key":"Dota2Spire:BladeMail"},{"floor":35,"key":"Dota2Spire:OrchidMalevolence"},{"floor":37,"key":"DemoMod:WeirdEgg"},{"floor":38,"key":"Sundial"},{"floor":39,"key":"conspire:Flyswatter"},{"floor":40,"key":"Old Coin"},{"floor":42,"key":"vexMod:RedPlottingStone"},{"floor":45,"key":"Gremlin Horn"},{"floor":46,"key":"Bronze Scales"},{"floor":48,"key":"Orichalcum"},{"floor":54,"key":"Dota2Spire:ArmletOfMordiggian"}],"event_choices":[{"damage_healed":0,"gold_gain":0,"player_choice":"Take Damage","damage_taken":35,"relics_obtained":["Golden Idol"],"max_hp_gain":0,"max_hp_loss":0,"event_name":"Golden Idol","floor":4,"gold_loss":0},{"damage_healed":0,"gold_gain":275,"player_choice":"Desecrate","damage_taken":0,"max_hp_gain":0,"max_hp_loss":0,"event_name":"Golden Shrine","floor":11,"gold_loss":0,"cards_obtained":["Regret"]},{"damage_healed":0,"gold_gain":0,"player_choice":"2","damage_taken":0,"max_hp_gain":0,"max_hp_loss":0,"event_name":"betterMatch:BetterMatch","floor":15,"gold_loss":0,"cards_obtained":["betterMatch:CommonCard","betterMatch:ColorlessRareCard"]}],"is_beta":false,"boss_relics":[{"not_picked":["vexMod:BigBerry","Empty Cage"],"picked":"Painkiller Herb"},{"not_picked":["energizedSpire:MagnifyingGlass","Fusion Hammer"],"picked":"hubris:BlackHole"}],"items_purged_floors":[29,44],"is_endless":false,"potions_floor_spawned":[8,10,12,13,14,19,20,23,27,31,37,38,42,46,54],"ascension_level":0}}