{"host":"3qkmyeoym75lj4wn","time":1610198217,"event":{"mods":["2.2 Compatiblity","BaseMod","Block Reminder","Colored Powertips","Highlight Path","Minty Spire (QoL Compilation)","Permanent Neow","Potion Indicator Mod","Rare Cards Sparkle","Relic Stats","StSLib","Unceasing Turn Reminder"],"gold_per_floor":[109,109,109,121,196,240,269,303,303,303,331,700,700,700],"floor_reached":13,"playtime":322,"items_purged":[],"score":236,"play_id":"4042a4c3-5c0f-44c1-8e96-0cc5435ba14e","local_time":"20210109131657","is_ascension_mode":true,"campfire_choices":[{"data":"Zap","floor":10,"key":"SMITH"}],"circlet_count":0,"master_deck":["AscendersBane","Strike_B","Strike_B","Strike_B","Strike_B","Defend_B","Defend_B","Defend_B","Defend_B","Zap+1","Dualcast","Sweeping Beam","Go for the Eyes","Capacitor","Ball Lightning","Melter","Consume","Coolheaded"],"relics":["Cracked Core","NeowsBlessing","CeramicFish","Pear","Eternal Feather","Old Coin"],"acts_visited":["Exordium"],"potions_floor_usage":[8,8],"damage_taken":[{"damage":0,"enemies":"Jaw Worm","floor":1,"turns":1},{"damage":0,"enemies":"2 Louse","floor":4,"turns":1},{"damage":0,"enemies":"3 Sentries","floor":6,"turns":1},{"damage":7,"enemies":"Small Slimes","floor":7,"turns":3},{"damage":9,"enemies":"Lagavulin","floor":8,"turns":5},{"damage":5,"enemies":"3 Louse","floor":11,"turns":3},{"damage":29,"enemies":"Lagavulin Event","floor":12,"turns":5},{"damage":30,"enemies":"3 Sentries","floor":13,"turns":4}],"seed_played":"-6705967252020937287","potions_obtained":[{"floor":4,"key":"FocusPotion"},{"floor":6,"key":"PotionOfCapacity"},{"floor":7,"key":"SkillPotion"}],"is_trial":false,"path_per_floor":["M","?","?","M","?","E","M","E","T","R","M","?","E"],"character_chosen":"DEFECT","items_purchased":[],"campfire_rested":0,"item_purchase_floors":[],"current_hp_per_floor":[64,64,69,69,58,58,51,52,52,61,56,27,0,0],"gold":700,"neow_bonus":"THREE_ENEMY_KILL","is_daily":false,"chose_seed":false,"campfire_upgraded":1,"win_rate":0.0,"timestamp":1610198217,"path_taken":["M","?","?","M","?","E","M","E","T","R","M","?","E"],"items_purchased_type":[],"build_version":"2020-12-22","purchased_purges":0,"victory":false,"max_hp_per_floor":[71,71,76,76,76,76,76,86,86,86,86,86,86,86],"relic_stats":{"counters":[8,23],"CeramicFish":45,"Eternal Feather":9,"obtain_stats":[{"Pear":8,"NeowsBlessing":0,"CeramicFish":6,"Eternal Feather":9,"Cracked Core":0,"Old Coin":12},{"Pear":5,"NeowsBlessing":0,"CeramicFish":3,"Eternal Feather":5,"Cracked Core":0,"Old Coin":7},{"Pear":11,"NeowsBlessing":0,"CeramicFish":3,"Eternal Feather":11,"Cracked Core":0,"Old Coin":19}]},"card_choices":[{"not_picked":["Streamline","Compile Driver"],"picked":"Sweeping Beam","floor":1},{"not_picked":["Force Field","Conserve Battery"],"picked":"Go for the Eyes","floor":4},{"not_picked":["Tempest","Force Field"],"picked":"Capacitor","floor":6},{"not_picked":["Recycle","Go for the Eyes"],"picked":"Ball Lightning","floor":7},{"not_picked":["Redo","Go for the Eyes"],"picked":"Melter","floor":8},{"not_picked":["Steam","Streamline"],"picked":"Consume","floor":11},{"not_picked":["Go for the Eyes","Turbo"],"picked":"Coolheaded","floor":12}],"player_experience":1658342,"relics_obtained":[{"floor":6,"key":"CeramicFish"},{"floor":8,"key":"Pear"},{"floor":9,"key":"Eternal Feather"},{"floor":12,"key":"Old Coin"}],"event_choices":[{"damage_healed":0,"gold_gain":0,"player_choice":"Leave","damage_taken":0,"max_hp_gain":0,"max_hp_loss":0,"event_name":"The Cleric","floor":2,"gold_loss":0},{"damage_healed":0,"gold_gain":0,"player_choice":"Donut","damage_taken":0,"max_hp_gain":5,"max_hp_loss":0,"event_name":"Big Fish","floor":3,"gold_loss":0},{"damage_healed":0,"gold_gain":75,"player_choice":"Gather Gold","damage_taken":11,"max_hp_gain":0,"max_hp_loss":0,"event_name":"World of Goop","floor":5,"gold_loss":0},{"damage_healed":0,"gold_gain":0,"player_choice":"Searched \u00272\u0027 times","damage_taken":0,"max_hp_gain":0,"max_hp_loss":0,"event_name":"Dead Adventurer","floor":12,"gold_loss":0}],"is_beta":false,"boss_relics":[],"items_purged_floors":[],"is_endless":false,"potions_floor_spawned":[4,6,7],"killed_by":"3 Sentries","ascension_level":20}}