{"host":"uxq2rly8rxtwffuf","time":1610191665,"event":{"mods":["BaseMod","Koishi","Minty Spire (QoL Compilation)","StSLib","The Judge","The Servant 0.9.4"],"gold_per_floor":[110,123,138,63,81,81,108,108,108,125,153,7,33,49,49,150,150,167,182,201,111,130,155,170,170,246,261,275,275,288,213,213,312,312,329,344,344,219,230,230,263,275,287,299,299],"floor_reached":44,"playtime":2109,"items_purged":["Strike_G","Strike_G","Injury"],"score":928,"play_id":"39767e22-a17b-4736-ae36-16ff8eb782d5","local_time":"20210109142745","is_ascension_mode":true,"campfire_choices":[{"floor":6,"key":"REST"},{"floor":8,"key":"REST"},{"floor":15,"key":"REST"},{"floor":25,"key":"REST"},{"floor":29,"key":"REST"},{"floor":32,"key":"REST"},{"floor":40,"key":"RECALL"}],"circlet_count":0,"master_deck":["AscendersBane","Strike_G","Defend_G","Defend_G","Defend_G","Defend_G","Defend_G","Survivor","Neutralize","Noxious Fumes","Catalyst","Noxious Fumes","Corpse Explosion","Prepared+1","Poisoned Stab","Deflect","Noxious Fumes","Dagger Throw+1","Well Laid Plans","Deadly Poison+1","Bane","Blur+1","Deflect","Noxious Fumes","Unload","Catalyst","WordoMod:FoggyMind"],"relics":["Ring of the Serpent","FossilizedHelix","Tough Bandages","Odd Mushroom","HornCleat","Cursed Key","CaptainsWheel","Mercury Hourglass","MawBank"],"acts_visited":["Exordium","TheCity","TheBeyond"],"potions_floor_usage":[7,11,13,23,24,30,33,36,41,41],"damage_taken":[{"damage":6,"enemies":"Cultist","floor":1,"turns":5},{"damage":4,"enemies":"2 Louse","floor":2,"turns":3},{"damage":7,"enemies":"Small Slimes","floor":3,"turns":4},{"damage":29,"enemies":"Gremlin Gang","floor":5,"turns":5},{"damage":22,"enemies":"3 Sentries","floor":7,"turns":8},{"damage":0,"enemies":"Blue Slaver","floor":10,"turns":5},{"damage":10,"enemies":"The Mushroom Lair","floor":11,"turns":3},{"damage":20,"enemies":"Lagavulin","floor":13,"turns":6},{"damage":1,"enemies":"Red Slaver","floor":14,"turns":5},{"damage":0,"enemies":"Hexaghost","floor":16,"turns":8},{"damage":7,"enemies":"Chosen","floor":18,"turns":5},{"damage":19,"enemies":"2 Thieves","floor":19,"turns":4},{"damage":0,"enemies":"Snecko","floor":20,"turns":5},{"damage":12,"enemies":"Snake Plant","floor":22,"turns":4},{"damage":11,"enemies":"Book of Stabbing","floor":23,"turns":5},{"damage":0,"enemies":"3 Cultists","floor":24,"turns":2},{"damage":19,"enemies":"Cultist and Chosen","floor":27,"turns":7},{"damage":9,"enemies":"Centurion and Healer","floor":28,"turns":5},{"damage":24,"enemies":"Snake Plant","floor":30,"turns":5},{"damage":26,"enemies":"Champ","floor":33,"turns":11},{"damage":0,"enemies":"Orb Walker","floor":35,"turns":4},{"damage":6,"enemies":"3 Darklings","floor":36,"turns":4},{"damage":0,"enemies":"Maw","floor":39,"turns":6},{"damage":79,"enemies":"Reptomancer","floor":41,"turns":7},{"damage":29,"enemies":"Giant Head","floor":44,"turns":6}],"seed_played":"3299654614683662497","potions_obtained":[{"floor":2,"key":"Swift Potion"},{"floor":7,"key":"Dexterity Potion"},{"floor":11,"key":"Regen Potion"},{"floor":22,"key":"CunningPotion"},{"floor":23,"key":"ColorlessPotion"},{"floor":24,"key":"BlessingOfTheForge"},{"floor":28,"key":"SkillPotion"},{"floor":33,"key":"SpeedPotion"},{"floor":36,"key":"SteroidPotion"},{"floor":39,"key":"Regen Potion"}],"is_trial":false,"path_per_floor":["M","M","M","$","M","R","E","R","T","M","?","$","E","M","R","B",null,"M","M","M","?","M","E","M","R","T","M","M","R","M","?","R","B",null,"M","M","?","$","M","R","E","$","T","E"],"character_chosen":"THE_SILENT","items_purchased":["Poisoned Stab"],"campfire_rested":6,"item_purchase_floors":[12],"current_hp_per_floor":[64,60,53,53,24,47,25,48,48,48,38,38,33,32,55,55,72,65,46,46,46,34,23,23,46,46,27,18,41,17,17,40,14,61,61,55,87,87,87,87,23,23,23,0,0],"gold":299,"neow_bonus":"TEN_PERCENT_HP_BONUS","is_daily":false,"chose_seed":false,"campfire_upgraded":0,"win_rate":0.0,"timestamp":1610191665,"path_taken":["M","M","M","$","?","R","E","R","T","M","?","$","E","M","R","BOSS","M","M","M","?","M","E","M","R","T","M","?","R","M","?","R","BOSS","M","M","?","$","M","R","E","$","T","E"],"items_purchased_type":["Card"],"build_version":"2020-12-22","purchased_purges":3,"victory":false,"max_hp_per_floor":[77,77,77,77,77,77,77,77,77,77,77,77,77,77,77,77,77,77,77,77,77,77,77,77,77,77,77,77,77,77,77,77,77,77,77,77,87,87,87,87,87,87,87,87,87],"card_choices":[{"not_picked":["Blade Dance","Concentrate"],"picked":"Noxious Fumes","floor":1},{"not_picked":["Acrobatics","Setup"],"picked":"Catalyst","floor":2},{"not_picked":["Quick Slash","Leg Sweep"],"picked":"Noxious Fumes","floor":3},{"not_picked":["Dagger Throw","Flying Knee","Dagger Spray"],"picked":"SKIP","floor":5},{"not_picked":["Poisoned Stab","Skewer"],"picked":"Corpse Explosion","floor":7},{"not_picked":["Dagger Spray","Slice"],"picked":"Prepared","floor":10},{"not_picked":["Underhanded Strike","Finisher"],"picked":"Deflect","floor":13},{"not_picked":["All Out Attack","Footwork"],"picked":"Noxious Fumes","floor":14},{"not_picked":["Phantasmal Killer","Wraith Form v2"],"picked":"Envenom","floor":16},{"not_picked":["Outmaneuver","Blur"],"picked":"Dagger Throw+1","floor":18},{"not_picked":["Cloak And Dagger","Expertise"],"picked":"Well Laid Plans","floor":19},{"not_picked":["All Out Attack","Accuracy"],"picked":"Deadly Poison+1","floor":20},{"not_picked":["Flying Knee","Well Laid Plans"],"picked":"Bane","floor":22},{"not_picked":["Backflip","Envenom"],"picked":"Blur+1","floor":23},{"not_picked":["Flying Knee","Accuracy"],"picked":"Deflect","floor":24},{"not_picked":["Eviscerate","Quick Slash","Deflect"],"picked":"SKIP","floor":27},{"not_picked":["Calculated Gamble+1","Setup"],"picked":"Noxious Fumes","floor":28},{"not_picked":["Cloak And Dagger","Dagger Spray","Underhanded Strike"],"picked":"SKIP","floor":30},{"not_picked":["Wraith Form v2","Die Die Die"],"picked":"Unload","floor":33},{"not_picked":["Finisher+1","Riddle With Holes"],"picked":"Catalyst","floor":35},{"not_picked":["Distraction","Blade Dance","Quick Slash+1"],"picked":"SKIP","floor":36},{"not_picked":["Concentrate","Blade Dance","Acrobatics+1"],"picked":"SKIP","floor":39},{"not_picked":["Cloak And Dagger","Bullet Time","Outmaneuver"],"picked":"SKIP","floor":41}],"player_experience":1383209,"relics_obtained":[{"floor":7,"key":"FossilizedHelix"},{"floor":9,"key":"Tough Bandages"},{"floor":11,"key":"Odd Mushroom"},{"floor":13,"key":"HornCleat"},{"floor":23,"key":"CaptainsWheel"},{"floor":26,"key":"Mercury Hourglass"},{"floor":41,"key":"MawBank"}],"event_choices":[{"damage_healed":0,"gold_gain":0,"player_choice":"Fought Mushrooms","damage_taken":0,"max_hp_gain":0,"max_hp_loss":0,"event_name":"Mushrooms","floor":11,"gold_loss":0},{"cards_removed":["Strike_G"],"damage_healed":0,"gold_gain":0,"player_choice":"Upgrade and Remove","damage_taken":0,"max_hp_gain":0,"max_hp_loss":0,"event_name":"Designer","floor":21,"gold_loss":90,"cards_upgraded":["Prepared"]},{"cards_removed":["Strike_G"],"damage_healed":0,"gold_gain":0,"player_choice":"Gave Gold","damage_taken":0,"max_hp_gain":0,"max_hp_loss":0,"event_name":"Beggar","floor":31,"gold_loss":75},{"cards_removed":["Envenom"],"damage_healed":22,"gold_gain":0,"player_choice":"Offered Rare","damage_taken":0,"max_hp_gain":10,"max_hp_loss":0,"event_name":"Bonfire Elementals","floor":37,"gold_loss":0}],"is_beta":false,"boss_relics":[{"not_picked":["Coffee Dripper","Calling Bell"],"picked":"Cursed Key"},{"not_picked":["Fusion Hammer","Tiny House"],"picked":"Ring of the Serpent"}],"items_purged_floors":[4,12,38],"is_endless":false,"potions_floor_spawned":[2,7,11,22,23,24,28,33,36,39],"killed_by":"Giant Head","ascension_level":12}}