{"host":"bvr4vhlu71s3njyz","time":1610171596,"event":{"mods":["2.2 Compatiblity","AchievementEnabler","Act Like it!","Aspiration","Astrologer","Bard","BaseMod","Beaked The Cultist","Better Altar","Better Match","Better Note","Better Sensory Stone","Better Skull","Better Third Choice","CCEM","Conjunction","Downfall","Fiend Mod","Friendly Minions","Gremlin Mod","GungeonMod","Hallownest","Hermit","Hubris","Infinite Spire","Jorbs\u0027s Wanderer Trilogy","Mad Scientist","Mimic Mod","Minty Spire (QoL Compilation)","Potionbrewer","Quarter Circle Forward PUNCH!","QueenMod","Replay The Spire","Robot Space Explorer","Shade Mod","Shedinja","Slumbering Mod","StSLib","The Blackbeard","The Bladedancer","The Bug Knight","The Caster","The Clintock","The Construct","The Cursed","The Dragon Tamer","The Exalted","The Forsaken","The Hayseed","The Hierophant","The Judge","The Mystic","The Necromancer","The Poker Player","The Runesmith","The Sage","The Showman","TheArtist","TheFirefly","TheLocksmith","Trackpad","Wandering Minibosses","thorton","vexMod"],"gold_per_floor":[118,118,118,135,154,154,165,178,201,221,221,221,23,51,51,148,148,120,45,76,126,75,92,92,92],"floor_reached":24,"playtime":1911,"items_purged":["Burn"],"score":196,"play_id":"261befba-b954-4edf-aa60-ebf37ffc1aab","local_time":"20210109005316","is_ascension_mode":false,"campfire_choices":[{"data":"hermit:Maintenance","floor":6,"key":"SMITH"},{"data":"hermit:TakeAim","floor":15,"key":"SMITH"}],"circlet_count":0,"master_deck":["hermit:Strike_Hermit","hermit:Strike_Hermit","hermit:Strike_Hermit","hermit:Strike_Hermit","hermit:Defend_Hermit","hermit:Defend_Hermit+1","hermit:Defend_Hermit","hermit:Defend_Hermit","hermit:Snapshot+1","hermit:Covet","hermit:ShadowCloak","vexMod:EmailVexCard","hermit:Dive","hermit:Maintenance+1","hermit:CalledShot","hermit:Vantage","hermit:TrackingShot","hermit:Manifest","hermit:Shortfuse","hermit:TakeAim+1","hermit:Deadeye","hermit:HighNoon","AbeCurse","hermit:GhostlyPresence","hermit:Headshot","hermit:Feint","hermit:Horror"],"relics":["hermit:Momento","Strawberry","Toy Ornithopter","Abe\u0027s Treasure","ReplayTheSpireMod:Ninjato"],"acts_visited":["Exordium","TheCity"],"potions_floor_usage":[16,16],"damage_taken":[{"damage":0,"enemies":"theSlumbering:NewCultist","floor":1,"turns":3},{"damage":2,"enemies":"Jaw Worm","floor":4,"turns":4},{"damage":0,"enemies":"Cultist","floor":5,"turns":5},{"damage":0,"enemies":"2 Fungi Beasts","floor":7,"turns":3},{"damage":9,"enemies":"Looter","floor":8,"turns":3},{"damage":7,"enemies":"Lots of Slimes","floor":10,"turns":6},{"damage":9,"enemies":"HollowMod:MossKnight","floor":14,"turns":9},{"damage":61,"enemies":"Slime Boss","floor":16,"turns":15},{"damage":22,"enemies":"2 Thieves","floor":18,"turns":5},{"damage":5,"enemies":"Spheric Guardian","floor":20,"turns":14},{"damage":29,"enemies":"Spheric Guardian","floor":23,"turns":8},{"damage":34,"enemies":"Shelled Parasite and Fungi","floor":24,"turns":5}],"seed_played":"5565602022728900456","potions_obtained":[{"floor":5,"key":"Block Potion"},{"floor":10,"key":"Conjunction:LightningMarble"},{"floor":18,"key":"AttackPotion"},{"floor":23,"key":"sneckomod:MuddlingPotion"}],"is_trial":false,"path_per_floor":["M","?","?","M","M","R","M","M","T","M","?","?","$","E","R","B",null,"M","$","MIM","?","$","M","M"],"character_chosen":"HERMIT","items_purchased":["hermit:Manifest","hermit:Shortfuse","hermit:TakeAim","hermit:Feint"],"campfire_rested":0,"item_purchase_floors":[13,13,13,22],"current_hp_per_floor":[82,82,82,80,80,80,80,71,78,71,71,71,71,62,62,11,89,67,67,62,62,62,33,0,0],"gold":92,"neow_bonus":"TEN_PERCENT_HP_BONUS","is_daily":false,"chose_seed":false,"campfire_upgraded":2,"win_rate":0.0,"timestamp":1610171596,"path_taken":["M","?","?","M","?","R","M","M","T","M","?","?","$","E","R","BOSS","M","$","?","?","?","?","M"],"items_purchased_type":["Card","Card","Card","Card"],"build_version":"2020-12-22","purchased_purges":1,"victory":false,"max_hp_per_floor":[82,82,82,82,82,82,82,82,89,89,89,89,89,89,89,89,89,89,89,89,89,89,89,89,89],"card_choices":[{"not_picked":["hermit:Coalescence","hermit:BodyArmor"],"picked":"hermit:ShadowCloak","floor":1},{"not_picked":["expansioncontent:LastStand","expansioncontent:ManipulateTime"],"picked":"vexMod:EmailVexCard","floor":3},{"not_picked":["hermit:Snipe","hermit:HighCaliber"],"picked":"hermit:Dive","floor":4},{"not_picked":["hermit:Snipe","hermit:Dive"],"picked":"hermit:Maintenance","floor":5},{"not_picked":["hermit:Gestalt","hermit:Reprieve"],"picked":"hermit:CalledShot","floor":7},{"not_picked":["hermit:TrackingShot","hermit:HoleUp"],"picked":"hermit:Vantage","floor":8},{"not_picked":["hermit:Combo","hermit:BodyArmor"],"picked":"hermit:TrackingShot","floor":10},{"not_picked":["hermit:FullyLoaded","hermit:Desperado"],"picked":"hermit:Deadeye","floor":14},{"not_picked":["hermit:OverwhelmingPower","hermit:DeadOrAlive"],"picked":"hermit:HighNoon","floor":16},{"not_picked":["hermit:Spite+1","hermit:Determination"],"picked":"hermit:GhostlyPresence","floor":18},{"not_picked":["hermit:Roulette","hermit:HoleUp"],"picked":"hermit:Headshot","floor":20},{"not_picked":["hermit:Feint","hermit:HoleUp"],"picked":"hermit:Horror","floor":23}],"player_experience":1275810,"relics_obtained":[{"floor":9,"key":"Strawberry"},{"floor":14,"key":"Toy Ornithopter"},{"floor":20,"key":"ReplayTheSpireMod:Ninjato"}],"event_choices":[{"damage_healed":0,"gold_gain":1,"player_choice":"1","damage_taken":0,"max_hp_gain":0,"max_hp_loss":0,"event_name":"betterStone:BetterStone","floor":3,"gold_loss":0},{"damage_healed":0,"gold_gain":100,"player_choice":"Bet on Murderer","damage_taken":0,"max_hp_gain":0,"max_hp_loss":0,"event_name":"The Joust","floor":21,"gold_loss":50}],"is_beta":false,"boss_relics":[{"not_picked":["Ectoplasm","hubris:VirtuousBlindfold"],"picked":"Abe\u0027s Treasure"}],"items_purged_floors":[19],"is_endless":false,"potions_floor_spawned":[5,10,14,18,23],"killed_by":"Shelled Parasite and Fungi","ascension_level":0}}