{"host":"aryhiqwk5b07l19u","time":1610175108,"event":{"mods":["Act Like it!","Arknights The Spire","BaseMod","Better Third Choice","Colored Powertips","Gensokyo","HololiveMod","Koishi","Marisa£®ÏF”Í°°ƒß¿Ì…≥£©","Minty Spire (QoL Compilation)","Quick Restart","Rare Cards Sparkle","Reimu£®≤©¿ˆ¡È√Œ£©","Relic Stats","Remilia£®¿Ÿ√◊¿Ú—«£©","Replay The Spire","StSLib","The Administrix","The Construct","The Servant 0.9.4","Yakumo Yukari mod","Youmu£®ªÍ∆«—˝√Œ£©","Yuyuko","noobMod"],"gold_per_floor":[112,8,21,75,5,5,30,243,266,266,278,278,12,12,12,113,113,124,29,9,29,29,360,392,437,498,545,557,270,270,304,304,406,406,419,11,23,23,23,53,53,53,53,78,78,406,1,21,21,21,21,21,21,52,52],"floor_reached":56,"playtime":2948,"items_purged":["Languid"],"score":1781,"play_id":"366ed357-5f28-4e45-b28d-cbbd2127ea9b","local_time":"20210109145148","is_ascension_mode":true,"campfire_choices":[{"data":"ats:Burning Ground","floor":6,"key":"SMITH"},{"data":"ats:Magnetic Hammer","floor":10,"key":"SMITH"},{"data":"Magnetism","floor":15,"key":"SMITH"},{"floor":28,"key":"RECALL"},{"data":"ats:Dogmatic Field","floor":30,"key":"SMITH"},{"data":"ats:Disruption Kick","floor":32,"key":"SMITH"},{"data":"ats:Soul Absorption","floor":41,"key":"SMITH"},{"data":"Gensokyo:GreaterSplit","floor":45,"key":"SMITH"},{"data":"ats:Composite Medical Shells","floor":49,"key":"SMITH"},{"floor":52,"key":"DIG"}],"circlet_count":0,"master_deck":["ats:Strike C","ats:Strike S","ats:Armor Crushing Shot","ats:Defend","ats:Defend","ats:Defend","ats:Defend","ats:Support Order","ats:LN2 Cannon","ats:Burning Ground+1","ats:Magnetic Hammer+1","ats:Assault Order","ats:Echo Reverb","Hallucinations","Magnetism+1","ats:Mental Burst","ats:Dogmatic Field+1","Clumsy","Injury","ats:Automatic Cover","ats:Explosion Area Strengthen","ats:Thorns+1","ats:Mental Burst","ats:Soul Absorption+1","ats:Disruption Kick+1","ats:Sunburst","ats:Rat Pack","AbeCurse","ats:Poison Spread+1","ats:Hook Shot+1","Gensokyo:LifeSpringInfinity+1","Gensokyo:GreaterSplit+1","Doubt","ats:Very Hot Blade+1","ats:Hook Shot+1","ats:Beaten Up+1","ats:Composite Medical Shells+1","Sadistic Nature","ats:Flame Of Heaven","ats:Ignite","ats:Ignite","ats:Powerful Strike+1","ats:Fractured Body"],"relics":["ats:Sanity","ice","ats:Berate","Gremlin Horn","Smiling Mask","ats:Originium","ats:Rhine Circuitry","Shovel","Ring of Peace","ReplayTheSpireMod:Ring of Addiction","SacredBark","White Beast Statue","Replay:Ancient Bell","Mastiff:ReiMu","ats:Military Tradition","Turnip","Gensokyo:MosesMiracle","MawBank","Sundial","Happy Flower","WingedGreaves","Incense Burner","Pear","Abe\u0027s Treasure","HandDrill","ClockworkSouvenir","Darkstone Periapt","Divine Protection","ats:Bonebreaker","Replay:Bottled Steam","ats:Industrial Water Cannon","Centennial Puzzle","Dead Branch"],"acts_visited":["Gensokyo:Gensokyo","Gensokyo:Gensokyoer","Gensokyo:Gensokyoest","TheEnding"],"potions_floor_usage":[16,16,18,21,23,25,25,33,33,38,38,46,50,55],"damage_taken":[{"damage":2,"enemies":"Gensokyo:3_Fairies","floor":1,"turns":5},{"damage":4,"enemies":"Gensokyo:Python","floor":3,"turns":5},{"damage":10,"enemies":"Gensokyo:Cirno","floor":7,"turns":6},{"damage":10,"enemies":"Gensokyo:Gryphon","floor":8,"turns":5},{"damage":13,"enemies":"Gensokyo:CorruptedTreant","floor":11,"turns":3},{"damage":40,"enemies":"Gensokyo:Yukari","floor":16,"turns":11},{"damage":25,"enemies":"Gensokyo:CosmicMonolith","floor":18,"turns":4},{"damage":23,"enemies":"Gensokyo:AngelMirror","floor":21,"turns":4},{"damage":92,"enemies":"Gensokyo:Tenshi","floor":23,"turns":5},{"damage":27,"enemies":"Gensokyo:Monolith_and_Dog","floor":24,"turns":5},{"damage":10,"enemies":"Gensokyo:Koishi","floor":25,"turns":3},{"damage":19,"enemies":"Gensokyo:Tenshi","floor":27,"turns":4},{"damage":0,"enemies":"Gensokyo:Koishi","floor":31,"turns":4},{"damage":207,"enemies":"Gensokyo:Eternal_Rivals","floor":33,"turns":7},{"damage":0,"enemies":"Gensokyo:3_Bats","floor":35,"turns":2},{"damage":0,"enemies":"Gensokyo:3_Boulders","floor":37,"turns":4},{"damage":0,"enemies":"Gensokyo:3_Boulders","floor":38,"turns":4},{"damage":0,"enemies":"Gensokyo:Doremy","floor":40,"turns":5},{"damage":0,"enemies":"Gensokyo:Marisa","floor":44,"turns":4},{"damage":0,"enemies":"Gensokyo:Doremy","floor":46,"turns":4},{"damage":0,"enemies":"Gensokyo:SeedOfUnknown","floor":48,"turns":2},{"damage":0,"enemies":"Gensokyo:Scarlet_Devils","floor":50,"turns":7},{"damage":30,"enemies":"Shield and Spear","floor":54,"turns":3},{"damage":176,"enemies":"The Heart","floor":55,"turns":6}],"seed_played":"4534292542309389986","potions_obtained":[{"floor":4,"key":"Energy Potion"},{"floor":7,"key":"SteroidPotion"},{"floor":12,"key":"DuplicationPotion"},{"floor":12,"key":"Explosive Potion"},{"floor":16,"key":"Weak Potion"},{"floor":18,"key":"SneckoOil"},{"floor":21,"key":"Strength Potion"},{"floor":23,"key":"LiquidBronze"},{"floor":24,"key":"Fruit Juice"},{"floor":25,"key":"Regen Potion"},{"floor":27,"key":"Strength Potion"},{"floor":31,"key":"Venom Potion"},{"floor":33,"key":"BlessingOfTheForge"},{"floor":35,"key":"BlessingOfTheForge"},{"floor":37,"key":"Ancient Potion"},{"floor":40,"key":"Elixir"},{"floor":44,"key":"ats:Emergency Sanity Potion"},{"floor":46,"key":"SneckoOil"},{"floor":48,"key":"Elixir"},{"floor":54,"key":"FairyPotion"}],"is_trial":false,"path_per_floor":["M","COS","M","?","?","R","E","M","T","R","M","?","$","?","R","B",null,"M","$","COS","M","?","E","M","E","T","E","R","$","R","E","R","B",null,"M","COS","M","?","?","E","R","?","T","E","R","E","$","M","R","B",null,"R","$","E","B",null],"character_chosen":"DOCTOR_CLASS","items_purchased":["Magnetism","ats:Mental Burst","Specialist","Incense Burner","ats:Composite Medical Shells","Sadistic Nature","ats:Flame Of Heaven","ats:Ignite"],"campfire_rested":0,"item_purchase_floors":[13,13,19,29,47,47,47,47],"current_hp_per_floor":[70,70,66,38,38,38,28,18,18,18,5,5,5,12,12,38,85,74,74,74,68,68,13,93,105,105,86,86,86,86,96,96,1,151,151,151,151,151,151,159,159,157,157,157,157,157,157,165,165,163,163,163,163,167,65],"gold":52,"neow_bonus":"RANDOM_COMMON_RELIC","is_daily":false,"chose_seed":false,"campfire_upgraded":8,"win_rate":0.0,"timestamp":1610175108,"path_taken":["M","COS","M","?","?","R","E","M","T","R","?","?","$","?","R","BOSS","M","?","COS","?","?","E","M","E","T","E","R","$","R","E","R","BOSS","M","COS","M","?","?","E","R","?","T","E","R","E","?","?","R","BOSS","R","$","E","BOSS"],"items_purchased_type":["Card","Card","Card","Relic","Card","Card","Card","Card"],"build_version":"2020-12-22","purchased_purges":1,"victory":true,"max_hp_per_floor":[72,72,72,72,72,72,72,72,72,72,72,72,72,79,79,85,85,88,88,88,95,95,105,113,126,126,134,134,132,132,145,143,151,151,153,153,156,156,156,159,159,157,157,164,162,165,165,165,165,163,163,163,163,167,194],"relic_stats":{"Darkstone Periapt":0,"Gremlin Horn":[19,19],"Happy Flower":[18],"counters":[24,111],"Dead Branch":[11],"Smiling Mask":25,"MawBank":72,"Centennial Puzzle":[3],"Shovel":1,"Sundial":[0],"Turnip":[15],"HandDrill":[4],"obtain_stats":[{"Darkstone Periapt":40,"Divine Protection":43,"Gremlin Horn":4,"SacredBark":12,"ice":0,"Incense Burner":29,"Smiling Mask":5,"ClockworkSouvenir":36,"ats:Industrial Water Cannon":52,"Frozen Eye":25,"Centennial Puzzle":54,"Shovel":11,"Mastiff:ReiMu":17,"Sundial":25,"ats:Berate":0,"Ring of Peace":12,"WingedGreaves":27,"HandDrill":36,"ats:Sanity":0,"ats:Bonebreaker":44,"ats:Rhine Circuitry":7,"Replay:Bottled Steam":46,"Pear":31,"Happy Flower":26,"ReplayTheSpireMod:Ring of Addiction":12,"Dead Branch":55,"Gensokyo:MosesMiracle":25,"Replay:Ancient Bell":17,"MawBank":23,"White Beast Statue":12,"ats:Originium":7,"Gensokyo:DayTheSeaSplit":22,"Turnip":17,"ats:Military Tradition":17,"Abe\u0027s Treasure":34},{"Darkstone Periapt":18,"Divine Protection":18,"Gremlin Horn":2,"SacredBark":5,"ice":0,"Incense Burner":12,"Smiling Mask":2,"ClockworkSouvenir":15,"ats:Industrial Water Cannon":22,"Frozen Eye":10,"Centennial Puzzle":23,"Shovel":5,"Mastiff:ReiMu":6,"Sundial":11,"ats:Berate":0,"Ring of Peace":5,"WingedGreaves":12,"HandDrill":15,"ats:Sanity":0,"ats:Bonebreaker":19,"ats:Rhine Circuitry":3,"Replay:Bottled Steam":20,"Pear":13,"Happy Flower":11,"ReplayTheSpireMod:Ring of Addiction":5,"Dead Branch":24,"Gensokyo:MosesMiracle":11,"Replay:Ancient Bell":6,"MawBank":9,"White Beast Statue":5,"ats:Originium":3,"Gensokyo:DayTheSeaSplit":8,"Turnip":6,"ats:Military Tradition":6,"Abe\u0027s Treasure":14},{"Darkstone Periapt":85,"Divine Protection":85,"Gremlin Horn":10,"SacredBark":24,"ice":0,"Incense Burner":60,"Smiling Mask":10,"ClockworkSouvenir":73,"ats:Industrial Water Cannon":102,"Frozen Eye":53,"Centennial Puzzle":105,"Shovel":22,"Mastiff:ReiMu":35,"Sundial":56,"ats:Berate":0,"Ring of Peace":24,"WingedGreaves":60,"HandDrill":73,"ats:Sanity":0,"ats:Bonebreaker":89,"ats:Rhine Circuitry":16,"Replay:Bottled Steam":93,"Pear":64,"Happy Flower":56,"ReplayTheSpireMod:Ring of Addiction":24,"Dead Branch":106,"Gensokyo:MosesMiracle":56,"Replay:Ancient Bell":35,"MawBank":48,"White Beast Statue":24,"ats:Originium":16,"Gensokyo:DayTheSeaSplit":43,"Turnip":35,"ats:Military Tradition":35,"Abe\u0027s Treasure":71}]},"card_choices":[{"not_picked":["ats:Assault Order","ats:Hammer On"],"picked":"ats:Support Order","floor":1},{"not_picked":["ats:Explosion Area Strengthen","ats:Consecutive Shot Auto"],"picked":"ats:LN2 Cannon","floor":3},{"not_picked":["ats:Explosion Area Strengthen","ats:Childhood Dance"],"picked":"ats:Burning Ground","floor":4},{"not_picked":["ats:Cat Scratch","ats:Shell Defense"],"picked":"ats:Magnetic Hammer","floor":7},{"not_picked":["ats:Hammer On","ats:Curse Doll"],"picked":"ats:Assault Order","floor":8},{"not_picked":["ats:Chain Hook","ats:Powerful Strike"],"picked":"ats:Echo Reverb","floor":11},{"not_picked":["ats:Durian","ats:Shadow Assault"],"picked":"ats:Dogmatic Field","floor":16},{"not_picked":["CommonCold","Gluttony_TH"],"picked":"Clumsy","floor":17},{"not_picked":["Wrath_TH","Amnesia"],"picked":"Injury","floor":17},{"not_picked":["Overencumbered","Decay"],"picked":"Languid","floor":17},{"not_picked":["ats:Shell Defense","ats:Childhood Dance"],"picked":"ats:Automatic Cover","floor":18},{"not_picked":["ats:Sword Rain","ats:Powerful Strike"],"picked":"ats:Explosion Area Strengthen","floor":21},{"not_picked":["ats:Wolf Pack","ats:Cat Scratch"],"picked":"ats:Thorns+1","floor":23},{"not_picked":["ats:Powerful Strike","ats:Revitalization"],"picked":"ats:Mental Burst","floor":24},{"not_picked":["ats:Explosion Area Strengthen","ats:Powerful Strike"],"picked":"ats:Soul Absorption","floor":25},{"not_picked":["ats:Assault Order","ats:Curse Doll"],"picked":"ats:Disruption Kick","floor":27},{"not_picked":["ats:Childhood Dance","ats:Flexible Camouflage"],"picked":"ats:Sunburst","floor":31},{"not_picked":["ats:Durian","ats:Disruption Kick"],"picked":"ats:Rat Pack","floor":33},{"not_picked":["ats:Leaping Hammer+1","ats:Consecutive Shot Auto"],"picked":"ats:Poison Spread+1","floor":35},{"not_picked":["ats:Chain Hook","ats:Support Order"],"picked":"ats:Hook Shot+1","floor":37},{"not_picked":["Gensokyo:RainbowDanmaku+1","Gensokyo:DreamlikeParadise+1"],"picked":"Gensokyo:LifeSpringInfinity+1","floor":38},{"not_picked":["ats:Curse Doll+1","ats:Shadow Raid"],"picked":"ats:Very Hot Blade+1","floor":40},{"not_picked":["ats:Overload","ats:Part Time Job"],"picked":"ats:Hook Shot+1","floor":44},{"not_picked":["ats:Curse Doll+1","ats:Chain Hook"],"picked":"ats:Beaten Up+1","floor":46},{"not_picked":["ats:Flexible Camouflage","ats:Encircling Forest"],"picked":"ats:Powerful Strike+1","floor":48},{"not_picked":["ats:Composite Medical Shells","ats:Thorns"],"picked":"ats:Fractured Body","floor":54}],"player_experience":732529,"relics_obtained":[{"floor":4,"key":"Gremlin Horn"},{"floor":7,"key":"ats:Originium"},{"floor":7,"key":"ats:Rhine Circuitry"},{"floor":12,"key":"Ring of Peace"},{"floor":12,"key":"ReplayTheSpireMod:Ring of Addiction"},{"floor":12,"key":"SacredBark"},{"floor":12,"key":"White Beast Statue"},{"floor":23,"key":"ats:Originium"},{"floor":23,"key":"MawBank"},{"floor":25,"key":"Gensokyo:MosesMiracle"},{"floor":25,"key":"ats:Originium"},{"floor":25,"key":"Sundial"},{"floor":26,"key":"Happy Flower"},{"floor":27,"key":"WingedGreaves"},{"floor":31,"key":"Pear"},{"floor":40,"key":"Darkstone Periapt"},{"floor":43,"key":"Divine Protection"},{"floor":44,"key":"ats:Bonebreaker"},{"floor":46,"key":"Replay:Bottled Steam"},{"floor":52,"key":"ats:Industrial Water Cannon"},{"floor":54,"key":"Centennial Puzzle"}],"event_choices":[],"is_beta":false,"boss_relics":[{"not_picked":["Velvet Choker","Replay:Drink Me"],"picked":"Replay:Ancient Bell"},{"not_picked":["ats:Hidden Killer","Bronze Scales"],"picked":"Mastiff:ReiMu"},{"not_picked":["Question Card","Replay:Bottled Snecko"],"picked":"ats:Military Tradition"},{"not_picked":["Du-Vu Doll","Durian"],"picked":"Turnip"},{"not_picked":["Snecko Eye","Kintsugi"],"picked":"Abe\u0027s Treasure"}],"items_purged_floors":[47],"is_endless":false,"potions_floor_spawned":[7,16,18,21,23,24,25,27,31,33,35,37,40,44,46,48,54],"ascension_level":1}}