{"host":"kdt6w7ix8lwe69i9","time":1610211202,"event":{"mods":["100% Spire Juice","Bartender","BaseMod","ChefMod","Downfall","Fiend Mod","Jorbs\u0027s Wanderer Trilogy","Minty Spire (QoL Compilation)","Reimu（博丽灵梦）","Robot Space Explorer","StSLib","The Caster","The Cursed","The Disciple","The Dragon Tamer","The Druid","The Elementalist","The Forsaken","The Gatherer","The Marked","TheBandit"],"gold_per_floor":[117,117,131,150,167,167,177,177,177,195,195,4,21,35,35,133,133,149,168,168,186,186,186,199,211,235,251,251,264,289,320,320,417,417,428,442,452,452,452],"floor_reached":38,"playtime":3413,"items_purged":[],"score":471,"play_id":"e59cf4e4-d1a6-4090-88f8-afafb0f45eef","local_time":"20210109115322","is_ascension_mode":false,"campfire_choices":[{"floor":15,"key":"REST"},{"floor":23,"key":"RECALL"},{"floor":28,"key":"REST"},{"floor":32,"key":"REST"}],"circlet_count":0,"master_deck":["caster:Meteor","caster:DivertFocus+1","caster:strike+1","caster:strike","caster:defend","caster:defend","caster:defend","caster:defend","caster:defend","caster:Unearth","caster:GateOfBabylon","caster:Fireball","caster:Eruption","caster:JupitelThunder","caster:QuickCast","caster:FlashSpeed","caster:FireWall","Apotheosis","caster:AlternatingCurrent","caster:BookThrow","caster:PhoenixFlare","caster:FlashSpeed+1","caster:MeteorStorm","Writhe","caster:MegaloSpark+1","Pain","caster:DiablosFlame","caster:QuickCast+1","caster:Sultry+1","caster:JupitelThunder+1","caster:GaiasBlessing","caster:Ramuh","caster:Surge+1","caster:GlacialShield","caster:Incantation"],"relics":["caster:MagicBook","Ornamental Fan","Vajra","Akabeko","Runic Pyramid","StrikeDummy","WarpedTongs","Guardian:PocketSentry","Blue Candle","SacredBark"],"acts_visited":["Exordium","TheCity","TheBeyond"],"potions_floor_usage":[7,14,18,19,21,24,27,27,31,35,37],"damage_taken":[{"damage":1,"enemies":"2 Louse","floor":1,"turns":4},{"damage":0,"enemies":"Jaw Worm","floor":3,"turns":4},{"damage":0,"enemies":"Cultist","floor":4,"turns":3},{"damage":24,"enemies":"Exordium Thugs","floor":5,"turns":6},{"damage":2,"enemies":"3 Louse","floor":7,"turns":4},{"damage":6,"enemies":"Gremlin Gang","floor":10,"turns":5},{"damage":0,"enemies":"Exordium Thugs","floor":13,"turns":3},{"damage":0,"enemies":"Exordium Wildlife","floor":14,"turns":1},{"damage":0,"enemies":"Hexaghost","floor":16,"turns":7},{"damage":0,"enemies":"Shell Parasite","floor":18,"turns":1},{"damage":3,"enemies":"3 Byrds","floor":19,"turns":5},{"damage":5,"enemies":"Snecko","floor":21,"turns":3},{"damage":2,"enemies":"Centurion and Healer","floor":24,"turns":2},{"damage":32,"enemies":"Cultist and Chosen","floor":25,"turns":5},{"damage":4,"enemies":"Sentry and Sphere","floor":27,"turns":4},{"damage":14,"enemies":"Centurion and Healer","floor":29,"turns":3},{"damage":23,"enemies":"Gremlin Leader","floor":31,"turns":5},{"damage":10,"enemies":"Collector","floor":33,"turns":7},{"damage":41,"enemies":"3 Darklings","floor":35,"turns":3},{"damage":9,"enemies":"3 Shapes","floor":36,"turns":1},{"damage":43,"enemies":"Transient","floor":37,"turns":5},{"damage":51,"enemies":"Spire Growth","floor":38,"turns":4}],"seed_played":"9148892331352001677","potions_obtained":[{"floor":1,"key":"Dexterity Potion"},{"floor":7,"key":"Swift Potion"},{"floor":10,"key":"Dexterity Potion"},{"floor":14,"key":"SteroidPotion"},{"floor":16,"key":"hexamod:EctoCoolerPotion"},{"floor":19,"key":"BlessingOfTheForge"},{"floor":21,"key":"GamblersBrew"},{"floor":25,"key":"Dexterity Potion"},{"floor":27,"key":"Block Potion"},{"floor":33,"key":"Block Potion"},{"floor":35,"key":"Regen Potion"},{"floor":37,"key":"Explosive Potion"}],"is_trial":false,"path_per_floor":["M","?","M","M","M","T","M","?","T","M","?","$","M","M","R","B",null,"M","M","?","M","?","R","M","M","T","M","R","M","T","E","R","B",null,"M","M","M","M"],"character_chosen":"THE_CASTER","items_purchased":["Apotheosis"],"campfire_rested":3,"item_purchase_floors":[12],"current_hp_per_floor":[45,32,33,33,9,9,7,7,7,2,2,2,3,3,22,26,64,64,63,63,60,60,60,58,26,26,24,43,31,31,12,31,31,64,23,14,27,0,0],"gold":452,"neow_bonus":"TRANSFORM_TWO_CARDS","is_daily":false,"chose_seed":false,"campfire_upgraded":0,"win_rate":0.0,"timestamp":1610211202,"path_taken":["M","?","M","M","M","?","M","?","T","M","?","$","?","M","R","BOSS","M","?","?","M","?","R","M","?","T","M","R","M","?","E","R","BOSS","M","M","M","M"],"items_purchased_type":["Card"],"build_version":"2020-12-22","purchased_purges":0,"victory":false,"max_hp_per_floor":[64,64,64,64,64,64,64,64,64,64,64,64,64,64,64,64,64,64,64,64,64,64,64,64,64,64,64,64,64,64,64,64,64,64,64,64,64,64,64],"card_choices":[{"not_picked":["caster:Discharge","caster:MagicBarrier"],"picked":"caster:Fireball","floor":1},{"not_picked":["caster:WallOfRocks","caster:FireWall"],"picked":"caster:Eruption","floor":3},{"not_picked":["caster:BookThrow","caster:Illusion"],"picked":"caster:JupitelThunder","floor":4},{"not_picked":["caster:FireWall","caster:FlashFrost"],"picked":"caster:QuickCast","floor":5},{"not_picked":["caster:Enfeeble","caster:FrostDriver"],"picked":"caster:FlashSpeed","floor":7},{"not_picked":["caster:Cryogenesis","caster:WallOfSwords"],"picked":"caster:FireWall","floor":10},{"not_picked":["caster:Fireball","caster:MegaloSpark"],"picked":"caster:AlternatingCurrent","floor":13},{"not_picked":["caster:Focusyn","caster:MagicWeapon"],"picked":"caster:BookThrow","floor":14},{"not_picked":["caster:EchoingVoice","caster:SunGoddessAmaterasu"],"picked":"caster:PhoenixFlare","floor":16},{"not_picked":["caster:Fireball+1","caster:MagicWeapon"],"picked":"caster:FlashSpeed+1","floor":18},{"not_picked":["caster:Charge","caster:JupitelThunder"],"picked":"caster:MeteorStorm","floor":19},{"not_picked":["caster:Sandstorm","caster:FrostDriver"],"picked":"caster:MegaloSpark+1","floor":21},{"not_picked":["caster:MagicWeapon+1","caster:Sandstorm+1"],"picked":"caster:DiablosFlame","floor":24},{"not_picked":["caster:Fireball","caster:DiablosFlame"],"picked":"caster:QuickCast+1","floor":25},{"not_picked":["caster:Elementalize","caster:Unearth"],"picked":"caster:Sultry+1","floor":27},{"not_picked":["caster:Accumulation","caster:Enfeeble"],"picked":"caster:JupitelThunder+1","floor":29},{"not_picked":["caster:PyroclasticTide","caster:LightningBolt"],"picked":"caster:GaiasBlessing","floor":31},{"not_picked":["caster:EchoingVoice","caster:LordOfVermillion"],"picked":"caster:Ramuh","floor":33},{"not_picked":["caster:FrigidBeam+1","caster:MagicResonance+1"],"picked":"caster:Surge+1","floor":35},{"not_picked":["caster:WallOfAsh+1","caster:DiablosFlame"],"picked":"caster:GlacialShield","floor":36},{"not_picked":["caster:WallOfSwords","caster:DiablosFlame+1"],"picked":"caster:Incantation","floor":37}],"player_experience":1740064,"relics_obtained":[{"floor":6,"key":"Ornamental Fan"},{"floor":9,"key":"Akabeko"},{"floor":30,"key":"Guardian:PocketSentry"},{"floor":31,"key":"Blue Candle"}],"event_choices":[{"damage_healed":0,"gold_gain":0,"player_choice":"Entered Light","damage_taken":13,"max_hp_gain":0,"max_hp_loss":0,"event_name":"Shining Light","floor":2,"gold_loss":0,"cards_upgraded":["caster:DivertFocus","caster:strike"]},{"damage_healed":0,"gold_gain":0,"player_choice":"Opened","damage_taken":0,"relics_obtained":["StrikeDummy"],"max_hp_gain":0,"max_hp_loss":0,"event_name":"The Mausoleum","floor":20,"gold_loss":0,"cards_obtained":["Writhe"]},{"damage_healed":0,"gold_gain":0,"player_choice":"Rummage","damage_taken":0,"relics_obtained":["WarpedTongs"],"max_hp_gain":0,"max_hp_loss":0,"event_name":"Accursed Blacksmith","floor":22,"gold_loss":0,"cards_obtained":["Pain"]}],"is_beta":false,"boss_relics":[{"not_picked":["SlaversCollar","Fusion Hammer"],"picked":"Runic Pyramid"},{"not_picked":["Sozu","Snecko Eye"],"picked":"SacredBark"}],"items_purged_floors":[],"is_endless":false,"potions_floor_spawned":[1,7,10,14,16,19,21,25,27,33,35,37],"killed_by":"Spire Growth","ascension_level":0}}