{"host":"5dk97cf2ubw2v967","time":1610197158,"event":{"mods":["AlwaysNeverKeys","BaseMod","Better Altar","Better Vampires","Block Reminder","Colored Powertips","Downfall","Googly Eyes","Highlight Path","Minty Spire (QoL Compilation)","Permanent Neow","Potion Indicator Mod","Quick Restart","Relic Filter","Relic Stats","Say the Spire","Spicy Shops","StSLib","Waifu the Spire","everything is the same but u backflip on backflip"],"gold_per_floor":[99,113,113,129,143,199,199,124,124,153,153,61,61,89,109,184,184,184,184,184,184,184,184,184,184,184,184,184,184],"floor_reached":27,"playtime":1355,"items_purged":[],"score":470,"play_id":"66629b23-defd-4aff-8912-010a273d3bd7","local_time":"20210109125918","is_ascension_mode":true,"campfire_choices":[{"floor":1.0,"key":"RECALL"},{"floor":8.0,"key":"REST"},{"data":"Guardian:PiercingHide","floor":11.0,"key":"SMITH"},{"data":"Guardian:BronzeArmor","floor":13.0,"key":"SMITH"},{"data":"Guardian:CurlUp","floor":18.0,"key":"SMITH"},{"data":"Guardian:AncientConstruct","floor":25,"key":"SMITH"}],"circlet_count":0,"master_deck":["AscendersBane","Guardian:Strike_Guardian","Guardian:Strike_Guardian","Guardian:Strike_Guardian","Guardian:Strike_Guardian","Guardian:Defend_Guardian+1","Guardian:Defend_Guardian+1","Guardian:Defend_Guardian","Guardian:Defend_Guardian","Guardian:CurlUp+1","Guardian:TwinSlam","CurseOfTheBell","Guardian:TimeCapacitor","Guardian:PiercingHide+1","Guardian:BronzeOrb","Guardian:BronzeArmor+1","Guardian:Harden","Guardian:ArmoredProtocol","Guardian:AncientConstruct+1","Guardian:PiercingHide+1","Guardian:Gem_Fragmented","Guardian:Gem_Blue","Guardian:Gem_Red","Guardian:EvasiveProtocol","Writhe","Guardian:ShieldSpikes"],"relics":["Calling Bell","Pantograph","Turnip","War Paint","downfall:ShatteredFragment","Bag of Marbles","Mercury Hourglass","downfall:HeartBlessingRed","Ginger","Gambling Chip","downfall:Hecktoplasm","Guardian:SackOfGems","White Beast Statue","Mummified Hand","Torii","downfall:HeartBlessingBlue","Dead Branch"],"acts_visited":["Exordium","TheCity"],"potions_floor_usage":[],"damage_taken":[{"damage":0.0,"enemies":"2 Louse","floor":2.0,"turns":2.0},{"damage":0.0,"enemies":"Small Slimes","floor":4.0,"turns":3.0},{"damage":1.0,"enemies":"Cultist","floor":5.0,"turns":4.0},{"damage":24.0,"enemies":"3 Sentries","floor":6.0,"turns":9.0},{"damage":28.0,"enemies":"Gremlin Nob","floor":10.0,"turns":4.0},{"damage":2.0,"enemies":"downfall:FleeingMerchant","floor":12.0,"turns":4.0},{"damage":15.0,"enemies":"Lagavulin","floor":14.0,"turns":5.0},{"damage":0.0,"enemies":"3 Louse","floor":15.0,"turns":2.0},{"damage":19.0,"enemies":"downfall:Ironclad","floor":16.0,"turns":9.0},{"damage":0.0,"enemies":"3 Byrds","floor":19.0,"turns":3.0},{"damage":22.0,"enemies":"downfall:Defect","floor":20.0,"turns":9.0},{"damage":1.0,"enemies":"Book of Stabbing","floor":23.0,"turns":5.0},{"damage":0,"enemies":"Cultist and Chosen","floor":27,"turns":2}],"seed_played":"6212052303162185156","potions_obtained":[{"floor":2.0,"key":"champ:CounterPotion"},{"floor":15.0,"key":"Explosive Potion"},{"floor":16.0,"key":"Ancient Potion"},{"floor":23.0,"key":"Weak Potion"}],"is_trial":false,"path_per_floor":["R","M","?","M","M","?","T","R","?","E","R","$","R","E","M","B",null,"R","M","?","?","?","E","T","R","T","M"],"character_chosen":"GUARDIAN","items_purchased":["Guardian:Harden"],"campfire_rested":1,"item_purchase_floors":[12],"current_hp_per_floor":[65,65,41,41,40,16,16,37,72,44,44,42,42,27,27,33,62,62,62,50,50,50,49,49,59,59,59,59,59],"gold":184,"neow_bonus":"BOSS_RELIC","is_daily":false,"chose_seed":false,"campfire_upgraded":4,"win_rate":0.0,"timestamp":1610197158,"path_taken":["R","M","?","M","M","?","T","R","?","E","R","$","R","E","M","BOSS","R","M","?","?","?","E","T","R","?","M"],"items_purchased_type":["Card"],"build_version":"2020-12-22","purchased_purges":0,"victory":false,"max_hp_per_floor":[72,72,72,72,72,72,72,72,72,72,72,72,72,72,72,72,72,72,72,72,72,72,72,72,82,82,82,82,82],"relic_stats":{"Torii":0,"counters":[13,60],"Mummified Hand":[4],"Pantograph":35,"Gambling Chip":[13],"Dead Branch":[11],"Turnip":[1],"Ginger":[0],"War Paint":["Guardian:Defend_Guardian","Guardian:Defend_Guardian"],"obtain_stats":[{"downfall:ShatteredFragment":3,"downfall:HeartBlessingRed":8,"Torii":23,"Dead Branch":26,"Guardian:ModeShifter":0,"Guardian:SackOfGems":20,"Ginger":10,"War Paint":0,"White Beast Statue":20,"Mercury Hourglass":7,"Calling Bell":0,"Mummified Hand":22,"downfall:HeartBlessingBlue":25,"Pantograph":0,"Gambling Chip":14,"Turnip":0,"Bag of Marbles":6,"downfall:Hecktoplasm":17},{"downfall:ShatteredFragment":1,"downfall:HeartBlessingRed":4,"Torii":12,"Dead Branch":12,"Guardian:ModeShifter":0,"Guardian:SackOfGems":11,"Ginger":5,"War Paint":0,"White Beast Statue":11,"Mercury Hourglass":4,"Calling Bell":0,"Mummified Hand":11,"downfall:HeartBlessingBlue":12,"Pantograph":0,"Gambling Chip":7,"Turnip":0,"Bag of Marbles":4,"downfall:Hecktoplasm":9},{"downfall:ShatteredFragment":2,"downfall:HeartBlessingRed":18,"Torii":58,"Dead Branch":58,"Guardian:ModeShifter":0,"Guardian:SackOfGems":53,"Ginger":22,"War Paint":0,"White Beast Statue":53,"Mercury Hourglass":18,"Calling Bell":0,"Mummified Hand":53,"downfall:HeartBlessingBlue":58,"Pantograph":0,"Gambling Chip":31,"Turnip":0,"Bag of Marbles":18,"downfall:Hecktoplasm":41}],"Mercury Hourglass":[98]},"card_choices":[{"not_picked":["Guardian:PrimingBeam","Guardian:TemporalStrike"],"picked":"Guardian:Gem_Cyan","floor":2.0},{"not_picked":["Guardian:Suspension","Guardian:PrimingBeam"],"picked":"Guardian:TimeCapacitor","floor":4.0},{"not_picked":["Guardian:EvasiveProtocol","Guardian:Gem_Lightblue"],"picked":"Guardian:PiercingHide","floor":5.0},{"not_picked":["Guardian:Gem_Yellow","Guardian:Gem_Crimson"],"picked":"Guardian:BronzeOrb","floor":6.0},{"not_picked":["Guardian:ChargeCore","Guardian:Preprogram"],"picked":"Guardian:Gem_Fragmented","floor":10.0},{"not_picked":["Guardian:Incinerate","Guardian:TimeBomb"],"picked":"Guardian:BronzeArmor","floor":12.0},{"not_picked":["Guardian:PrismaticBarrier","Guardian:Emergency"],"picked":"Guardian:ArmoredProtocol","floor":14.0},{"not_picked":["Guardian:ConstructionForm","Guardian:CrystalBeam"],"picked":"Guardian:Gem_White","floor":15.0},{"not_picked":["Guardian:FastForward","Guardian:RevengeProtocol"],"picked":"Guardian:AncientConstruct","floor":16.0},{"not_picked":["Guardian:BronzeOrb","Guardian:ChargeCore"],"picked":"Guardian:PiercingHide+1","floor":19.0},{"not_picked":["Guardian:Gem_Blue","Guardian:ChargeCore"],"picked":"Guardian:EvasiveProtocol","floor":20.0},{"not_picked":["Guardian:VentSteam","Guardian:BronzeOrb"],"picked":"Guardian:ShieldSpikes","floor":23.0}],"player_experience":1158418,"relics_obtained":[{"floor":0.0,"key":"Pantograph"},{"floor":0.0,"key":"Turnip"},{"floor":0.0,"key":"War Paint"},{"floor":6.0,"key":"Bag of Marbles"},{"floor":7.0,"key":"Mercury Hourglass"},{"floor":10.0,"key":"Ginger"},{"floor":14.0,"key":"Gambling Chip"},{"floor":20.0,"key":"Guardian:SackOfGems"},{"floor":20.0,"key":"White Beast Statue"},{"floor":23.0,"key":"Torii"},{"floor":26,"key":"Dead Branch"}],"event_choices":[{"damage_healed":35.0,"max_hp_gain":0.0,"max_hp_loss":0.0,"gold_gain":0.0,"event_name":"Wheel of Change","player_choice":"Full Heal","floor":9.0,"gold_loss":0.0,"damage_taken":0.0},{"damage_healed":0.0,"max_hp_gain":0.0,"max_hp_loss":0.0,"gold_gain":0.0,"event_name":"Vampires","player_choice":"Ignored","floor":21.0,"gold_loss":0.0,"damage_taken":0.0}],"is_beta":false,"boss_relics":[{"not_picked":["Black Star","Ectoplasm"],"picked":"downfall:Hecktoplasm"}],"items_purged_floors":[],"is_endless":false,"potions_floor_spawned":[2,15,16,20,23],"killed_by":"Cultist and Chosen","ascension_level":20}}