{"host":"szhlby826bwwvape","time":1610233696,"event":{"mods":["Act Like it!","BaseMod","Colored Map","Colored Powertips","Downfall","Hallownest","Minty Spire (QoL Compilation)","Rare Cards Sparkle","Replay The Spire","StSLib","The Bug Knight"],"gold_per_floor":[99,118,133,149,149,149,149,179,104,12,12,0,16,35,49,151,151,215,231,251,251,251,266,266,366,366,366,396,396,427,447,447,481,495,592,592,592,605,334,351,449,461,555,492,546,483,534,525,537,144,201,145,145,216,57,57,93],"floor_reached":58,"playtime":12360,"items_purged":["sneckomod:Strike","hexamod:Haunted","Regret"],"score":1547,"play_id":"ecd77b0c-4826-436a-9d01-7070b10a5fda","local_time":"20210110070816","is_ascension_mode":false,"campfire_choices":[{"data":"sneckomod:Unknown","floor":6,"key":"SMITH"},{"data":"sneckomod:TailWhip","floor":9,"key":"SMITH"},{"data":"sneckomod:Nope","floor":11,"key":"SMITH"},{"floor":32,"key":"REST"},{"floor":44,"key":"RECALL"},{"floor":46,"key":"REST"},{"floor":56,"key":"REST"}],"circlet_count":0,"master_deck":["sneckomod:Defend","sneckomod:Defend","sneckomod:Defend","sneckomod:TailWhip+1","sneckomod:SnekBite","sneckomod:Unknown+1","sneckomod:Unknown","sneckomod:Nope+1","sneckomod:SnakeSap","sneckomod:UnknownBlock","sneckomod:SnakeSap","sneckomod:QuickBite","sneckomod:ImprovisedAttack","sneckomod:UnknownEthereal","sneckomod:UnknownUncommonSkill","sneckomod:UnknownExhaust","sneckomod:UnknownRarePower","sneckomod:MorePower","sneckomod:UnknownVulnerable+1","sneckomod:RainOfDice","sneckomod:UnknownWeak+1","sneckomod:TrashToTreasure","sneckomod:UnknownClassSLIMEBOUND+1","sneckomod:DiceBlock","Sickly","sneckomod:Unknown3Cost","sneckomod:UnknownRarePower+1","sneckomod:UnknownCommonSkill+1","sneckomod:UnknownBlock","sneckomod:UnknownEthereal+1","sneckomod:Restock","sneckomod:SoulDraw","sneckomod:UnknownColorless+1","sneckomod:UnknownStrength+1","sneckomod:IronFang+1","ReplayTheSpireMod:Brewmster","sneckomod:UnknownUncommonAttack+1","sneckomod:RainOfDice","sneckomod:UnknownRareSkill+1","sneckomod:ImprovisedGuard","sneckomod:UnknownRareSkill","sneckomod:Unknown1Cost+1","sneckomod:Unknown0Cost+1","sneckomod:UnlimitedRolls","Shame","sneckomod:DiceBlock+1","expansioncontent:DefensiveStance","ReplayTheSpireMod:Splinters","sneckomod:DiceBoulder","sneckomod:UnknownBlock+1","sneckomod:UnknownClassSLIMEBOUND+1","sneckomod:WideSting","sneckomod:WideSting","Writhe"],"relics":["sneckomod:SneckoSoul","Lantern","sneckomod:LoadedDie","downfall:HeartBlessingGreen","Replay:Grab Bag","ReplayTheSpireMod:Onyx Gauntlets","Fusion Hammer","Black Star","Question Card","ReplayTheSpireMod:Shallot","Gremlin Horn","ReplayTheSpireMod:Ring of Collecting","ReplayTheSpireMod:Ring of Addiction","White Beast Statue","Toy Ornithopter","Oddly Smooth Stone","Anchor","Ornamental Fan","Bottled Tornado","Honey Jar","Potion Belt","Ring of Greed","MawBank","Replay:Bandana","Replay:Arrowhead","Ring of Fangs","downfall:HeartBlessingBlue","downfall:HeartBlessingRed","Ancient Tea Set","Replay:Bottled Flurry","Gambling Chip","ReplayTheSpireMod:Ninjato","Torii","sneckomod:ConfusingCodex"],"acts_visited":["Exordium","TheCity","TheBeyond","TheEnding"],"potions_floor_usage":[8,16,28,28,30,30,30,34,34,35,35,37,38,39,45,45,48,48,48,50,51,52,52,52,54,57,57,57,57,57,57,57,57,57,57,57,57,57,57,57],"damage_taken":[{"damage":1,"enemies":"Cultist","floor":2,"turns":4},{"damage":0,"enemies":"Small Slimes","floor":3,"turns":3},{"damage":0,"enemies":"2 Louse","floor":4,"turns":2},{"damage":20,"enemies":"Lagavulin","floor":8,"turns":5},{"damage":4,"enemies":"downfall:FleeingMerchant","floor":10,"turns":4},{"damage":0,"enemies":"downfall:FleeingMerchant","floor":12,"turns":4},{"damage":6,"enemies":"Large Slime","floor":13,"turns":2},{"damage":0,"enemies":"3 Louse","floor":14,"turns":2},{"damage":4,"enemies":"2 Fungi Beasts","floor":15,"turns":3},{"damage":4,"enemies":"downfall:Watcher","floor":16,"turns":6},{"damage":0,"enemies":"Spheric Guardian","floor":19,"turns":3},{"damage":1,"enemies":"Shell Parasite","floor":20,"turns":2},{"damage":0,"enemies":"Snecko","floor":23,"turns":3},{"damage":25,"enemies":"Replay:Snechameleon","floor":28,"turns":5},{"damage":34,"enemies":"Book of Stabbing","floor":30,"turns":5},{"damage":12,"enemies":"Shelled Parasite and Fungi","floor":31,"turns":5},{"damage":17,"enemies":"HollowMod:Nosk","floor":33,"turns":7},{"damage":11,"enemies":"Sentry and Sphere","floor":34,"turns":5},{"damage":8,"enemies":"downfall:Defect","floor":35,"turns":7},{"damage":0,"enemies":"3 Darklings","floor":38,"turns":5},{"damage":0,"enemies":"downfall:FleeingMerchant","floor":39,"turns":4},{"damage":0,"enemies":"3 Shapes","floor":40,"turns":3},{"damage":17,"enemies":"Transient","floor":45,"turns":5},{"damage":4,"enemies":"4 Shapes","floor":47,"turns":5},{"damage":4,"enemies":"R_Hoarder","floor":48,"turns":7},{"damage":0,"enemies":"downfall:FleeingMerchant","floor":50,"turns":1},{"damage":0,"enemies":"Maw","floor":51,"turns":5},{"damage":0,"enemies":"downfall:Ironclad","floor":52,"turns":3},{"damage":0,"enemies":"downfall:CharBossMerchant","floor":54,"turns":5},{"damage":21,"enemies":"downfall:NeowBoss","floor":57,"turns":25}],"seed_played":"8464720987359191922","potions_obtained":[{"floor":1,"key":"BlessingOfTheForge"},{"floor":1,"key":"Death Potion"},{"floor":3,"key":"BlessingOfTheForge"},{"floor":13,"key":"LiquidBronze"},{"floor":14,"key":"champ:CounterPotion"},{"floor":23,"key":"Explosive Potion"},{"floor":28,"key":"EssenceOfSteel"},{"floor":29,"key":"Dexterity Potion"},{"floor":30,"key":"EssenceOfSteel"},{"floor":31,"key":"ColorlessPotion"},{"floor":33,"key":"LiquidMemories"},{"floor":34,"key":"sneckomod:MuddlingPotion"},{"floor":35,"key":"LifebloodPotion"},{"floor":37,"key":"EntropicBrew"},{"floor":37,"key":"Fruit Juice"},{"floor":38,"key":"PowerPotion"},{"floor":39,"key":"EssenceOfSteel"},{"floor":40,"key":"PowerPotion"},{"floor":45,"key":"AttackPotion"},{"floor":47,"key":"Explosive Potion"},{"floor":48,"key":"Energy Potion"},{"floor":50,"key":"Energy Potion"},{"floor":51,"key":"Fire Potion"},{"floor":54,"key":"AttackPotion"}],"is_trial":false,"path_per_floor":["R_BF","M","M","M","?","R","T","E","R","$","R","$","M","M","M","B",null,"R_BF","M","M","?","?","M","T","?","PTL","PTL","E","?","E","M","R","E","M","B",null,"R_BF","M","$","M","?","?","T","R","M","R","M","E","?","$","M","B",null,"E","$","R","B",null],"character_chosen":"THE_SNECKO","items_purchased":["sneckomod:ImprovisedAttack","ReplayTheSpireMod:Brewmster","Gambling Chip","ReplayTheSpireMod:Ninjato","expansioncontent:DefensiveStance","sneckomod:WideSting"],"campfire_rested":3,"item_purchase_floors":[10,39,50,50,50,55],"current_hp_per_floor":[99,98,98,99,99,99,99,79,79,79,79,80,75,76,77,73,104,104,105,105,105,105,105,105,105,105,105,88,88,79,68,100,84,88,91,110,110,116,117,118,118,118,116,126,120,127,124,130,130,130,130,130,130,132,132,132,132],"gold":93,"neow_bonus":"TEN_PERCENT_HP_BONUS","is_daily":false,"chose_seed":false,"campfire_upgraded":3,"win_rate":0.0,"timestamp":1610233696,"path_taken":["R_BF","M","M","M","?","R","T","E","R","$","R","$","M","M","M","BOSS","R_BF","M","M","?","?","M","T","?","PTL","PTL","E","?","E","M","R","E","M","BOSS","R_BF","M","$","M","?","?","T","R","M","R","?","E","?","$","M","BOSS","E","$","R","BOSS"],"items_purchased_type":["Card","Card","Relic","Relic","Card","Card"],"build_version":"2020-12-22","purchased_purges":3,"victory":true,"max_hp_per_floor":[99,99,99,100,100,100,100,100,100,100,100,101,102,103,104,104,104,104,105,106,106,106,106,106,106,106,106,107,107,108,109,109,110,109,110,110,110,116,117,118,118,118,116,126,127,127,128,130,130,130,130,130,130,132,132,132,132],"card_choices":[{"not_picked":["sneckomod:Unknown1Cost","sneckomod:DiceBlock"],"picked":"sneckomod:Nope","floor":2},{"not_picked":["sneckomod:Unknown1Cost","sneckomod:QuickBite"],"picked":"sneckomod:SnakeSap","floor":3},{"not_picked":["sneckomod:UnknownCommonAttack","sneckomod:DiceCrush"],"picked":"sneckomod:UnknownBlock","floor":4},{"not_picked":["sneckomod:DiceBoulder","sneckomod:UnknownClassHEXA_GHOST_PURPLE"],"picked":"sneckomod:SnakeSap","floor":8},{"not_picked":["sneckomod:UnknownBlock","sneckomod:WideSting"],"picked":"sneckomod:QuickBite","floor":10},{"not_picked":["sneckomod:UnknownWeak","sneckomod:UnknownClassTHE_CHAMP_GRAY"],"picked":"sneckomod:UnknownEthereal","floor":12},{"not_picked":["sneckomod:SoulRoll","sneckomod:Unknown1Cost"],"picked":"sneckomod:UnknownUncommonSkill","floor":13},{"not_picked":["sneckomod:UnknownClassTHE_CHAMP_GRAY","sneckomod:SnakeSap"],"picked":"sneckomod:UnknownExhaust","floor":14},{"not_picked":["sneckomod:SoulDraw","sneckomod:UnknownClassHEXA_GHOST_PURPLE"],"picked":"sneckomod:UnknownRarePower","floor":15},{"not_picked":["sneckomod:UnlimitedRolls","sneckomod:DangerNoodle"],"picked":"sneckomod:MorePower","floor":16},{"not_picked":["sneckomod:Unknown1Cost+1","sneckomod:UnknownClassSLIMEBOUND+1"],"picked":"sneckomod:UnknownVulnerable+1","floor":19},{"not_picked":["sneckomod:UnknownBlock","sneckomod:UnknownX"],"picked":"sneckomod:RainOfDice","floor":19},{"not_picked":["sneckomod:UnknownStrike","sneckomod:SoulRoll+1"],"picked":"sneckomod:UnknownWeak+1","floor":20},{"not_picked":["sneckomod:WideSting","sneckomod:DiceBlock"],"picked":"sneckomod:TrashToTreasure","floor":23},{"not_picked":["sneckomod:UnknownClassBLUE+1","sneckomod:UnknownCommonAttack+1","sneckomod:UnknownClassHEXA_GHOST_PURPLE+1"],"picked":"sneckomod:UnknownClassSLIMEBOUND+1","floor":28},{"not_picked":["sneckomod:UnknownWeak","sneckomod:Unknown1Cost+1","sneckomod:SoulRoll"],"picked":"sneckomod:DiceBlock","floor":28},{"not_picked":["sneckomod:UnknownExhaust","sneckomod:QuickBite+1","sneckomod:UnknownX+1"],"picked":"sneckomod:Unknown3Cost","floor":30},{"not_picked":["sneckomod:UnknownWeak+1","sneckomod:UnknownClassHEXA_GHOST_PURPLE+1","sneckomod:UnknownUncommonPower+1"],"picked":"sneckomod:UnknownRarePower+1","floor":31},{"not_picked":["sneckomod:SnakeSap","sneckomod:SoulRoll+1","sneckomod:UnknownCommonAttack","sneckomod:UnknownEthereal"],"picked":"SKIP","floor":31},{"not_picked":["sneckomod:UnknownRarePower+1","sneckomod:UnknownUncommonPower+1","sneckomod:UnknownClassBLUE+1"],"picked":"sneckomod:UnknownCommonSkill+1","floor":33},{"not_picked":["sneckomod:UnknownClassHEXA_GHOST_PURPLE","sneckomod:UnknownClassGUARDIAN","sneckomod:DiceBoulder","sneckomod:UnknownClassBUGKNIGHT_GRAY_COLOR+1"],"picked":"SKIP","floor":33},{"not_picked":["sneckomod:DiceBlock","sneckomod:SoulCleanse","sneckomod:SlitherStrike"],"picked":"sneckomod:UnknownBlock","floor":34},{"not_picked":["sneckomod:UnknownClassGUARDIAN+1","sneckomod:UnknownClassGREEN+1","sneckomod:UnknownUncommonPower+1"],"picked":"sneckomod:UnknownEthereal+1","floor":35},{"not_picked":["sneckomod:MorePower","sneckomod:Unknown3Cost","sneckomod:UnknownRareSkill"],"picked":"sneckomod:Restock","floor":35},{"not_picked":["sneckomod:SnakeSap+1","sneckomod:UnknownClassGUARDIAN+1","sneckomod:CheapStock+1","sneckomod:UnknownStrike"],"picked":"sneckomod:SoulDraw","floor":38},{"not_picked":["sneckomod:UnknownVulnerable+1","sneckomod:UnknownRareSkill+1","sneckomod:UnknownStrength+1","sneckomod:UnknownClassGUARDIAN+1"],"picked":"sneckomod:UnknownColorless+1","floor":38},{"not_picked":["sneckomod:Unknown2Cost+1","sneckomod:UnknownUncommonPower+1","sneckomod:UnknownClassRED+1","sneckomod:UnknownCommonSkill+1"],"picked":"sneckomod:UnknownStrength+1","floor":39},{"not_picked":["sneckomod:UnknownCommonSkill+1","sneckomod:UnknownCommonAttack","sneckomod:UnknownExhaust","sneckomod:DiceBoulder+1"],"picked":"sneckomod:IronFang+1","floor":39},{"not_picked":["sneckomod:Unknown2Cost+1","sneckomod:UnknownClassBUGKNIGHT_GRAY_COLOR+1","sneckomod:UnknownRarePower+1","sneckomod:UnknownVulnerable+1"],"picked":"sneckomod:UnknownUncommonAttack+1","floor":40},{"not_picked":["sneckomod:SnakeSap+1","sneckomod:UnknownUncommonPower","sneckomod:UnknownX","sneckomod:SoulRoll+1"],"picked":"sneckomod:RainOfDice","floor":40},{"not_picked":["sneckomod:UnknownUncommonAttack+1","sneckomod:UnknownClassGREEN+1","sneckomod:UnknownCommonSkill+1","sneckomod:Unknown0Cost+1"],"picked":"sneckomod:UnknownRareSkill+1","floor":45},{"not_picked":["sneckomod:UnknownCommonSkill","sneckomod:WideSting","sneckomod:RainOfDice","sneckomod:UnknownBlock"],"picked":"sneckomod:ImprovisedGuard","floor":45},{"not_picked":["sneckomod:UnknownClassPURPLE","sneckomod:Unknown1Cost+1","sneckomod:UnknownVulnerable+1","sneckomod:ImprovisedGuard"],"picked":"sneckomod:UnknownRareSkill","floor":47},{"not_picked":["sneckomod:Unknown0Cost+1","sneckomod:UnknownCommonAttack+1","sneckomod:Unknown2Cost+1","sneckomod:UnknownUncommonPower+1"],"picked":"sneckomod:Unknown1Cost+1","floor":48},{"not_picked":["sneckomod:SoulRoll","sneckomod:UnknownExhaust","sneckomod:UnknownClassHEXA_GHOST_PURPLE+1","sneckomod:WideSting+1"],"picked":"sneckomod:Unknown0Cost+1","floor":48},{"not_picked":["sneckomod:UnknownUncommonAttack","sneckomod:Mudshield","sneckomod:RainOfDice+1","sneckomod:QuickMove"],"picked":"sneckomod:DiceBlock+1","floor":50},{"not_picked":["sneckomod:DiceCrush","sneckomod:UnknownCommonAttack+1","sneckomod:Unknown1Cost+1","sneckomod:UnknownClassRED"],"picked":"sneckomod:DiceBoulder","floor":51},{"not_picked":["sneckomod:UnknownClassGUARDIAN+1","sneckomod:UnknownClassBUGKNIGHT_GRAY_COLOR+1","sneckomod:UnknownCommonSkill+1","Replay:UnknownCurse"],"picked":"sneckomod:UnknownBlock+1","floor":54},{"not_picked":["sneckomod:SoulRoll","sneckomod:UnknownX+1","sneckomod:UnknownBlock+1","sneckomod:UnknownCommonSkill+1"],"picked":"sneckomod:UnknownClassSLIMEBOUND+1","floor":54}],"player_experience":184182,"relics_obtained":[{"floor":7,"key":"Lantern"},{"floor":8,"key":"sneckomod:LoadedDie"},{"floor":24,"key":"Question Card"},{"floor":28,"key":"ReplayTheSpireMod:Shallot"},{"floor":28,"key":"Gremlin Horn"},{"floor":29,"key":"ReplayTheSpireMod:Ring of Collecting"},{"floor":29,"key":"ReplayTheSpireMod:Ring of Addiction"},{"floor":29,"key":"White Beast Statue"},{"floor":29,"key":"Toy Ornithopter"},{"floor":30,"key":"Oddly Smooth Stone"},{"floor":30,"key":"Anchor"},{"floor":33,"key":"Ornamental Fan"},{"floor":33,"key":"Bottled Tornado"},{"floor":41,"key":"Potion Belt"},{"floor":41,"key":"Ring of Greed"},{"floor":41,"key":"MawBank"},{"floor":41,"key":"Replay:Bandana"},{"floor":42,"key":"Replay:Arrowhead"},{"floor":43,"key":"Ring of Fangs"},{"floor":48,"key":"Ancient Tea Set"},{"floor":48,"key":"Replay:Bottled Flurry"},{"floor":54,"key":"Torii"},{"floor":54,"key":"sneckomod:ConfusingCodex"}],"event_choices":[{"damage_healed":0,"gold_gain":0,"player_choice":"Ignored","damage_taken":0,"max_hp_gain":0,"max_hp_loss":0,"event_name":"Vampires","floor":21,"gold_loss":0},{"damage_healed":0,"gold_gain":0,"player_choice":"Relic","damage_taken":0,"max_hp_gain":0,"max_hp_loss":0,"event_name":"Wheel of Change","floor":42,"gold_loss":0}],"is_beta":false,"boss_relics":[{"not_picked":["Kintsugi","ChewingGum"],"picked":"Replay:Grab Bag"},{"not_picked":["Painkiller Herb","ReplayTheSpireMod:DimensionalGlitch"],"picked":"ReplayTheSpireMod:Onyx Gauntlets"},{"not_picked":["Cursed Key","Sozu"],"picked":"Fusion Hammer"},{"not_picked":["Calling Bell","Empty Cage"],"picked":"Black Star"},{"not_picked":["Replay:Ancient Bell","Tiny House"],"picked":"Honey Jar"}],"items_purged_floors":[39,50,55],"is_endless":false,"potions_floor_spawned":[3,13,14,15,23,28,30,31,33,34,35,38,39,40,45,47,48,50,51,54],"ascension_level":0}}