{"host":"3498uni0c31c9bdm","time":1610198152,"event":{"mods":["BaseMod","Better Third Choice","Minty Spire (QoL Compilation)","Replay The Spire","StSLib"],"gold_per_floor":[114,132,132,151,151,187,187,222,222,243,243,267,267,53,53,181,181,196,196,212,237,237,237],"floor_reached":22,"playtime":1147,"items_purged":[],"score":274,"play_id":"32158c1b-6a5f-4c11-9885-d315549fcb5c","local_time":"20210110001552","is_ascension_mode":true,"campfire_choices":[{"floor":7,"key":"REST"},{"floor":13,"key":"REST"},{"floor":15,"key":"REST"}],"circlet_count":0,"master_deck":["Strike_R","Strike_R","Strike_R","Strike_R","Strike_R","Defend_R","Defend_R","Defend_R","Defend_R","Bash","True Grit+1","Rampage","Injury","Clothesline","Limit Break","Seeing Red","Disarm","Self Repair+1","Sentinel","Pain","Scorching Beam","Immolate","ReplayTheSpireMod:Strike From Hell+1","Shrug It Off","Inflame"],"relics":["NeowsBlessing","Golden Idol","StoneCalendar","InkBottle","White Beast Statue","Iron Core","ReplayTheSpireMod:CursedCoin","FossilizedHelix","Replay:Grab Bag","Coffee Dripper","Painkiller Herb","Ring of Chaos"],"acts_visited":["Exordium","TheCity"],"potions_floor_usage":[8,16,16,21,21,21],"damage_taken":[{"damage":0,"enemies":"Jaw Worm","floor":1,"turns":1},{"damage":0,"enemies":"Small Slimes","floor":2,"turns":1},{"damage":0,"enemies":"2 Louse","floor":4,"turns":1},{"damage":48,"enemies":"Lagavulin","floor":6,"turns":8},{"damage":38,"enemies":"3 Sentries","floor":8,"turns":7},{"damage":4,"enemies":"Looter","floor":10,"turns":4},{"damage":22,"enemies":"Large Slime","floor":12,"turns":7},{"damage":22,"enemies":"Fading Forest","floor":16,"turns":11},{"damage":59,"enemies":"Spheric Guardian","floor":18,"turns":7},{"damage":31,"enemies":"Shell Parasite","floor":20,"turns":6},{"damage":28,"enemies":"Chosen and Byrds","floor":21,"turns":7},{"damage":18,"enemies":"Cultist and Chosen","floor":22,"turns":3}],"seed_played":"-7275087981649016365","potions_obtained":[{"floor":1,"key":"PowerPotion"},{"floor":10,"key":"Block Potion"},{"floor":12,"key":"Explosive Potion"},{"floor":16,"key":"Swift Potion"},{"floor":18,"key":"SteroidPotion"},{"floor":20,"key":"Block Potion"},{"floor":21,"key":"BlessingOfTheForge"}],"is_trial":false,"path_per_floor":["M","M","?","M","?","E","R","E","T","M","?","M","R","$","R","B",null,"?","?","?","?","?"],"character_chosen":"IRONCLAD","items_purchased":["ReplayTheSpireMod:CursedCoin","Scorching Beam","FossilizedHelix"],"campfire_rested":3,"item_purchase_floors":[14,14,14],"current_hp_per_floor":[78,80,80,80,80,38,62,30,30,32,32,20,44,44,68,64,76,27,53,32,14,0,0],"gold":237,"neow_bonus":"THREE_ENEMY_KILL","is_daily":false,"chose_seed":false,"campfire_upgraded":0,"win_rate":0.0,"timestamp":1610198152,"path_taken":["M","M","?","M","?","E","R","E","T","M","?","M","R","?","R","BOSS","?","?","?","?","?"],"items_purchased_type":["Relic","Card","Relic"],"build_version":"2020-12-22","purchased_purges":0,"victory":false,"max_hp_per_floor":[80,80,80,80,80,80,80,80,80,80,80,80,80,80,80,80,80,80,80,80,80,80,80],"card_choices":[{"not_picked":["Feel No Pain","Ghostly Armor"],"picked":"True Grit","floor":1},{"not_picked":["ReplayTheSpireMod:Strike From Hell","Dropkick"],"picked":"Rampage","floor":2},{"not_picked":["Wild Strike","Battle Trance"],"picked":"Clothesline","floor":4},{"not_picked":["ReplayReversal","Run Through"],"picked":"Limit Break","floor":6},{"not_picked":["Defy Death","Body Slam"],"picked":"Seeing Red","floor":8},{"not_picked":["True Grit","Heavy Blade"],"picked":"Disarm","floor":10},{"not_picked":["Body Slam","Pommel Strike"],"picked":"Sentinel","floor":12},{"not_picked":["Replay:Many Hands","Brutality"],"picked":"Immolate","floor":16},{"not_picked":["Run Through","Blood for Blood"],"picked":"ReplayTheSpireMod:Strike From Hell+1","floor":18},{"not_picked":["Anger","Body Slam"],"picked":"Shrug It Off","floor":20},{"not_picked":["Disarm","Shrug It Off"],"picked":"Inflame","floor":21}],"player_experience":672575,"relics_obtained":[{"floor":6,"key":"StoneCalendar"},{"floor":8,"key":"InkBottle"},{"floor":9,"key":"White Beast Statue"}],"event_choices":[{"damage_healed":0,"gold_gain":0,"player_choice":"Take Wound","damage_taken":0,"relics_obtained":["Golden Idol"],"max_hp_gain":0,"max_hp_loss":0,"event_name":"Golden Idol","floor":3,"gold_loss":0,"cards_obtained":["Injury"]},{"damage_healed":0,"gold_gain":0,"player_choice":"Grow","damage_taken":0,"max_hp_gain":0,"max_hp_loss":0,"event_name":"Living Wall","floor":5,"gold_loss":0,"cards_upgraded":["True Grit"]},{"damage_healed":26,"gold_gain":0,"player_choice":"Heal","damage_taken":0,"max_hp_gain":0,"max_hp_loss":0,"event_name":"The Library","floor":19,"gold_loss":0}],"is_beta":false,"boss_relics":[{"not_picked":["Runic Cube","Pandora\u0027s Box"],"picked":"Replay:Grab Bag"},{"not_picked":["Runic Dome","Velvet Choker"],"picked":"Coffee Dripper"},{"not_picked":["Sozu","Fusion Hammer"],"picked":"Painkiller Herb"},{"not_picked":["Replay:Drink Me","Snecko Eye"],"picked":"Ring of Chaos"}],"items_purged_floors":[],"is_endless":false,"potions_floor_spawned":[1,10,12,16,18,20,21],"killed_by":"Cultist and Chosen","ascension_level":8}}