{"host":"kv06jx36eid0zw4n","time":1610236459,"event":{"mods":["AchievementEnabler","Act Like it!","Aspiration","BaseMod","Beaked The Cultist","Better Note","Better Skull","Better Third Choice","BetterRewards","Block Reminder","CCEM","Colored Map","Conspire","Curses Come First","Dota2Spire","Elementarium","Energized Spire","Friendly Minions","Gensokyo","GifTheSpireLib","Glutton Mod","GungeonMod","Halation","Hallownest","Hermit","Hubris","Infinite Spire","Key Reminder","KomeijiMod","Lobotomy","LobotomyExtend","Menagerie","Mimic Mod","Minty Spire (QoL Compilation)","MostiFishMod","Pale of the Ancients","Quarter Circle Forward PUNCH!","Rare Cards Sparkle","Replay The Spire","RumiaBox-????????","Small Relic Pack","Spicy Shops","StSLib","Stuff the Spire","The Blue Laboratory","The Cursed","The Factory","Trackpad","Uncapped","Wandering Minibosses","[IsaacMod]????","vexMod"],"gold_per_floor":[119,133,133,133,147,180,230,325,325,359,359,394,394,26,26,137,137,228,246,246,274,274,316,316,316,361,361,384,384,384,414,414,523,623,652,152,163,163],"floor_reached":37,"playtime":2707,"items_purged":["ReplayTheSpireMod:Restless Dread","Voices"],"score":1038,"play_id":"ff493b9d-540c-4899-948c-f30a3692e2e4","local_time":"20210110005419","is_ascension_mode":true,"campfire_choices":[{"floor":13.0,"key":"RECALL"},{"data":"beaked:AwakenedForm","floor":15.0,"key":"SMITH"},{"data":"beaked:AwakenedForm","floor":24.0,"key":"SMITH"},{"data":"beaked:Insight","floor":27.0,"key":"SMITH"},{"data":"infinitespire:UltimateForm","floor":30.0,"key":"SMITH"},{"data":"beaked:BloodRitual","floor":32.0,"key":"SMITH"}],"circlet_count":0,"master_deck":["AscendersBane","beaked:Strike_Y","beaked:Strike_Y","beaked:Strike_Y","beaked:Defend_Y","beaked:Defend_Y","beaked:Defend_Y","beaked:Defend_Y","beaked:Ceremony","beaked:Ceremony","beaked:Ceremony","beaked:MaddeningMurmurs","beaked:CursingBlood","Hallownest:curseDreamersLament","beaked:BloodRitual","beaked:AwakenedForm+1","Amnesia","beaked:BloodRitual+1","beaked:Insight","beaked:MachineSpirit","beaked:MachineSpirit","Lonely","beaked:AwakenedForm+1","Elementarium:StickyTar","wanderingMiniBosses:FinaleOfPromise","beaked:WarriorSpirit","ReplayTheSpireMod:Wings of Steel","infinitespire:Pacifist","beaked:DigDeep","beaked:WarriorEssence","beaked:Insight+1","beaked:CrazyRituals","infinitespire:UltimateForm+1","beaked:WarriorEssence","beaked:MachineEssence","beaked:Struggle+1","beaked:BraceForImpact+1","beaked:MimicMachine+1","hubris:Compulsion","beaked:Insight+1","Sadistic Nature","beaked:Windmill","beaked:Windmill","beaked:Resilience","beaked:WindBringer","Injury"],"relics":["beaked:MendingPlumage","DaveBox","HushsDoor","Transparent","DeadEye","SynthV:TestCard","LetterFromLob","Hallownest:TeacherSealRelic","Dota2Spire:UrnOfShadows","Ring of Misfortune","Ring of Greed","halation:IllGainedPizza","hubris:MobiusCoin","Eternal Feather","DemoMod:GnawedKey","StuffTheSpire:GrapeVine","beaked:SacrificeDoll","wanderingMiniBosses:Blackblade","relicPack:DSword","Regal Pillow","StuffTheSpire:CocoNut","aspiration:RitualDagger","Snack Pack","Elementarium:ElementariumTrophy","Astrolabe","ClockworkSouvenir"],"acts_visited":["Hallownest:Greenpath","Elementarium:Elementarium","Gensokyo:Gensokyoest"],"potions_floor_usage":[37],"damage_taken":[{"damage":10.0,"enemies":"Hallownest:monsterHuskWarrior","floor":1.0,"turns":2.0},{"damage":15.0,"enemies":"Hallownest:2_Baldur","floor":2.0,"turns":3.0},{"damage":25.0,"enemies":"Hallownest:2_MossCreeps","floor":5.0,"turns":4.0},{"damage":57.0,"enemies":"Hallownest:eliteMossKnight","floor":6.0,"turns":4.0},{"damage":35.0,"enemies":"Hallownest:eliteCrystalGuardian","floor":8.0,"turns":4.0},{"damage":51.0,"enemies":"Hallownest:MossCreep_and_Mosskin","floor":10.0,"turns":4.0},{"damage":43.0,"enemies":"Hallownest:2_Tiktiks_1_Baldur_1_Crawlid","floor":12.0,"turns":4.0},{"damage":86.0,"enemies":"Hallownest:BossHornet","floor":16.0,"turns":6.0},{"damage":95.0,"enemies":"Elementarium:MUD_AND_TAR_GOLEMS","floor":18.0,"turns":7.0},{"damage":21.0,"enemies":"Elementarium:VoidCorruption","floor":19.0,"turns":3.0},{"damage":14.0,"enemies":"Elementarium:RubyGolem","floor":21.0,"turns":3.0},{"damage":66.0,"enemies":"Elementarium:WarGolem","floor":23.0,"turns":4.0},{"damage":37.0,"enemies":"Elementarium:3_ELEMENTALS","floor":26.0,"turns":4.0},{"damage":37.0,"enemies":"Elementarium:3_ELEMENTALS","floor":28.0,"turns":3.0},{"damage":25.0,"enemies":"Elementarium:CYCLONE_AND_ORB_OF_FIRE","floor":31.0,"turns":3.0},{"damage":77.0,"enemies":"Elementarium:PHOENIXES","floor":33.0,"turns":6.0},{"damage":79.0,"enemies":"Gensokyo:3_Bats","floor":35.0,"turns":5.0},{"damage":41,"enemies":"Gensokyo:3_Boulders","floor":37,"turns":2}],"seed_played":"5341222683223973283","potions_obtained":[{"floor":1.0,"key":"blueLaboratory:PhilterOfMotion"},{"floor":5.0,"key":"blueLaboratory:BottleOfVodka"},{"floor":6.0,"key":"AttackPotion"},{"floor":10.0,"key":"FearPotion"},{"floor":16.0,"key":"FearPotion"},{"floor":23.0,"key":"Dota2Spire:Clarity"},{"floor":28.0,"key":"Dexterity Potion"},{"floor":33.0,"key":"blueLaboratory:PyrophylliteBrew"}],"is_trial":false,"path_per_floor":["M","M","?","?","M","E","?","E","T","M","E","M","R","$","R","B",null,"M","M","?","M","?","E","R","?","MIM","R","M","AVR","R","M","R","B",null,"M","$","M"],"character_chosen":"BEAKED_THE_CULTIST","items_purchased":["DemoMod:GnawedKey","StuffTheSpire:GrapeVine","beaked:MachineSpirit","Sadistic Nature","ClockworkSouvenir","beaked:Windmill","beaked:Resilience","beaked:WindBringer"],"campfire_rested":0,"item_purchase_floors":[14,14,14,36,36,36,36,36],"current_hp_per_floor":[53,53,53,53,53,53,53,53,53,53,53,53,53,53,53,53,53,53,53,18,53,40,58,58,64,71,71,71,71,71,71,71,71,71,71,71,45,45],"gold":163,"neow_bonus":"TWENTY_PERCENT_HP_BONUS","is_daily":false,"chose_seed":false,"campfire_upgraded":5,"win_rate":0.0,"timestamp":1610236459,"path_taken":["M","M","?","?","M","E","?","E","T","M","E","M","R","$","R","BOSS","M","M","?","M","?","E","R","?","MIM","R","M","AVR","R","M","R","BOSS","M","$","M"],"items_purchased_type":["Relic","Relic","Card","Card","Relic","Card","Card","Card"],"build_version":"2020-12-22","purchased_purges":2,"victory":false,"max_hp_per_floor":[53,53,53,53,53,53,53,53,53,53,53,53,53,53,53,53,53,53,53,53,53,58,58,58,64,71,71,71,71,71,71,71,71,71,71,71,71,71],"card_choices":[{"not_picked":["beaked:TuckingFeathers","beaked:Evade"],"picked":"beaked:MaddeningMurmurs","floor":1.0},{"not_picked":["beaked:Evade","beaked:TuckingFeathers","beaked:HuntressEssence","beaked:Windmill"],"picked":"beaked:CursingBlood","floor":2.0},{"not_picked":["beaked:VolatileMisfortune","beaked:Windmill","beaked:MimicHuntress","beaked:SurvivalInstinct"],"picked":"beaked:BloodRitual","floor":5.0},{"not_picked":["beaked:MachineSpirit","beaked:Tradeoff","beaked:Molting","beaked:Foresight"],"picked":"beaked:AwakenedForm","floor":6.0},{"not_picked":["beaked:Resilience","beaked:Cower","beaked:StunningBlow","beaked:Daydream"],"picked":"beaked:BloodRitual","floor":8.0},{"not_picked":["beaked:WindBringer","beaked:Tweet","beaked:MimicMachine","beaked:Replenish"],"picked":"beaked:Insight","floor":10.0},{"not_picked":["beaked:Poke","beaked:Windmill","beaked:Brace","beaked:WarriorEssence"],"picked":"beaked:MachineSpirit","floor":12.0},{"not_picked":["beaked:Caw","beaked:DarkTribute","beaked:WildInstinct","beaked:Sacrifice"],"picked":"beaked:AwakenedForm","floor":16.0},{"not_picked":[],"picked":"wanderingMiniBosses:FinaleOfPromise","floor":18.0},{"not_picked":["beaked:MaddeningMurmurs","beaked:Windmill","beaked:WindBringer","beaked:Tradeoff+1"],"picked":"beaked:WarriorSpirit","floor":18.0},{"not_picked":["beaked:WarriorSpirit","beaked:MimicMachine","beaked:Poke","beaked:Windmill"],"picked":"ReplayTheSpireMod:Wings of Steel","floor":19.0},{"not_picked":["beaked:Redirect","beaked:SurvivalInstinct+1","beaked:CursingBlood","beaked:FeelMyPain"],"picked":"beaked:DigDeep","floor":21.0},{"not_picked":["beaked:Windmill","beaked:Resilience","beaked:BloodForTheGods","beaked:Replenish"],"picked":"beaked:WarriorEssence","floor":23.0},{"not_picked":["beaked:Redirect","beaked:Tradeoff","beaked:BarbedWire","beaked:FeelMyPain"],"picked":"beaked:Insight","floor":26.0},{"not_picked":["beaked:Insight+1","beaked:Cower","beaked:Overpower","beaked:DigDeep"],"picked":"beaked:CrazyRituals","floor":28.0},{"not_picked":["beaked:BraceForImpact","beaked:Poke","beaked:Foresight","beaked:SurvivalInstinct"],"picked":"beaked:WarriorEssence","floor":31.0},{"not_picked":["beaked:Sacrifice","beaked:AwakenedForm","beaked:ShadowFade","beaked:VolatileMisfortune"],"picked":"beaked:MachineEssence","floor":33.0},{"not_picked":["beaked:Resilience","beaked:DigDeep","beaked:BounceBack","beaked:SacrificialDive"],"picked":"beaked:Insight+1","floor":35.0}],"player_experience":1647701,"relics_obtained":[{"floor":1.0,"key":"SynthV:TestCard"},{"floor":1.0,"key":"LetterFromLob"},{"floor":6.0,"key":"Dota2Spire:UrnOfShadows"},{"floor":7.0,"key":"Ring of Misfortune"},{"floor":7.0,"key":"Ring of Greed"},{"floor":7.0,"key":"halation:IllGainedPizza"},{"floor":7.0,"key":"hubris:MobiusCoin"},{"floor":8.0,"key":"Eternal Feather"},{"floor":18.0,"key":"wanderingMiniBosses:Blackblade"},{"floor":23.0,"key":"Regal Pillow"},{"floor":26.0,"key":"StuffTheSpire:CocoNut"}],"event_choices":[{"damage_healed":0.0,"max_hp_gain":5.0,"max_hp_loss":0.0,"gold_gain":0.0,"event_name":"Elementarium:RadiantAltar","player_choice":"Sacrifice","floor":22.0,"gold_loss":0.0,"damage_taken":18.0},{"damage_healed":0.0,"max_hp_gain":6.0,"max_hp_loss":0.0,"gold_gain":0.0,"event_name":"Elementarium:SculptureGarden","player_choice":"Graft","floor":25.0,"gold_loss":0.0,"damage_taken":0.0}],"is_beta":false,"boss_relics":[{"not_picked":["RhineFirstAidKit","trackpad:Trackpad"],"picked":"beaked:SacrificeDoll"},{"not_picked":[]},{"not_picked":["Philosopher\u0027s Stone","GuanYuAspect"],"picked":"Astrolabe"},{"not_picked":[]}],"items_purged_floors":[29,36],"is_endless":false,"potions_floor_spawned":[1,5,6,10,16,23,28,33],"killed_by":"Gensokyo:3_Boulders","ascension_level":18}}