{"host":"uxq2rly8rxtwffuf","time":1610196927,"event":{"mods":["BaseMod","Koishi","Minty Spire (QoL Compilation)","StSLib","The Judge","The Servant 0.9.4"],"gold_per_floor":[126,138,165,193,216,254,266,301,313,325,337,360,402,414,426,541,553,584,596,708,67,82,115,133,133,133,33,33,33,33],"floor_reached":29,"playtime":975,"items_purged":["Strike_G","Defend_G"],"score":402,"play_id":"c44b8a84-52ae-48d5-921e-2e9ac274fd0e","local_time":"20210109155527","is_ascension_mode":true,"campfire_choices":[{"floor":7,"key":"REST"},{"floor":10,"key":"REST"},{"floor":15,"key":"REST"},{"floor":25,"key":"REST"}],"circlet_count":0,"master_deck":["AscendersBane","Strike_G+1","Strike_G","Strike_G","Strike_G","Defend_G","Defend_G","Defend_G","Defend_G","Survivor","Neutralize","Noxious Fumes+1","Caltrops","Leg Sweep","Cloak And Dagger","Crippling Poison","Blade Dance","A Thousand Cuts","After Image","Flechettes+1","Panache","Cloak And Dagger","Adrenaline","Crippling Poison"],"relics":["Ring of the Snake","MawBank","PreservedInsect","Odd Mushroom","Snake Skull","Shuriken","Sozu","Sundial","Boot","Ornamental Fan","Bag of Preparation"],"acts_visited":["Exordium","TheCity"],"potions_floor_usage":[5,6],"damage_taken":[{"damage":5,"enemies":"Cultist","floor":1,"turns":6},{"damage":0,"enemies":"Small Slimes","floor":3,"turns":4},{"damage":0,"enemies":"2 Louse","floor":4,"turns":4},{"damage":15,"enemies":"Lots of Slimes","floor":5,"turns":5},{"damage":17,"enemies":"Lagavulin","floor":6,"turns":7},{"damage":7,"enemies":"The Mushroom Lair","floor":8,"turns":5},{"damage":6,"enemies":"Blue Slaver","floor":12,"turns":4},{"damage":27,"enemies":"Gremlin Nob","floor":13,"turns":4},{"damage":5,"enemies":"The Guardian","floor":16,"turns":9},{"damage":0,"enemies":"3 Byrds","floor":18,"turns":4},{"damage":18,"enemies":"Chosen","floor":22,"turns":6},{"damage":27,"enemies":"Slavers","floor":23,"turns":5},{"damage":6,"enemies":"Centurion and Healer","floor":24,"turns":5},{"damage":18,"enemies":"Snake Plant","floor":29,"turns":2}],"seed_played":"-5771928048829375294","potions_obtained":[{"floor":1,"key":"SpeedPotion"},{"floor":5,"key":"AttackPotion"},{"floor":13,"key":"BlessingOfTheForge"},{"floor":16,"key":"Explosive Potion"}],"is_trial":false,"path_per_floor":["M","?","M","M","M","E","R","?","T","R","$","M","E","?","R","B",null,"M","?","?","$","M","E","M","R","T","$","?","M"],"character_chosen":"THE_SILENT","items_purchased":["Panache","Sundial","Boot"],"campfire_rested":4,"item_purchase_floors":[21,21,21],"current_hp_per_floor":[58,44,44,44,29,12,33,26,26,47,47,41,14,14,35,30,60,60,60,60,60,42,15,9,30,30,30,17,0,0],"gold":33,"neow_bonus":"RANDOM_COMMON_RELIC","is_daily":false,"chose_seed":false,"campfire_upgraded":0,"win_rate":0.0,"timestamp":1610196927,"path_taken":["M","?","M","M","M","E","R","?","T","R","$","M","E","?","R","BOSS","M","?","?","$","?","E","M","R","T","$","?","M"],"items_purchased_type":["Card","Relic","Relic"],"build_version":"2020-12-22","purchased_purges":2,"victory":false,"max_hp_per_floor":[70,70,70,70,70,70,70,70,70,70,70,70,70,70,70,70,70,70,70,70,70,70,70,70,70,70,70,75,75,75],"card_choices":[{"not_picked":["Choke","Poisoned Stab"],"picked":"Noxious Fumes","floor":1},{"not_picked":["Prepared","Sucker Punch"],"picked":"Caltrops","floor":3},{"not_picked":["Escape Plan","Dodge and Roll"],"picked":"Leg Sweep","floor":4},{"not_picked":["Sucker Punch","Terror"],"picked":"Cloak And Dagger","floor":5},{"not_picked":["Deflect","Bouncing Flask"],"picked":"Crippling Poison","floor":6},{"not_picked":["Outmaneuver","Flying Knee"],"picked":"Blade Dance","floor":8},{"not_picked":["Riddle With Holes","Flechettes","Backflip"],"picked":"SKIP","floor":12},{"not_picked":["All Out Attack","Skewer"],"picked":"A Thousand Cuts","floor":13},{"not_picked":["Unload","Grand Finale"],"picked":"After Image","floor":16},{"not_picked":["Tactician","Dagger Throw"],"picked":"Flechettes+1","floor":18},{"not_picked":["Dagger Spray","Reflex"],"picked":"Cloak And Dagger","floor":22},{"not_picked":["Quick Slash","Well Laid Plans"],"picked":"Adrenaline","floor":23},{"not_picked":["Masterful Stab","Prepared"],"picked":"Crippling Poison","floor":24}],"player_experience":1389450,"relics_obtained":[{"floor":6,"key":"PreservedInsect"},{"floor":8,"key":"Odd Mushroom"},{"floor":9,"key":"Snake Skull"},{"floor":13,"key":"Shuriken"},{"floor":23,"key":"Ornamental Fan"},{"floor":26,"key":"Bag of Preparation"}],"event_choices":[{"damage_healed":0,"gold_gain":0,"player_choice":"Entered Light","damage_taken":14,"max_hp_gain":0,"max_hp_loss":0,"event_name":"Shining Light","floor":2,"gold_loss":0,"cards_upgraded":["Noxious Fumes","Strike_G"]},{"damage_healed":0,"gold_gain":0,"player_choice":"Fought Mushrooms","damage_taken":0,"max_hp_gain":0,"max_hp_loss":0,"event_name":"Mushrooms","floor":8,"gold_loss":0},{"damage_healed":0,"gold_gain":0,"player_choice":"Ignored","damage_taken":0,"max_hp_gain":0,"max_hp_loss":0,"event_name":"Liars Game","floor":14,"gold_loss":0},{"damage_healed":0,"gold_gain":0,"player_choice":"Ignored","damage_taken":0,"max_hp_gain":0,"max_hp_loss":0,"event_name":"Vampires","floor":19,"gold_loss":0},{"damage_healed":0,"gold_gain":100,"player_choice":"Pray","damage_taken":0,"max_hp_gain":0,"max_hp_loss":0,"event_name":"Golden Shrine","floor":20,"gold_loss":0},{"damage_healed":0,"gold_gain":0,"player_choice":"Shed Blood","damage_taken":18,"max_hp_gain":5,"max_hp_loss":0,"event_name":"Forgotten Altar","floor":28,"gold_loss":0}],"is_beta":false,"boss_relics":[{"not_picked":["Velvet Choker","Runic Dome"],"picked":"Sozu"}],"items_purged_floors":[21,27],"is_endless":false,"potions_floor_spawned":[1,5,13,16,22],"killed_by":"Snake Plant","ascension_level":12}}