{"host":"ymknu7vcxiutstwp","time":1610229770,"event":{"mods":["AchievementEnabler","BaseMod","Colored Powertips","Highlight Path","Minty Spire (QoL Compilation)","Relic Stats","StSLib"],"gold_per_floor":[115,6,25,38,53,83,101,101,101,136,136,136,169,169,169,288,288,304,219,219,144,144,144,174,192,241,268,268,368,384,412,412,512,512,530,548,548,568,6,6,39,39,39,39,55,85,85,99,99,99],"floor_reached":51,"playtime":7452,"items_purged":["Injury","Strike_G"],"score":1197,"play_id":"2d8969ba-33e6-40d5-9c4b-f1ade11b182c","local_time":"20210109220250","is_ascension_mode":true,"campfire_choices":[{"data":"Storm of Steel","floor":8.0,"key":"SMITH"},{"data":"Footwork","floor":11.0,"key":"SMITH"},{"floor":15.0,"key":"REST"},{"floor":23.0,"key":"REST"},{"data":"Accuracy","floor":28,"key":"SMITH"},{"data":"A Thousand Cuts","floor":32,"key":"SMITH"},{"data":"Trip","floor":40,"key":"SMITH"},{"data":"Blade Dance","floor":42,"key":"SMITH"},{"data":"Cloak And Dagger","floor":44,"key":"SMITH"},{"floor":49,"key":"REST"}],"circlet_count":0,"master_deck":["AscendersBane","Strike_G","Defend_G","Defend_G","Defend_G","Defend_G","Defend_G","Survivor","Neutralize","Storm of Steel+1","Backflip","Footwork+1","Dash","Sucker Punch","Sucker Punch","Cloak And Dagger+1","Heel Hook","Finisher","Escape Plan","Leg Sweep","Backflip","A Thousand Cuts+1","Accuracy+1","Prepared+1","Expertise+1","Escape Plan","Acrobatics+1","Bullet Time","PiercingWail+1","Malaise","Backstab","Trip+1","Blade Dance+1","Prepared+1","Tools of the Trade","Dark Shackles"],"relics":["Ring of the Snake","Vajra","Mummified Hand","Bag of Preparation","Bloody Idol","Gambling Chip","WristBlade","Nunchaku","Meat on the Bone","Bronze Scales","Torii","Ice Cream","Blue Candle","MealTicket","Empty Cage","Calipers","Ancient Tea Set","Question Card","Letter Opener"],"acts_visited":["Exordium","TheCity","TheBeyond"],"potions_floor_usage":[33,33,50,50],"damage_taken":[{"damage":0.0,"enemies":"Small Slimes","floor":1.0,"turns":3.0},{"damage":0.0,"enemies":"Jaw Worm","floor":3.0,"turns":4.0},{"damage":0.0,"enemies":"Cultist","floor":4.0,"turns":4.0},{"damage":1.0,"enemies":"Blue Slaver","floor":5.0,"turns":4.0},{"damage":12.0,"enemies":"Gremlin Nob","floor":6.0,"turns":4.0},{"damage":0.0,"enemies":"Exordium Wildlife","floor":7.0,"turns":4.0},{"damage":4.0,"enemies":"Lagavulin","floor":10.0,"turns":9.0},{"damage":11.0,"enemies":"3 Sentries","floor":13.0,"turns":7.0},{"damage":55.0,"enemies":"Slime Boss","floor":16.0,"turns":18.0},{"damage":6.0,"enemies":"2 Thieves","floor":18.0,"turns":2.0},{"damage":8.0,"enemies":"Book of Stabbing","floor":24.0,"turns":4.0},{"damage":0.0,"enemies":"Spheric Guardian","floor":25.0,"turns":3.0},{"damage":13,"enemies":"Gremlin Leader","floor":27,"turns":2},{"damage":0,"enemies":"Colosseum Slavers","floor":29,"turns":2},{"damage":7,"enemies":"Colosseum Nobs","floor":29,"turns":5},{"damage":0,"enemies":"Snecko","floor":30,"turns":2},{"damage":1,"enemies":"Slavers","floor":31,"turns":2},{"damage":13,"enemies":"Champ","floor":33,"turns":7},{"damage":1,"enemies":"Orb Walker","floor":35,"turns":1},{"damage":8,"enemies":"3 Darklings","floor":36,"turns":5},{"damage":0,"enemies":"Jaw Worm Horde","floor":38,"turns":4},{"damage":11,"enemies":"Giant Head","floor":41,"turns":7},{"damage":1,"enemies":"Maw","floor":45,"turns":3},{"damage":15,"enemies":"Nemesis","floor":46,"turns":3},{"damage":0,"enemies":"3 Darklings","floor":48,"turns":2},{"damage":49,"enemies":"Awakened One","floor":50,"turns":8}],"seed_played":"-4260218339800565650","potions_obtained":[{"floor":3.0,"key":"PowerPotion"},{"floor":4.0,"key":"Poison Potion"},{"floor":5.0,"key":"Regen Potion"},{"floor":7.0,"key":"LiquidBronze"},{"floor":16.0,"key":"CultistPotion"},{"floor":24.0,"key":"Dexterity Potion"},{"floor":29,"key":"Fire Potion"},{"floor":41,"key":"Poison Potion"},{"floor":45,"key":"AttackPotion"},{"floor":48,"key":"DuplicationPotion"}],"is_trial":false,"path_per_floor":["M","$","M","M","M","E","M","R","T","E","R","?","E","?","R","B",null,"M","?","?","$","?","R","E","M","T","E","R","?","M","E","R","B",null,"M","M","?","M","$","R","E","R","T","R","M","E","?","M","R","B",null],"character_chosen":"THE_SILENT","items_purchased":["Footwork","Dash","Backstab","Calipers","Trip"],"campfire_rested":3,"item_purchase_floors":[2,2,39,39,39],"current_hp_per_floor":[63,63,63,63,62,60,60,60,60,56,56,56,45,45,66,11,55,49,49,49,49,49,70,67,70,70,62,62,60,65,69,69,61,68,70,67,67,70,70,70,64,64,64,64,68,58,58,63,70,33],"gold":99,"neow_bonus":"TRANSFORM_CARD","is_daily":false,"chose_seed":false,"campfire_upgraded":7,"win_rate":0.0,"timestamp":1610229770,"path_taken":["M","$","M","M","M","E","M","R","T","E","R","?","E","?","R","BOSS","M","?","?","?","?","R","E","M","T","E","R","?","M","E","R","BOSS","M","M","?","M","$","R","E","R","T","R","M","E","?","M","R","BOSS"],"items_purchased_type":["Card","Card","Card","Relic","Card"],"build_version":"2020-12-22","purchased_purges":2,"victory":true,"max_hp_per_floor":[70,70,70,70,70,70,70,70,70,70,70,70,70,70,70,70,70,70,70,70,70,70,70,70,70,70,70,70,70,70,70,70,70,70,70,70,70,70,70,70,70,70,70,70,70,70,70,70,70,70],"relic_stats":{"Torii":14,"counters":[26,119],"Blue Candle":[1],"Bag of Preparation":[38],"Letter Opener":[110],"Question Card":4,"Nunchaku":[25],"Mummified Hand":[22],"Bloody Idol":64,"Gambling Chip":[98],"Bronze Scales":[127],"MealTicket":0,"obtain_stats":[{"Ice Cream":29,"Calipers":39,"Torii":27,"Golden Idol":12,"Blue Candle":29,"Vajra":6,"Bag of Preparation":10,"Letter Opener":46,"Empty Cage":34,"Ancient Tea Set":41,"Question Card":43,"Nunchaku":19,"WristBlade":17,"Mummified Hand":9,"Gambling Chip":13,"Bloody Idol":22,"Bronze Scales":26,"MealTicket":31,"Ring of the Snake":0,"Meat on the Bone":24},{"Ice Cream":15,"Calipers":21,"Torii":13,"Golden Idol":7,"Blue Candle":15,"Vajra":5,"Bag of Preparation":7,"Letter Opener":24,"Empty Cage":18,"Ancient Tea Set":22,"Question Card":22,"Nunchaku":10,"WristBlade":9,"Mummified Hand":6,"Gambling Chip":8,"Bloody Idol":10,"Bronze Scales":12,"MealTicket":17,"Ring of the Snake":0,"Meat on the Bone":11},{"Ice Cream":75,"Calipers":96,"Torii":68,"Golden Idol":32,"Blue Candle":75,"Vajra":19,"Bag of Preparation":32,"Letter Opener":109,"Empty Cage":86,"Ancient Tea Set":103,"Question Card":103,"Nunchaku":59,"WristBlade":57,"Mummified Hand":23,"Gambling Chip":39,"Bloody Idol":59,"Bronze Scales":66,"MealTicket":79,"Ring of the Snake":0,"Meat on the Bone":63}],"Ring of the Snake":[52],"Meat on the Bone":12},"card_choices":[{"not_picked":["Dagger Spray","Setup"],"picked":"Backflip","floor":1.0},{"not_picked":["Quick Slash","Underhanded Strike"],"picked":"Sucker Punch","floor":3.0},{"not_picked":["Bane","Backflip"],"picked":"Sucker Punch","floor":4.0},{"not_picked":["Bane","Wraith Form v2"],"picked":"Cloak And Dagger","floor":5.0},{"not_picked":["Tactician","Distraction"],"picked":"Heel Hook","floor":6.0},{"not_picked":["Deadly Poison","Endless Agony","Catalyst"],"picked":"SKIP","floor":7.0},{"not_picked":["Expertise","Concentrate"],"picked":"Finisher","floor":10.0},{"not_picked":["Crippling Poison","Concentrate"],"picked":"Escape Plan","floor":13.0},{"not_picked":["Envenom","Grand Finale"],"picked":"A Thousand Cuts","floor":16.0},{"not_picked":["Bane+1","Deadly Poison+1","Dodge and Roll"],"picked":"SKIP","floor":18.0},{"not_picked":["Underhanded Strike","Deadly Poison"],"picked":"Prepared+1","floor":24.0},{"not_picked":["Prepared","Corpse Explosion"],"picked":"Expertise+1","floor":25.0},{"not_picked":["Deadly Poison","Blur","Underhanded Strike"],"picked":"SKIP","floor":27},{"not_picked":["Sucker Punch","Underhanded Strike"],"picked":"Escape Plan","floor":29},{"not_picked":["Deflect","Eviscerate","Sucker Punch"],"picked":"SKIP","floor":30},{"not_picked":["Bullet Time","Deflect"],"picked":"Acrobatics+1","floor":31},{"not_picked":["Die Die Die","A Thousand Cuts"],"picked":"Bullet Time","floor":33},{"not_picked":["Poisoned Stab+1","Deadly Poison"],"picked":"PiercingWail+1","floor":35},{"not_picked":["Flying Knee+1","Bane","Dodge and Roll+1"],"picked":"SKIP","floor":36},{"not_picked":["Sucker Punch+1","Dagger Throw+1"],"picked":"Malaise","floor":38},{"not_picked":["Bane+1","Acrobatics"],"picked":"Blade Dance","floor":41},{"not_picked":["Noxious Fumes","Dash+1","Quick Slash"],"picked":"Prepared+1","floor":45},{"not_picked":["Masterful Stab+1","Prepared","Skewer+1"],"picked":"Tools of the Trade","floor":46},{"not_picked":["PanicButton","Chrysalis","Swift Strike"],"picked":"Dark Shackles","floor":47},{"not_picked":["Dagger Spray","Sucker Punch+1","Caltrops","Bouncing Flask"],"picked":"SKIP","floor":48}],"player_experience":652789,"relics_obtained":[{"floor":6.0,"key":"Vajra"},{"floor":9.0,"key":"Mummified Hand"},{"floor":10.0,"key":"Bag of Preparation"},{"floor":13.0,"key":"Gambling Chip"},{"floor":24.0,"key":"Meat on the Bone"},{"floor":26.0,"key":"Bronze Scales"},{"floor":27,"key":"Torii"},{"floor":29,"key":"Ice Cream"},{"floor":29,"key":"Blue Candle"},{"floor":31,"key":"MealTicket"},{"floor":41,"key":"Ancient Tea Set"},{"floor":43,"key":"Question Card"},{"floor":46,"key":"Letter Opener"}],"event_choices":[{"damage_healed":0.0,"max_hp_gain":0.0,"max_hp_loss":0.0,"gold_gain":0.0,"event_name":"Golden Idol","player_choice":"Take Wound","floor":12.0,"gold_loss":0.0,"damage_taken":0.0,"relics_obtained":["Golden Idol"],"cards_obtained":["Injury"]},{"damage_healed":0.0,"max_hp_gain":0.0,"max_hp_loss":0.0,"gold_gain":0.0,"event_name":"Match and Keep!","player_choice":"2 cards matched","floor":14.0,"gold_loss":0.0,"damage_taken":0.0,"cards_obtained":["Leg Sweep","Backflip"]},{"damage_healed":0.0,"max_hp_gain":0.0,"max_hp_loss":0.0,"gold_gain":0.0,"event_name":"Addict","player_choice":"Obtained Relic","floor":19.0,"gold_loss":85.0,"damage_taken":0.0,"relics_obtained":["Nunchaku"]},{"damage_healed":0.0,"max_hp_gain":0.0,"max_hp_loss":0.0,"gold_gain":0.0,"event_name":"The Library","player_choice":"Read","floor":20.0,"gold_loss":0.0,"damage_taken":0.0,"cards_obtained":["Accuracy"]},{"damage_healed":0.0,"max_hp_gain":0.0,"max_hp_loss":0.0,"gold_gain":0.0,"event_name":"Forgotten Altar","player_choice":"Gave Idol","floor":22.0,"relics_lost":["Golden Idol"],"gold_loss":0.0,"damage_taken":0.0,"relics_obtained":["Bloody Idol"]},{"damage_healed":0,"gold_gain":0,"player_choice":"Fight","damage_taken":0,"max_hp_gain":0,"max_hp_loss":0,"event_name":"Colosseum","floor":29,"gold_loss":0},{"damage_healed":0,"gold_gain":0,"player_choice":"Fought Nobs","damage_taken":0,"max_hp_gain":0,"max_hp_loss":0,"event_name":"Colosseum","floor":29,"gold_loss":0},{"damage_healed":0,"gold_gain":0,"player_choice":"Ignored","damage_taken":0,"max_hp_gain":0,"max_hp_loss":0,"event_name":"Tomb of Lord Red Mask","floor":37,"gold_loss":0},{"damage_healed":0,"gold_gain":0,"player_choice":"Memory 1","damage_taken":0,"max_hp_gain":0,"max_hp_loss":0,"event_name":"SensoryStone","floor":47,"gold_loss":0}],"is_beta":false,"boss_relics":[{"not_picked":["Philosopher\u0027s Stone","Pandora\u0027s Box"],"picked":"WristBlade"},{"not_picked":["SlaversCollar","Tiny House"],"picked":"Empty Cage"}],"items_purged_floors":[21,39],"is_endless":false,"potions_floor_spawned":[3,4,5,7,16,24,29,29,30,31,41,45,46,48],"ascension_level":11}}