{"host":"cjhtzh7tp54jdfyv","time":1610233829,"event":{"mods":["AchievementEnabler","BaseMod","Colored Map","Colored Powertips","Curses Come First","DeckTracker","Filter the Spire","Minty Spire (QoL Compilation)","RNG Fix","Relic Sorter","Relic Stats","StSLib","UnlockEverythingMod","ojb\u0027s Better Paths Mod","ojb\u0027s Info Mod"],"gold_per_floor":[119,119,44,57,67,97,97,125,125,158,168,201,201,216,216,304,304,333,333,344,357,165,206,33,73,73,108,108,108,148,257,257,343,343,371,371,161,170,194,220,220,245,334,334,334,334,39,83,83,83,83,83],"floor_reached":51,"playtime":3610,"items_purged":["Defend_P","Defend_P+1","Strike_P+1","Normality"],"score":2089,"play_id":"244c0ee1-58e7-41a1-a4b0-2b4328cf3785","local_time":"20210109181029","is_ascension_mode":true,"campfire_choices":[{"data":"Eruption","floor":7.0,"key":"SMITH"},{"data":"Conclude","floor":15.0,"key":"SMITH"},{"data":"Scrawl","floor":29.0,"key":"SMITH"},{"data":"Blasphemy","floor":32.0,"key":"SMITH"},{"floor":41.0,"key":"RECALL"},{"floor":46.0,"key":"REST"},{"floor":49,"key":"REST"}],"circlet_count":0,"master_deck":["AscendersBane","Strike_P+1","Strike_P+1","Strike_P+1","Eruption+1","Vigilance","Wallop","Brilliance","Conclude+1","Wallop","Tantrum","DeceiveReality","FlurryOfBlows","Scrawl+1","FlurryOfBlows","SashWhip+1","Blasphemy+1","Omniscience+1","FlurryOfBlows+1","JustLucky","Adaptation","CutThroughFate","FearNoEvil","Omniscience+1","ClearTheMind+1","DevaForm","Halt+1","Dark Shackles","FlurryOfBlows+1","Sanctity","TalkToTheHand","CutThroughFate"],"relics":["Cursed Key","Ancient Tea Set","Smiling Mask","CaptainsWheel","CeramicFish","Empty Cage","Orrery","Centennial Puzzle","TheAbacus","Lizard Tail","Bottled Lightning","Calipers","Kunai","Fusion Hammer","War Paint","Turnip","Medical Kit","Pear"],"acts_visited":["Exordium","TheCity","TheBeyond"],"potions_floor_usage":[51,51],"damage_taken":[{"damage":3.0,"enemies":"2 Louse","floor":1.0,"turns":2.0},{"damage":0.0,"enemies":"Jaw Worm","floor":4.0,"turns":3.0},{"damage":0.0,"enemies":"Cultist","floor":5.0,"turns":2.0},{"damage":29.0,"enemies":"Lagavulin","floor":6.0,"turns":6.0},{"damage":1.0,"enemies":"3 Sentries","floor":8.0,"turns":4.0},{"damage":0.0,"enemies":"Gremlin Nob","floor":10.0,"turns":2.0},{"damage":0.0,"enemies":"Lots of Slimes","floor":11.0,"turns":1.0},{"damage":0.0,"enemies":"3 Sentries","floor":12.0,"turns":3.0},{"damage":7.0,"enemies":"Gremlin Gang","floor":14.0,"turns":3.0},{"damage":25.0,"enemies":"Hexaghost","floor":16.0,"turns":7.0},{"damage":13.0,"enemies":"Shell Parasite","floor":18.0,"turns":3.0},{"damage":7.0,"enemies":"3 Byrds","floor":20.0,"turns":3.0},{"damage":0.0,"enemies":"Cultist and Chosen","floor":21.0,"turns":3.0},{"damage":10.0,"enemies":"Book of Stabbing","floor":23.0,"turns":2.0},{"damage":0.0,"enemies":"Gremlin Leader","floor":25.0,"turns":2.0},{"damage":8.0,"enemies":"Book of Stabbing","floor":27.0,"turns":2.0},{"damage":0.0,"enemies":"Gremlin Leader","floor":30.0,"turns":1.0},{"damage":0.0,"enemies":"Colosseum Slavers","floor":31.0,"turns":2.0},{"damage":0.0,"enemies":"Colosseum Nobs","floor":31.0,"turns":2.0},{"damage":0.0,"enemies":"Champ","floor":33.0,"turns":3.0},{"damage":0.0,"enemies":"Orb Walker","floor":35.0,"turns":2.0},{"damage":0.0,"enemies":"3 Darklings","floor":39.0,"turns":1.0},{"damage":0.0,"enemies":"Reptomancer","floor":40.0,"turns":2.0},{"damage":0.0,"enemies":"4 Shapes","floor":42.0,"turns":1.0},{"damage":0,"enemies":"Nemesis","floor":48,"turns":3},{"damage":0,"enemies":"Awakened One","floor":50,"turns":7},{"damage":139,"enemies":"Time Eater","floor":51,"turns":9}],"seed_played":"-620595336822554710","potions_obtained":[{"floor":4.0,"key":"Ancient Potion"},{"floor":8.0,"key":"BlessingOfTheForge"},{"floor":10.0,"key":"Block Potion"},{"floor":16.0,"key":"Dexterity Potion"},{"floor":18.0,"key":"Fire Potion"},{"floor":21.0,"key":"SmokeBomb"},{"floor":23.0,"key":"ColorlessPotion"},{"floor":30.0,"key":"Fire Potion"},{"floor":33.0,"key":"DistilledChaos"},{"floor":40.0,"key":"DuplicationPotion"}],"is_trial":false,"path_per_floor":["M","?","$","M","M","E","R","E","T","E","M","E","?","M","R","B",null,"M","?","M","M","$","E","$","E","T","E","T","R","E","?","R","B",null,"M","?","$","?","M","E","R","M","T","?","T","R","$","E","R","B","B"],"character_chosen":"WATCHER","items_purchased":["Orrery","JustLucky","TheAbacus","War Paint","TalkToTheHand","Medical Kit"],"campfire_rested":2,"item_purchase_floors":[22,22,24,37,47,47],"current_hp_per_floor":[58,58,58,58,58,29,29,28,28,28,28,28,33,26,26,1,55,42,42,35,35,35,25,25,25,25,17,17,17,17,17,17,17,59,59,49,49,39,39,39,39,39,39,39,39,60,60,70,83,83,0,0],"gold":83,"neow_bonus":"BOSS_RELIC","is_daily":false,"chose_seed":false,"campfire_upgraded":4,"win_rate":0.0,"timestamp":1610233829,"path_taken":["M","?","$","M","M","E","R","E","T","E","M","E","?","M","R","BOSS","M","?","M","?","$","E","$","E","T","E","?","R","E","?","R","BOSS","M","?","$","?","M","E","R","M","T","?","?","R","$","E","R","BOSS","BOSS"],"items_purchased_type":["Relic","Card","Relic","Relic","Card","Relic"],"build_version":"2020-12-22","purchased_purges":4,"victory":false,"max_hp_per_floor":[68,68,68,68,68,68,68,68,68,68,68,68,73,73,73,73,73,73,73,73,73,73,73,73,73,73,73,73,73,73,73,73,73,73,73,73,73,73,73,73,73,73,73,73,73,73,73,83,83,83,83,83],"relic_stats":{"Centennial Puzzle":[6],"Lizard Tail":41,"TheAbacus":[30],"counters":[27,81],"CeramicFish":180,"Turnip":[0],"Kunai":[58],"War Paint":["Omniscience","Omniscience"],"Cursed Key":1,"Smiling Mask":225,"Medical Kit":[0],"obtain_stats":[{"Calipers":31,"Pear":48,"CeramicFish":12,"War Paint":37,"Cursed Key":0,"Ancient Tea Set":6,"Smiling Mask":8,"Empty Cage":17,"Medical Kit":47,"CaptainsWheel":10,"Centennial Puzzle":23,"Lizard Tail":25,"TheAbacus":24,"Orrery":22,"Fusion Hammer":34,"Turnip":40,"Bottled Lightning":27,"Kunai":31,"PureWater":0},{"Calipers":19,"Pear":25,"CeramicFish":8,"War Paint":21,"Cursed Key":0,"Ancient Tea Set":4,"Smiling Mask":5,"Empty Cage":10,"Medical Kit":24,"CaptainsWheel":6,"Centennial Puzzle":14,"Lizard Tail":15,"TheAbacus":14,"Orrery":13,"Fusion Hammer":20,"Turnip":23,"Bottled Lightning":16,"Kunai":19,"PureWater":0},{"Calipers":53,"Pear":65,"CeramicFish":23,"War Paint":58,"Cursed Key":0,"Ancient Tea Set":13,"Smiling Mask":17,"Empty Cage":33,"Medical Kit":62,"CaptainsWheel":19,"Centennial Puzzle":44,"Lizard Tail":46,"TheAbacus":44,"Orrery":42,"Fusion Hammer":56,"Turnip":61,"Bottled Lightning":48,"Kunai":53,"PureWater":0}]},"card_choices":[{"not_picked":["CutThroughFate","Halt"],"picked":"Wallop","floor":1.0},{"not_picked":["Evaluate","Meditate"],"picked":"Conclude","floor":4.0},{"not_picked":["ConjureBlade","Crescendo","SandsOfTime"],"picked":"SKIP","floor":5.0},{"not_picked":["EmptyFist","Establishment"],"picked":"Wallop","floor":6.0},{"not_picked":["ClearTheMind","EmptyBody"],"picked":"Tantrum","floor":8.0},{"not_picked":["FollowUp","BowlingBash"],"picked":"DeceiveReality","floor":10.0},{"not_picked":["Crescendo","Consecrate"],"picked":"FlurryOfBlows","floor":11.0},{"not_picked":["Halt","Perseverance","Collect"],"picked":"SKIP","floor":12.0},{"not_picked":["ReachHeaven","Indignation","ClearTheMind"],"picked":"SKIP","floor":14.0},{"not_picked":["Devotion","MasterReality"],"picked":"Scrawl","floor":16.0},{"not_picked":["ClearTheMind","Halt"],"picked":"FlurryOfBlows","floor":18.0},{"not_picked":["Prostrate","Conclude","PathToVictory"],"picked":"SKIP","floor":20.0},{"not_picked":["FlurryOfBlows","DeceiveReality","FlyingSleeves+1"],"picked":"SKIP","floor":21.0},{"not_picked":["WindmillStrike","Protect"],"picked":"SashWhip+1","floor":22.0},{"not_picked":["Crescendo+1","Consecrate"],"picked":"Blasphemy","floor":22.0},{"not_picked":["Meditate+1","Protect"],"picked":"Omniscience","floor":22.0},{"not_picked":["Perseverance","ClearTheMind"],"picked":"FlurryOfBlows+1","floor":22.0},{"not_picked":["PathToVictory","ReachHeaven"],"picked":"Adaptation","floor":23.0},{"not_picked":["SashWhip","Establishment"],"picked":"CutThroughFate","floor":25.0},{"not_picked":["ThirdEye+1","FlyingSleeves"],"picked":"FearNoEvil","floor":27.0},{"not_picked":["SashWhip","SpiritShield"],"picked":"Omniscience","floor":30.0},{"not_picked":["EmptyBody","EmptyFist"],"picked":"ClearTheMind+1","floor":31.0},{"not_picked":["MasterReality","ConjureBlade"],"picked":"DevaForm","floor":33.0},{"not_picked":["WreathOfFlame+1","JustLucky"],"picked":"Halt+1","floor":35.0},{"not_picked":["Good Instincts","Mind Blast"],"picked":"Dark Shackles","floor":38.0},{"not_picked":["CutThroughFate","BowlingBash"],"picked":"FlurryOfBlows+1","floor":39.0},{"not_picked":["CarveReality","LikeWater+1","Meditate"],"picked":"SKIP","floor":40.0},{"not_picked":["ClearTheMind","JustLucky"],"picked":"Sanctity","floor":42.0},{"not_picked":["FlurryOfBlows","ThirdEye"],"picked":"CutThroughFate","floor":48}],"player_experience":4398170,"relics_obtained":[{"floor":6.0,"key":"Ancient Tea Set"},{"floor":8.0,"key":"Smiling Mask"},{"floor":10.0,"key":"CaptainsWheel"},{"floor":12.0,"key":"CeramicFish"},{"floor":23.0,"key":"Centennial Puzzle"},{"floor":25.0,"key":"Lizard Tail"},{"floor":27.0,"key":"Bottled Lightning"},{"floor":31.0,"key":"Calipers"},{"floor":31.0,"key":"Kunai"},{"floor":40.0,"key":"Turnip"},{"floor":48,"key":"Pear"}],"event_choices":[{"damage_healed":0.0,"max_hp_gain":0.0,"max_hp_loss":0.0,"gold_gain":0.0,"event_name":"Match and Keep!","player_choice":"1 cards matched","floor":2.0,"gold_loss":0.0,"damage_taken":0.0,"cards_obtained":["Brilliance"]},{"damage_healed":0.0,"max_hp_gain":5.0,"max_hp_loss":0.0,"gold_gain":0.0,"event_name":"Big Fish","player_choice":"Donut","floor":13.0,"gold_loss":0.0,"damage_taken":0.0},{"damage_healed":0.0,"max_hp_gain":0.0,"max_hp_loss":0.0,"gold_gain":0.0,"event_name":"Back to Basics","player_choice":"Simplicity","floor":19.0,"gold_loss":0.0,"damage_taken":0.0,"cards_upgraded":["Strike_P","Strike_P","Strike_P","Strike_P","Defend_P"]},{"damage_healed":0.0,"max_hp_gain":0.0,"max_hp_loss":0.0,"gold_gain":0.0,"event_name":"Colosseum","player_choice":"Fight","floor":31.0,"gold_loss":0.0,"damage_taken":0.0},{"damage_healed":0.0,"max_hp_gain":0.0,"max_hp_loss":0.0,"gold_gain":0.0,"event_name":"Colosseum","player_choice":"Fought Nobs","floor":31.0,"gold_loss":0.0,"damage_taken":0.0},{"damage_healed":0.0,"max_hp_gain":0.0,"max_hp_loss":0.0,"gold_gain":0.0,"event_name":"Wheel of Change","player_choice":"Damaged","floor":36.0,"gold_loss":0.0,"damage_taken":10.0},{"damage_healed":0.0,"max_hp_gain":0.0,"max_hp_loss":0.0,"gold_gain":0.0,"event_name":"SensoryStone","player_choice":"Memory 3","floor":38.0,"gold_loss":0.0,"damage_taken":10.0},{"damage_healed":0.0,"max_hp_gain":0.0,"max_hp_loss":0.0,"gold_gain":0.0,"event_name":"Tomb of Lord Red Mask","player_choice":"Ignored","floor":44.0,"gold_loss":0.0,"damage_taken":0.0}],"is_beta":false,"boss_relics":[{"not_picked":["Ectoplasm","SacredBark"],"picked":"Empty Cage"},{"not_picked":["Snecko Eye","Tiny House"],"picked":"Fusion Hammer"}],"items_purged_floors":[3,22,37,47],"is_endless":false,"potions_floor_spawned":[4,8,10,16,18,21,23,27,30,33,40,48],"killed_by":"Time Eater","ascension_level":20}}