{"host":"1c17lcvl7acx821p","time":1610227623,"event":{"mods":["AchievementEnabler","BaseMod","Colored Map","Minty Spire (QoL Compilation)","StSLib"],"gold_per_floor":[117,129,79,154,154,188,207,232,299,336,348,378,403,433,445,556,568,598,303,314,325,250,276,276,306,330,342,356,375,390,415,415,514,514,528,543,554,572,585,619,619,651,675,675,250,250,279,11,11,11],"floor_reached":51,"playtime":2348,"items_purged":["Defend_R","Strike_R","Defend_R"],"score":937,"play_id":"daf2b8ef-7eb7-4dad-b234-f83ef22f292c","local_time":"20210109232703","is_ascension_mode":true,"campfire_choices":[{"data":"Dual Wield","floor":11,"key":"SMITH"},{"data":"Clash","floor":15,"key":"SMITH"},{"data":"Burning Pact","floor":24,"key":"SMITH"},{"data":"Flex","floor":32,"key":"SMITH"},{"data":"Double Tap","floor":46,"key":"SMITH"},{"data":"Deep Breath","floor":49,"key":"SMITH"}],"circlet_count":0,"master_deck":["Strike_R","Strike_R","Strike_R","Defend_R","Bash","Cleave","Clash+1","Reaper","Shrug It Off","Dual Wield+1","Dropkick","Sword Boomerang+1","Pommel Strike+1","Pommel Strike+1","Limit Break","Headbutt+1","Master of Strategy","Thunderclap+1","Flex+1","Burning Pact+1","Dropkick+1","Fiend Fire+1","Thunderclap+1","Double Tap+1","Deep Breath+1","Master of Strategy"],"relics":["Burning Blood","Shuriken","MawBank","Strawberry","Molten Egg 2","Runic Dome","Bag of Preparation","Champion Belt","Blood Vial","Ornamental Fan","Coffee Dripper","Eternal Feather","Sundial","Vajra","Lantern","Red Skull","TheAbacus"],"acts_visited":["Exordium","TheCity","TheBeyond"],"potions_floor_usage":[6,10,12,16,23,25,31,33,42,50,50,50],"damage_taken":[{"damage":9,"enemies":"Small Slimes","floor":1,"turns":6},{"damage":1,"enemies":"Jaw Worm","floor":2,"turns":5},{"damage":31,"enemies":"Lagavulin","floor":6,"turns":6},{"damage":1,"enemies":"Cultist","floor":7,"turns":3},{"damage":14,"enemies":"Gremlin Nob","floor":8,"turns":4},{"damage":26,"enemies":"Lagavulin","floor":10,"turns":6},{"damage":5,"enemies":"Lots of Slimes","floor":12,"turns":3},{"damage":0,"enemies":"3 Louse","floor":13,"turns":3},{"damage":4,"enemies":"Blue Slaver","floor":14,"turns":2},{"damage":53,"enemies":"Hexaghost","floor":16,"turns":6},{"damage":29,"enemies":"Shell Parasite","floor":18,"turns":4},{"damage":5,"enemies":"2 Thieves","floor":20,"turns":3},{"damage":21,"enemies":"Snake Plant","floor":21,"turns":2},{"damage":22,"enemies":"Book of Stabbing","floor":23,"turns":3},{"damage":14,"enemies":"Slavers","floor":25,"turns":3},{"damage":13,"enemies":"Sentry and Sphere","floor":27,"turns":4},{"damage":4,"enemies":"3 Cultists","floor":28,"turns":3},{"damage":8,"enemies":"Centurion and Healer","floor":29,"turns":2},{"damage":25,"enemies":"Cultist and Chosen","floor":30,"turns":4},{"damage":0,"enemies":"Gremlin Leader","floor":31,"turns":3},{"damage":48,"enemies":"Automaton","floor":33,"turns":8},{"damage":26,"enemies":"3 Darklings","floor":35,"turns":3},{"damage":0,"enemies":"Orb Walker","floor":36,"turns":2},{"damage":0,"enemies":"Transient","floor":37,"turns":5},{"damage":18,"enemies":"Spire Growth","floor":38,"turns":3},{"damage":18,"enemies":"3 Darklings","floor":39,"turns":2},{"damage":30,"enemies":"Nemesis","floor":40,"turns":3},{"damage":15,"enemies":"Reptomancer","floor":42,"turns":4},{"damage":0,"enemies":"Giant Head","floor":47,"turns":1},{"damage":28,"enemies":"Donu and Deca","floor":50,"turns":4}],"seed_played":"-4036109235803099882","potions_obtained":[{"floor":0,"key":"Regen Potion"},{"floor":0,"key":"DuplicationPotion"},{"floor":0,"key":"SmokeBomb"},{"floor":7,"key":"FairyPotion"},{"floor":10,"key":"Energy Potion"},{"floor":12,"key":"Strength Potion"},{"floor":14,"key":"SteroidPotion"},{"floor":16,"key":"DistilledChaos"},{"floor":20,"key":"GamblersBrew"},{"floor":21,"key":"PowerPotion"},{"floor":28,"key":"DistilledChaos"},{"floor":29,"key":"EssenceOfSteel"},{"floor":30,"key":"Weak Potion"},{"floor":31,"key":"LiquidBronze"},{"floor":33,"key":"Fire Potion"},{"floor":39,"key":"SteroidPotion"},{"floor":47,"key":"Dexterity Potion"}],"is_trial":false,"path_per_floor":["M","M","?","?","?","E","M","E","T","E","R","M","M","M","R","B",null,"M","$","M","M","?","E","R","E","T","M","M","M","M","E","R","B",null,"M","M","M","M","M","E","?","E","T","?","$","R","E","$","R","B",null],"character_chosen":"IRONCLAD","items_purchased":["Master of Strategy","Thunderclap+1","Master of Strategy","Lantern","TheAbacus"],"campfire_rested":0,"item_purchase_floors":[19,19,45,45,48],"current_hp_per_floor":[77,80,80,69,69,44,54,50,57,49,49,70,87,87,87,40,87,69,69,70,55,55,39,39,49,49,44,72,72,63,87,87,51,87,67,87,87,75,65,43,43,48,48,43,43,58,66,66,81,65],"gold":11,"neow_bonus":"THREE_SMALL_POTIONS","is_daily":false,"chose_seed":false,"campfire_upgraded":6,"win_rate":0.0,"timestamp":1610227623,"path_taken":["M","M","?","?","?","E","M","E","T","E","R","?","M","M","R","BOSS","M","$","M","?","?","E","R","E","T","M","M","M","M","E","R","BOSS","M","M","M","M","M","E","?","E","T","?","$","R","E","?","R","BOSS"],"items_purchased_type":["Card","Card","Card","Relic","Relic"],"build_version":"2020-12-22","purchased_purges":3,"victory":true,"max_hp_per_floor":[80,80,80,80,80,80,80,80,87,87,87,87,87,87,87,87,87,87,87,87,87,87,87,87,87,87,87,87,87,87,87,87,87,87,87,87,87,87,87,87,87,87,87,87,87,87,87,87,87,87],"card_choices":[{"not_picked":["Heavy Blade","Pommel Strike"],"picked":"Cleave","floor":1},{"not_picked":["Body Slam","Perfected Strike"],"picked":"Clash","floor":2},{"not_picked":["Bloodletting","Burning Pact"],"picked":"Shrug It Off","floor":6},{"not_picked":["Armaments","Perfected Strike"],"picked":"Dual Wield","floor":7},{"not_picked":["Whirlwind","Perfected Strike"],"picked":"Dropkick","floor":8},{"not_picked":["Metallicize","Iron Wave+1","Ghostly Armor"],"picked":"SKIP","floor":10},{"not_picked":["Perfected Strike+1","Twin Strike+1"],"picked":"Sword Boomerang+1","floor":12},{"not_picked":["Rage","Spot Weakness"],"picked":"Pommel Strike+1","floor":13},{"not_picked":["Ghostly Armor","Rage"],"picked":"Pommel Strike+1","floor":14},{"not_picked":["Barricade","Impervious"],"picked":"Limit Break","floor":16},{"not_picked":["Spot Weakness","Clash+1"],"picked":"Headbutt+1","floor":18},{"not_picked":["Searing Blow+1","Hemokinesis+1","Perfected Strike+1"],"picked":"SKIP","floor":20},{"not_picked":["Shrug It Off","Sword Boomerang+1"],"picked":"Flex","floor":21},{"not_picked":["Spot Weakness","Clash+1"],"picked":"Burning Pact","floor":23},{"not_picked":["Blood for Blood+1","Sever Soul+1","Power Through"],"picked":"SKIP","floor":25},{"not_picked":["Clothesline+1","Pummel+1","Heavy Blade+1"],"picked":"SKIP","floor":27},{"not_picked":["Heavy Blade+1","Blood for Blood+1","Body Slam+1"],"picked":"SKIP","floor":28},{"not_picked":["Dark Embrace+1","Clothesline+1","Hemokinesis+1"],"picked":"SKIP","floor":29},{"not_picked":["Sword Boomerang+1","Armaments","Body Slam+1"],"picked":"SKIP","floor":30},{"not_picked":["Feel No Pain","Clash+1"],"picked":"Dropkick+1","floor":31},{"not_picked":["Corruption","Berserk"],"picked":"Fiend Fire+1","floor":33},{"not_picked":["Feel No Pain","True Grit+1"],"picked":"Thunderclap+1","floor":35},{"not_picked":["Cleave+1","Fire Breathing","Blood for Blood+1"],"picked":"SKIP","floor":36},{"not_picked":["Anger+1","Fire Breathing","Thunderclap+1"],"picked":"SKIP","floor":37},{"not_picked":["Anger+1","Fire Breathing","Thunderclap+1"],"picked":"SKIP","floor":37},{"not_picked":["Pommel Strike+1","Infernal Blade+1","Pummel+1"],"picked":"SKIP","floor":38},{"not_picked":["Feel No Pain","Headbutt+1","Cleave+1"],"picked":"SKIP","floor":39},{"not_picked":["Flex+1","Body Slam+1","Rage"],"picked":"SKIP","floor":40},{"not_picked":["Shrug It Off+1","Cleave+1"],"picked":"Double Tap","floor":42},{"not_picked":["Madness","Enlightenment"],"picked":"Deep Breath","floor":44},{"not_picked":["Clash+1","Body Slam+1","Fire Breathing"],"picked":"SKIP","floor":47}],"player_experience":3418,"relics_obtained":[{"floor":6,"key":"Shuriken"},{"floor":8,"key":"MawBank"},{"floor":9,"key":"Strawberry"},{"floor":10,"key":"Molten Egg 2"},{"floor":23,"key":"Bag of Preparation"},{"floor":25,"key":"Champion Belt"},{"floor":26,"key":"Blood Vial"},{"floor":31,"key":"Ornamental Fan"},{"floor":40,"key":"Eternal Feather"},{"floor":42,"key":"Sundial"},{"floor":43,"key":"Vajra"},{"floor":47,"key":"Red Skull"}],"event_choices":[{"cards_removed":["Defend_R"],"damage_healed":0,"gold_gain":0,"player_choice":"Card Removal","damage_taken":0,"max_hp_gain":0,"max_hp_loss":0,"event_name":"The Cleric","floor":3,"gold_loss":50},{"damage_healed":0,"gold_gain":75,"player_choice":"Gather Gold","damage_taken":11,"max_hp_gain":0,"max_hp_loss":0,"event_name":"World of Goop","floor":4,"gold_loss":0},{"damage_healed":0,"gold_gain":0,"player_choice":"1 cards matched","damage_taken":0,"max_hp_gain":0,"max_hp_loss":0,"event_name":"Match and Keep!","floor":5,"gold_loss":0,"cards_obtained":["Reaper"]},{"cards_removed":["Strike_R"],"damage_healed":0,"gold_gain":0,"player_choice":"Gave Gold","damage_taken":0,"max_hp_gain":0,"max_hp_loss":0,"event_name":"Beggar","floor":22,"gold_loss":75},{"damage_healed":0,"gold_gain":0,"player_choice":"Ignored","damage_taken":0,"max_hp_gain":0,"max_hp_loss":0,"event_name":"The Moai Head","floor":41,"gold_loss":0},{"damage_healed":0,"gold_gain":0,"player_choice":"Memory 2","damage_taken":5,"max_hp_gain":0,"max_hp_loss":0,"event_name":"SensoryStone","floor":44,"gold_loss":0}],"is_beta":false,"boss_relics":[{"not_picked":["Runic Cube","Black Blood"],"picked":"Runic Dome"},{"not_picked":["Calling Bell","Astrolabe"],"picked":"Coffee Dripper"}],"items_purged_floors":[19,45,48],"is_endless":false,"potions_floor_spawned":[2,7,10,12,14,16,20,21,28,29,30,31,33,36,37,38,39,47],"ascension_level":1}}