{"host":"t7mx8yfj1no5p62f","time":1610209876,"event":{"mods":["BaseMod","Colored Map","Colored Powertips","Minty Spire (QoL Compilation)","Relic Stats","StSLib"],"gold_per_floor":[118,98,108,122,141,141,161,190,237,276,276,317,344,364,364,445,445,455,481,172,181,201,201,201],"floor_reached":23,"playtime":951,"items_purged":["Strike_R"],"score":430,"play_id":"12309be4-3c8c-4761-b055-497b623b979a","local_time":"20210109113116","is_ascension_mode":true,"campfire_choices":[{"data":"Carnage","floor":6.0,"key":"SMITH"},{"data":"Berserk","floor":15,"key":"SMITH"}],"circlet_count":0,"master_deck":["AscendersBane","Strike_R","Strike_R","Defend_R","Defend_R","Defend_R","Defend_R","Bash","Body Slam","Battle Trance","Carnage+1","Twin Strike","Shrug It Off","Berserk+1","Battle Trance","Thunderclap+1","Cleave+1","Evolve","Impervious","Inflame","Shockwave","Pain"],"relics":["Burning Blood","White Beast Statue","CeramicFish","Molten Egg 2","Anchor","Black Star","Happy Flower","WarpedTongs"],"acts_visited":["Exordium","TheCity"],"potions_floor_usage":[13,14,18,18,18,19,22,23],"damage_taken":[{"damage":6.0,"enemies":"Jaw Worm","floor":1.0,"turns":5.0},{"damage":13.0,"enemies":"Cultist","floor":3.0,"turns":5.0},{"damage":0.0,"enemies":"2 Louse","floor":4.0,"turns":3.0},{"damage":11.0,"enemies":"Lots of Slimes","floor":5.0,"turns":6.0},{"damage":0.0,"enemies":"2 Fungi Beasts","floor":7.0,"turns":2.0},{"damage":22.0,"enemies":"3 Sentries","floor":8.0,"turns":7.0},{"damage":36.0,"enemies":"Gremlin Nob","floor":10.0,"turns":4.0},{"damage":7.0,"enemies":"3 Sentries","floor":12.0,"turns":6.0},{"damage":14,"enemies":"Large Slime","floor":13,"turns":5},{"damage":7,"enemies":"Lots of Slimes","floor":14,"turns":3},{"damage":20,"enemies":"Slime Boss","floor":16,"turns":7},{"damage":17,"enemies":"3 Byrds","floor":18,"turns":5},{"damage":18,"enemies":"2 Thieves","floor":19,"turns":3},{"damage":38,"enemies":"Sentry and Sphere","floor":22,"turns":7},{"damage":11,"enemies":"Book of Stabbing","floor":23,"turns":4}],"seed_played":"5325588522071578120","potions_obtained":[{"floor":1.0,"key":"LiquidMemories"},{"floor":2.0,"key":"Ancient Potion"},{"floor":3.0,"key":"Regen Potion"},{"floor":4.0,"key":"Energy Potion"},{"floor":5.0,"key":"AttackPotion"},{"floor":8.0,"key":"ElixirPotion"},{"floor":10.0,"key":"Block Potion"},{"floor":12.0,"key":"BloodPotion"},{"floor":13,"key":"BloodPotion"},{"floor":14,"key":"EntropicBrew"},{"floor":16,"key":"BlessingOfTheForge"},{"floor":18,"key":"LiquidMemories"},{"floor":19,"key":"Swift Potion"},{"floor":22,"key":"FearPotion"}],"is_trial":false,"path_per_floor":["M","?","M","M","M","R","M","E","T","E","?","E","M","M","R","B",null,"M","M","$","?","M","E"],"character_chosen":"IRONCLAD","items_purchased":["Happy Flower","Shockwave"],"campfire_rested":0,"item_purchase_floors":[20,20],"current_hp_per_floor":[50,50,43,49,44,44,50,49,49,19,19,18,25,39,39,25,63,52,40,40,40,8,0,0],"gold":201,"neow_bonus":"REMOVE_TWO","is_daily":false,"chose_seed":false,"campfire_upgraded":2,"win_rate":0.0,"timestamp":1610209876,"path_taken":["M","?","M","M","?","R","M","E","T","E","?","E","M","M","R","BOSS","M","M","$","?","M","E"],"items_purchased_type":["Relic","Card"],"build_version":"2020-12-22","purchased_purges":1,"victory":false,"max_hp_per_floor":[75,75,75,75,75,75,75,75,75,75,75,75,75,75,75,75,75,75,75,75,75,75,75,75],"relic_stats":{"Happy Flower":[3],"counters":[15,72],"CeramicFish":72,"Black Star":0,"obtain_stats":[{"Anchor":12,"Happy Flower":20,"CeramicFish":9,"Molten Egg 2":10,"Black Star":17,"Burning Blood":0,"White Beast Statue":8,"WarpedTongs":21},{"Anchor":8,"Happy Flower":13,"CeramicFish":6,"Molten Egg 2":7,"Black Star":11,"Burning Blood":0,"White Beast Statue":6,"WarpedTongs":13},{"Anchor":38,"Happy Flower":61,"CeramicFish":28,"Molten Egg 2":32,"Black Star":53,"Burning Blood":0,"White Beast Statue":28,"WarpedTongs":61}],"Burning Blood":84,"WarpedTongs":[11]},"card_choices":[{"not_picked":["Blood for Blood","Dark Embrace"],"picked":"Body Slam","floor":1.0},{"not_picked":["Warcry","Second Wind"],"picked":"Battle Trance","floor":3.0},{"not_picked":["Heavy Blade","Sentinel"],"picked":"Carnage","floor":4.0},{"not_picked":["Flex","Pommel Strike"],"picked":"Twin Strike","floor":5.0},{"not_picked":["Second Wind","Sword Boomerang"],"picked":"Shrug It Off","floor":7.0},{"not_picked":["Clash","Dropkick"],"picked":"Berserk","floor":8.0},{"not_picked":["Reckless Charge+1","Seeing Red"],"picked":"Battle Trance","floor":10.0},{"not_picked":["Wild Strike+1","Clash+1"],"picked":"Thunderclap+1","floor":12.0},{"not_picked":["Sword Boomerang+1","Thunderclap+1"],"picked":"Cleave+1","floor":13},{"not_picked":["Sword Boomerang+1","Heavy Blade+1"],"picked":"Evolve","floor":14},{"not_picked":["Offering","Juggernaut"],"picked":"Impervious","floor":16},{"not_picked":["Sword Boomerang+1","Warcry","Rupture"],"picked":"SKIP","floor":18},{"not_picked":["Thunderclap+1","Dropkick+1"],"picked":"Inflame","floor":19},{"not_picked":["Battle Trance","Twin Strike+1","Armaments"],"picked":"SKIP","floor":22}],"player_experience":1694670,"relics_obtained":[{"floor":8.0,"key":"White Beast Statue"},{"floor":9.0,"key":"CeramicFish"},{"floor":10.0,"key":"Molten Egg 2"},{"floor":12.0,"key":"Anchor"}],"event_choices":[{"damage_healed":0.0,"max_hp_gain":0.0,"max_hp_loss":0.0,"gold_gain":0.0,"event_name":"The Woman in Blue","player_choice":"Bought 1 Potion","floor":2.0,"gold_loss":0.0,"damage_taken":0.0},{"damage_healed":0.0,"max_hp_gain":0.0,"max_hp_loss":0.0,"gold_gain":0.0,"event_name":"Shining Light","player_choice":"Ignored","floor":11.0,"gold_loss":0.0,"damage_taken":0.0},{"damage_healed":0,"gold_gain":0,"player_choice":"Rummage","damage_taken":0,"relics_obtained":["WarpedTongs"],"max_hp_gain":0,"max_hp_loss":0,"event_name":"Accursed Blacksmith","floor":21,"gold_loss":0,"cards_obtained":["Pain"]}],"is_beta":false,"boss_relics":[{"not_picked":["Snecko Eye","Ectoplasm"],"picked":"Black Star"}],"items_purged_floors":[20],"is_endless":false,"potions_floor_spawned":[1,3,4,5,8,10,12,13,14,16,18,19,22],"killed_by":"Book of Stabbing","ascension_level":20}}