{"host":"xu70nncme2eq5w87","time":1610167510,"event":{"mods":["AchievementEnabler","BaseMod","Colored Map","Colored Powertips","Minty Spire (QoL Compilation)","Quick Restart","StSLib"],"gold_per_floor":[117,117,71,91,91,91,123,123,123,153,172,172,196,207,207,304,304,285,300,300,79,29,29,29],"floor_reached":23,"playtime":541,"items_purged":[],"score":233,"play_id":"fd1cf7a7-29ed-4d76-8508-1584d7ee7c27","local_time":"20210108204510","is_ascension_mode":true,"campfire_choices":[{"data":"Dualcast","floor":6,"key":"SMITH"},{"data":"Zap","floor":15,"key":"SMITH"}],"circlet_count":0,"master_deck":["Strike_B","Strike_B","Strike_B","Strike_B","Defend_B","Defend_B","Defend_B","Defend_B","Zap+1","Dualcast+1","White Noise","Machine Learning","White Noise","White Noise","Reboot","Ball Lightning","Darkness+1","Self Repair","Ball Lightning","Apotheosis"],"relics":["Cracked Core","NeowsBlessing","Art of War","Symbiotic Virus","Prayer Wheel","Bag of Preparation"],"acts_visited":["Exordium","TheCity"],"potions_floor_usage":[],"damage_taken":[{"damage":0,"enemies":"Jaw Worm","floor":1,"turns":1},{"damage":0,"enemies":"Small Slimes","floor":4,"turns":1},{"damage":0,"enemies":"3 Sentries","floor":7,"turns":1},{"damage":27,"enemies":"Gremlin Nob","floor":10,"turns":4},{"damage":0,"enemies":"2 Louse","floor":11,"turns":2},{"damage":11,"enemies":"2 Fungi Beasts","floor":14,"turns":3},{"damage":6,"enemies":"Slime Boss","floor":16,"turns":5},{"damage":31,"enemies":"2 Thieves","floor":18,"turns":4},{"damage":5,"enemies":"Spheric Guardian","floor":19,"turns":3},{"damage":49,"enemies":"Book of Stabbing","floor":23,"turns":3}],"seed_played":"-4737471156444730853","potions_obtained":[{"floor":1,"key":"SpeedPotion"},{"floor":7,"key":"PotionOfCapacity"},{"floor":14,"key":"SmokeBomb"},{"floor":16,"key":"DuplicationPotion"}],"is_trial":false,"path_per_floor":["M","?","?","M","?","R","E","?","T","E","M","?","T","M","R","B",null,"M","M","?","$","?","E"],"character_chosen":"DEFECT","items_purchased":["Ball Lightning","Apotheosis"],"campfire_rested":0,"item_purchase_floors":[21,21],"current_hp_per_floor":[75,75,75,75,80,80,80,80,80,53,53,41,41,30,30,24,80,49,44,44,44,44,0,0],"gold":29,"neow_bonus":"THREE_ENEMY_KILL","is_daily":false,"chose_seed":false,"campfire_upgraded":2,"win_rate":0.0,"timestamp":1610167510,"path_taken":["M","?","?","M","?","R","E","?","T","E","M","?","?","M","R","BOSS","M","M","?","$","?","E"],"items_purchased_type":["Card","Card"],"build_version":"2020-12-22","purchased_purges":0,"victory":false,"max_hp_per_floor":[75,75,75,75,80,80,80,80,80,80,80,80,80,80,80,80,80,80,80,80,80,80,80,80],"card_choices":[{"not_picked":["Rip and Tear","Aggregate","Beam Cell"],"picked":"SKIP","floor":1},{"not_picked":["Rebound","Turbo","Tempest"],"picked":"SKIP","floor":4},{"not_picked":["Reinforced Body","Heatsinks","Skim"],"picked":"SKIP","floor":7},{"not_picked":["Sweeping Beam","Skim"],"picked":"White Noise","floor":10},{"not_picked":["Turbo","Genetic Algorithm"],"picked":"Machine Learning","floor":11},{"not_picked":["Coolheaded","Genetic Algorithm","Double Energy"],"picked":"SKIP","floor":11},{"not_picked":["Scrape","Go for the Eyes"],"picked":"White Noise","floor":14},{"not_picked":["BootSequence","Double Energy"],"picked":"White Noise","floor":14},{"not_picked":["Multi-Cast","Core Surge"],"picked":"Reboot","floor":16},{"not_picked":["Rebound","Fusion"],"picked":"Ball Lightning","floor":18},{"not_picked":["Go for the Eyes","Cold Snap"],"picked":"Darkness+1","floor":18},{"not_picked":["Electrodynamics","Conserve Battery"],"picked":"Self Repair","floor":19},{"not_picked":["Blizzard","Barrage","Heatsinks+1"],"picked":"SKIP","floor":19},{"not_picked":["Blizzard","Barrage","Heatsinks+1"],"picked":"SKIP","floor":19}],"player_experience":221794,"relics_obtained":[{"floor":7,"key":"Art of War"},{"floor":9,"key":"Symbiotic Virus"},{"floor":10,"key":"Prayer Wheel"}],"event_choices":[{"damage_healed":0,"gold_gain":0,"player_choice":"Ignored","damage_taken":0,"max_hp_gain":0,"max_hp_loss":0,"event_name":"Liars Game","floor":2,"gold_loss":0},{"damage_healed":0,"gold_gain":0,"player_choice":"Left Gold","damage_taken":0,"max_hp_gain":0,"max_hp_loss":0,"event_name":"World of Goop","floor":3,"gold_loss":46},{"damage_healed":0,"gold_gain":0,"player_choice":"Donut","damage_taken":0,"max_hp_gain":5,"max_hp_loss":0,"event_name":"Big Fish","floor":5,"gold_loss":0},{"damage_healed":0,"gold_gain":0,"player_choice":"Leave","damage_taken":0,"max_hp_gain":0,"max_hp_loss":0,"event_name":"The Cleric","floor":8,"gold_loss":0},{"damage_healed":0,"gold_gain":0,"player_choice":"Success","damage_taken":12,"relics_obtained":["Bag of Preparation"],"max_hp_gain":0,"max_hp_loss":0,"event_name":"Scrap Ooze","floor":12,"gold_loss":0},{"damage_healed":0,"gold_gain":0,"player_choice":"Ignored","damage_taken":0,"max_hp_gain":0,"max_hp_loss":0,"event_name":"Ghosts","floor":20,"gold_loss":0},{"damage_healed":0,"gold_gain":0,"player_choice":"Bet on Murderer","damage_taken":0,"max_hp_gain":0,"max_hp_loss":0,"event_name":"The Joust","floor":22,"gold_loss":50}],"is_beta":false,"boss_relics":[{"not_picked":["Empty Cage","Runic Dome","Velvet Choker"]}],"items_purged_floors":[],"is_endless":false,"potions_floor_spawned":[1,7,14,16,19],"killed_by":"Book of Stabbing","ascension_level":1}}