{"host":"bf9sa99gaumonoeu","time":1610208904,"event":{"mods":["AchievementEnabler","Act Like it!","BaseMod","Better Sensory Stone","Colored Map","Colored Powertips","Downfall","Friendly Minions","Gensokyo","GifTheSpireLib","Googly Eyes","Hallownest","Hermit","Jorbs\u0027s Wanderer Trilogy","KinomotoSakuraMod(????)","Koishi","Lobotomy","Marisa????????","Minty Spire (QoL Compilation)","Rare Cards Sparkle","Reimu??????","Relic Stats","Remilia??????","StSLib","The Administrix","The Animator","The Bug Knight","The Construct","The Cursed","The Disciple","The Hierophant","The Mystic","The Necromancer","The Poker Player","The Runesmith","The Senshi","The Servant 0.9.4","TheLocksmith"],"gold_per_floor":[118,130,150,164,182,182,210,6,6,18,18,30,30,45,45,145,145,165,90,30,30,30],"floor_reached":21,"playtime":797,"items_purged":[],"score":361,"play_id":"00a2e5e5-dbb1-4a0d-8664-c58d845b6b14","local_time":"20210109141504","is_ascension_mode":true,"campfire_choices":[{"floor":6,"key":"REST"},{"floor":15,"key":"REST"}],"circlet_count":0,"master_deck":["AscendersBane","Strike_B","Strike_B","Strike_B","Defend_B","Defend_B","Defend_B","Defend_B","Zap","Dualcast","Turbo","Conserve Battery","Hologram","Ball Lightning","Skim","Sweeping Beam+1","Flash of Steel","Parasite","Undo","Buffer","Leap","Auto Shields+1"],"relics":["Busted Crown","Letter Opener","Question Card","Philosopher\u0027s Stone"],"acts_visited":["Exordium","TheCity"],"potions_floor_usage":[16,20,20],"damage_taken":[{"damage":8,"enemies":"Small Slimes","floor":1,"turns":4},{"damage":2,"enemies":"Jaw Worm","floor":2,"turns":3},{"damage":3,"enemies":"2 Louse","floor":3,"turns":3},{"damage":38,"enemies":"Gremlin Gang","floor":4,"turns":7},{"damage":0,"enemies":"Exordium Wildlife","floor":5,"turns":3},{"damage":27,"enemies":"Lagavulin","floor":7,"turns":6},{"damage":6,"enemies":"3 Louse","floor":10,"turns":4},{"damage":7,"enemies":"Lots of Slimes","floor":12,"turns":3},{"damage":8,"enemies":"Blue Slaver","floor":14,"turns":3},{"damage":0,"enemies":"Slime Boss","floor":16,"turns":5},{"damage":9,"enemies":"Chosen","floor":18,"turns":6},{"damage":26,"enemies":"2 Thieves","floor":20,"turns":4},{"damage":43,"enemies":"3 Cultists","floor":21,"turns":4}],"seed_played":"-6845367757916938133","potions_obtained":[{"floor":5,"key":"Ancient Potion"},{"floor":7,"key":"EssenceOfSteel"},{"floor":10,"key":"PowerPotion"},{"floor":16,"key":"Regen Potion"}],"is_trial":false,"path_per_floor":["M","M","M","M","M","R","E","$","T","M","?","M","?","M","R","B",null,"M","?","M","M"],"character_chosen":"DEFECT","items_purchased":["Sweeping Beam","Flash of Steel","EssenceOfDarkness"],"campfire_rested":2,"item_purchase_floors":[8,8,8],"current_hp_per_floor":[60,58,55,17,17,39,12,12,12,6,24,17,17,9,31,31,64,55,55,43,0,0],"gold":30,"neow_bonus":"BOSS_RELIC","is_daily":false,"chose_seed":false,"campfire_upgraded":0,"win_rate":0.0,"timestamp":1610208904,"path_taken":["M","M","M","M","M","R","E","$","T","M","?","M","?","M","R","BOSS","M","?","M","M"],"items_purchased_type":["Card","Card","Potion"],"build_version":"2020-12-22","purchased_purges":0,"victory":false,"max_hp_per_floor":[75,75,75,75,75,75,75,75,75,75,75,75,75,75,75,75,75,75,75,75,75,75],"relic_stats":{"Busted Crown":24,"counters":[13,55],"Letter Opener":[65],"Question Card":6,"obtain_stats":[{"Busted Crown":0,"Philosopher\u0027s Stone":17,"Letter Opener":7,"Cracked Core":0,"Question Card":9},{"Busted Crown":0,"Philosopher\u0027s Stone":10,"Letter Opener":6,"Cracked Core":0,"Question Card":6},{"Busted Crown":0,"Philosopher\u0027s Stone":41,"Letter Opener":26,"Cracked Core":0,"Question Card":26}]},"card_choices":[{"not_picked":[],"picked":"Turbo","floor":1},{"not_picked":["Gash"],"picked":"SKIP","floor":2},{"not_picked":[],"picked":"Conserve Battery","floor":3},{"not_picked":[],"picked":"Hologram","floor":4},{"not_picked":[],"picked":"Ball Lightning","floor":5},{"not_picked":[],"picked":"Skim","floor":7},{"not_picked":["Rebound","Barrage"],"picked":"SKIP","floor":10},{"not_picked":["Compile Driver","Blizzard"],"picked":"SKIP","floor":12},{"not_picked":["BootSequence"],"picked":"Undo","floor":14},{"not_picked":["Rainbow"],"picked":"Buffer","floor":16},{"not_picked":["Hologram"],"picked":"Leap","floor":18},{"not_picked":["Go for the Eyes"],"picked":"Auto Shields+1","floor":20}],"player_experience":903294,"relics_obtained":[{"floor":7,"key":"Letter Opener"},{"floor":9,"key":"Question Card"}],"event_choices":[{"damage_healed":18,"gold_gain":0,"player_choice":"Healed and dodged fight","damage_taken":0,"max_hp_gain":0,"max_hp_loss":0,"event_name":"Mushrooms","floor":11,"gold_loss":0,"cards_obtained":["Parasite"]},{"damage_healed":0,"gold_gain":0,"player_choice":"Grow","damage_taken":0,"max_hp_gain":0,"max_hp_loss":0,"event_name":"Living Wall","floor":13,"gold_loss":0,"cards_upgraded":["Sweeping Beam"]},{"cards_removed":["Strike_B"],"damage_healed":0,"gold_gain":0,"player_choice":"Gave Gold","damage_taken":0,"max_hp_gain":0,"max_hp_loss":0,"event_name":"Beggar","floor":19,"gold_loss":75}],"is_beta":false,"boss_relics":[{"not_picked":["Cursed Key","Inserter"],"picked":"Philosopher\u0027s Stone"}],"items_purged_floors":[],"is_endless":false,"potions_floor_spawned":[5,7,10,16],"killed_by":"3 Cultists","ascension_level":11}}