{"host":"minbhrtlkaoly5f0","time":1610188926,"event":{"mods":["Act Like it!","BaseMod","Colored Map","Colored Powertips","Lobotomy","LobotomyExtend","Luminous","Minty Spire (QoL Compilation)","Quick Restart","StSLib"],"gold_per_floor":[116,131,56,56,56,56,75,92,147,147,322,347,347,365,365,365,365],"floor_reached":16,"playtime":435,"items_purged":["SpecialBullet"],"score":100,"play_id":"f4b0e705-c04d-47a7-920c-f6839709a507","local_time":"20210109184206","is_ascension_mode":false,"campfire_choices":[],"circlet_count":0,"master_deck":["SpecialBullet","SpecialBullet","SpecialBullet","SpecialBullet","SpecialBullet","InformationCode","SecurityCode","ExtractionCode","VoidDream","LifeForTheDareDevil","Harvest","Regret","Heaven","Hornet","WelfareCode","Doubt","Mercenary","ParadiseLost","HappyTeddy","Harvest"],"relics":["CogitoBucket","LetterFromLob","MagicBullet_r","Ancient Tea Set","Blood Vial","Shuriken","BehaviorAdjustment"],"acts_visited":["Exordium"],"potions_floor_usage":[16],"damage_taken":[{"damage":6,"enemies":"Cultist","floor":1,"turns":3},{"damage":5,"enemies":"Jaw Worm","floor":2,"turns":3},{"damage":0,"enemies":"2 Louse","floor":7,"turns":1},{"damage":1,"enemies":"Exordium Thugs","floor":8,"turns":2},{"damage":5,"enemies":"3 Sentries","floor":12,"turns":3},{"damage":24,"enemies":"2 Fungi Beasts","floor":14,"turns":3},{"damage":30,"enemies":"Slime Boss","floor":16,"turns":3}],"seed_played":"400179709983757061","potions_obtained":[{"floor":12,"key":"SkillPotion"},{"floor":14,"key":"Energy Potion"}],"is_trial":false,"path_per_floor":["M","M","$","?","?","R","M","M","T","R","?","E","R","M","R","B"],"character_chosen":"Angela","items_purchased":[],"campfire_rested":0,"item_purchase_floors":[],"current_hp_per_floor":[51,46,46,46,46,46,46,45,45,45,45,42,42,26,26,0,0],"gold":365,"neow_bonus":"REMOVE_TWO","is_daily":false,"chose_seed":false,"campfire_upgraded":0,"win_rate":0.0,"timestamp":1610188926,"path_taken":["M","M","$","?","?","R","?","M","T","R","?","E","R","M","R","BOSS"],"items_purchased_type":[],"build_version":"2020-12-22","purchased_purges":1,"victory":false,"max_hp_per_floor":[70,70,70,70,70,70,70,70,70,70,70,70,70,70,70,70,70],"card_choices":[{"not_picked":["MHz","PunishingBird"],"picked":"VoidDream","floor":1},{"not_picked":["GreenStem"],"picked":"LifeForTheDareDevil","floor":1},{"not_picked":["Tough","CUTE"],"picked":"SKIP","floor":1},{"not_picked":["Wingbeat"],"picked":"Harvest","floor":2},{"not_picked":["CherryBlossom","FourthMatchFlame"],"picked":"SKIP","floor":2},{"not_picked":["Noise"],"picked":"Heaven","floor":7},{"not_picked":["TodaysExpression"],"picked":"Hornet","floor":8},{"not_picked":["ShyLook","WhitesApple"],"picked":"Mercenary","floor":12},{"not_picked":["Logging"],"picked":"ParadiseLost","floor":12},{"not_picked":["SnowQueen","Murderer"],"picked":"HappyTeddy","floor":14},{"not_picked":["FourthMatchFlame"],"picked":"Harvest","floor":14}],"player_experience":27882,"relics_obtained":[{"floor":1,"key":"LetterFromLob"},{"floor":9,"key":"Blood Vial"},{"floor":12,"key":"Shuriken"}],"event_choices":[{"damage_healed":0,"gold_gain":0,"player_choice":"Box","damage_taken":0,"relics_obtained":["Ancient Tea Set"],"max_hp_gain":0,"max_hp_loss":0,"event_name":"Big Fish","floor":5,"gold_loss":0,"cards_obtained":["Regret"]},{"damage_healed":0,"gold_gain":175,"player_choice":"AGREE","damage_taken":0,"max_hp_gain":0,"max_hp_loss":0,"event_name":"Liars Game","floor":11,"gold_loss":0,"cards_obtained":["Doubt"]}],"is_beta":false,"boss_relics":[],"items_purged_floors":[3],"is_endless":false,"potions_floor_spawned":[12,14],"killed_by":"Slime Boss","ascension_level":0}}