{"host":"cimxalwyqyblhb3d","time":1610228440,"event":{"mods":["AchievementEnabler","BaseMod","Colored Powertips","Evolution","Minty Spire (QoL Compilation)","Quick Restart","StSLib"],"gold_per_floor":[116,37,2,14,14,47,47,73,73,102,121,134,149,169,169,272,272,284,300,319,332,66,66,79,96,123,152,152,167,117,135,135,232,232,243,258,157,157,176,176,187,187,187,201,221,271,285,185,185,185],"floor_reached":51,"playtime":2339,"items_purged":["WindmillStrike","LessonLearned"],"score":852,"play_id":"89f4914b-6a27-48b9-a614-85e638d939bc","local_time":"20210109224040","is_ascension_mode":false,"campfire_choices":[{"data":"Eruption","floor":7,"key":"SMITH"},{"data":"TalkToTheHand","floor":15,"key":"SMITH"},{"data":"Panacea","floor":23,"key":"SMITH"},{"data":"FlurryOfBlows","floor":28,"key":"SMITH"},{"data":"MasterReality","floor":32,"key":"SMITH"},{"floor":40,"key":"REST"},{"floor":42,"key":"REST"},{"floor":49,"key":"RECALL"}],"circlet_count":0,"master_deck":["BowlingBash","BowlingBash","BowlingBash","BowlingBash","Evaluate","Evaluate","Evaluate","Evaluate","Eruption+1","Vigilance","Tantrum","MentalFortress","WheelKick","TalkToTheHand+1","Halt","FlyingSleeves","Alpha","Indignation","EmptyFist","FlurryOfBlows+1","MasterReality+1","CurseOfTheBell","EmptyFist+1","FlurryOfBlows","Panacea+1","FearNoEvil","Crescendo+1","EmptyFist+1","BattleHymn","FlyingSleeves","FlurryOfBlows","Good Instincts","Wallop+1","CrushJoints+1","TalkToTheHand","CrushJoints+1","FlyingSleeves+1"],"relics":["PureWater","EVO:Axolotl","Lizard Tail","FaceOfCleric","Yang","Shuriken","Mercury Hourglass","Question Card","Calling Bell","Bronze Scales","Pantograph","StoneCalendar","Bag of Marbles","Red Mask","Fusion Hammer","Pear","Peace Pipe"],"acts_visited":["Exordium","TheCity","TheBeyond"],"potions_floor_usage":[8,13,16,18,24,24,24,35,39,45,50,50,50],"damage_taken":[{"damage":0,"enemies":"2 Louse","floor":1,"turns":2},{"damage":0,"enemies":"Cultist","floor":4,"turns":3},{"damage":0,"enemies":"3 Sentries","floor":6,"turns":2},{"damage":0,"enemies":"Gremlin Nob","floor":8,"turns":2},{"damage":29,"enemies":"3 Sentries","floor":10,"turns":3},{"damage":0,"enemies":"Small Slimes","floor":11,"turns":1},{"damage":0,"enemies":"3 Louse","floor":12,"turns":2},{"damage":0,"enemies":"Exordium Thugs","floor":13,"turns":2},{"damage":7,"enemies":"Blue Slaver","floor":14,"turns":3},{"damage":10,"enemies":"The Guardian","floor":16,"turns":7},{"damage":16,"enemies":"Shell Parasite","floor":18,"turns":3},{"damage":2,"enemies":"Spheric Guardian","floor":19,"turns":3},{"damage":4,"enemies":"3 Cultists","floor":20,"turns":4},{"damage":0,"enemies":"Snecko","floor":21,"turns":4},{"damage":3,"enemies":"Snake Plant","floor":24,"turns":3},{"damage":0,"enemies":"Centurion and Healer","floor":25,"turns":2},{"damage":0,"enemies":"Masked Bandits","floor":27,"turns":2},{"damage":0,"enemies":"Shelled Parasite and Fungi","floor":29,"turns":2},{"damage":12,"enemies":"Sentry and Sphere","floor":31,"turns":3},{"damage":22,"enemies":"Automaton","floor":33,"turns":6},{"damage":20,"enemies":"3 Darklings","floor":35,"turns":4},{"damage":19,"enemies":"3 Shapes","floor":36,"turns":2},{"damage":9,"enemies":"Transient","floor":39,"turns":5},{"damage":18,"enemies":"Maw","floor":41,"turns":6},{"damage":2,"enemies":"3 Darklings","floor":44,"turns":3},{"damage":0,"enemies":"Spire Growth","floor":45,"turns":3},{"damage":32,"enemies":"Mind Bloom Boss Battle","floor":46,"turns":6},{"damage":0,"enemies":"Maw","floor":47,"turns":4},{"damage":34,"enemies":"Donu and Deca","floor":50,"turns":5}],"seed_played":"-6690278047510222701","potions_obtained":[{"floor":1,"key":"ColorlessPotion"},{"floor":6,"key":"Weak Potion"},{"floor":11,"key":"BottledMiracle"},{"floor":12,"key":"EssenceOfSteel"},{"floor":16,"key":"BlessingOfTheForge"},{"floor":24,"key":"SteroidPotion"},{"floor":25,"key":"ColorlessPotion"},{"floor":41,"key":"PowerPotion"},{"floor":46,"key":"Ancient Potion"},{"floor":47,"key":"Regen Potion"}],"is_trial":false,"path_per_floor":["M","$","?","M","?","E","R","E","T","E","M","M","M","M","R","B",null,"M","M","M","M","$","R","M","M","T","?","R","M","?","M","R","B",null,"M","M","$","?","M","R","M","R","T","M","M","?","M","$","R","B",null],"character_chosen":"WATCHER","items_purchased":["MentalFortress","Panacea","EntropicBrew","FearNoEvil","FlurryOfBlows"],"campfire_rested":2,"item_purchase_floors":[2,22,22,22,37],"current_hp_per_floor":[68,68,68,68,68,69,69,70,70,42,43,44,45,39,39,30,76,61,60,57,58,58,58,56,57,57,58,58,59,59,48,48,52,86,67,49,49,49,46,72,55,82,92,91,92,71,72,72,72,78],"gold":185,"neow_bonus":"ONE_RARE_RELIC","is_daily":false,"chose_seed":false,"campfire_upgraded":5,"win_rate":0.0,"timestamp":1610228440,"path_taken":["M","$","?","M","?","E","R","E","T","E","M","?","M","M","R","BOSS","M","M","M","M","$","R","M","M","T","?","R","M","?","?","R","BOSS","M","M","$","?","M","R","M","R","T","M","M","?","?","$","R","BOSS"],"items_purchased_type":["Card","Card","Potion","Card","Card"],"build_version":"2020-12-22","purchased_purges":2,"victory":true,"max_hp_per_floor":[68,68,68,68,68,69,69,70,70,71,72,73,74,75,75,76,76,77,78,79,80,80,80,81,82,82,83,83,84,84,85,85,86,86,87,88,88,88,89,89,90,90,100,101,102,103,104,104,104,105],"card_choices":[{"not_picked":["CutThroughFate","FollowUp"],"picked":"Tantrum","floor":1},{"not_picked":["WaveOfTheHand","Weave"],"picked":"WheelKick","floor":4},{"not_picked":["SignatureMove","ThirdEye"],"picked":"TalkToTheHand","floor":6},{"not_picked":["SashWhip","CutThroughFate"],"picked":"Halt","floor":8},{"not_picked":["BowlingBash","CrushJoints"],"picked":"FlyingSleeves","floor":10},{"not_picked":["Evaluate","BowlingBash","BattleHymn"],"picked":"Alpha","floor":11},{"not_picked":["BowlingBash","Adaptation","FollowUp"],"picked":"Indignation","floor":12},{"not_picked":["CutThroughFate","Perseverance","ClearTheMind"],"picked":"EmptyFist","floor":13},{"not_picked":["Prostrate","Halt","Brilliance"],"picked":"FlurryOfBlows","floor":14},{"not_picked":["SpiritShield","Wish","Establishment"],"picked":"MasterReality","floor":16},{"not_picked":["FlyingSleeves","SashWhip","Consecrate"],"picked":"EmptyFist+1","floor":18},{"not_picked":["Halt","CrushJoints+1","EmptyBody"],"picked":"FlurryOfBlows","floor":19},{"not_picked":["EmptyMind","Fasting2","InnerPeace","Swivel"],"picked":"SKIP","floor":20},{"not_picked":["FollowUp","EmptyMind","PathToVictory","Collect"],"picked":"SKIP","floor":21},{"not_picked":["FlyingSleeves+1","JustLucky","ReachHeaven"],"picked":"Crescendo+1","floor":24},{"not_picked":["Vault","Vengeance","Pray+1","Consecrate"],"picked":"SKIP","floor":25},{"not_picked":["BowlingBash","LikeWater+1","Prostrate+1"],"picked":"EmptyFist+1","floor":27},{"not_picked":["ClearTheMind","Study","LikeWater+1","CrushJoints+1"],"picked":"SKIP","floor":29},{"not_picked":["ThirdEye","WheelKick","SashWhip+1"],"picked":"BattleHymn","floor":31},{"not_picked":["Alpha","SpiritShield","Omniscience"],"picked":"LessonLearned","floor":33},{"not_picked":["Collect+1","Consecrate+1","CutThroughFate"],"picked":"WindmillStrike","floor":35},{"not_picked":["SashWhip","CutThroughFate","WaveOfTheHand+1"],"picked":"FlyingSleeves","floor":36},{"not_picked":["Finesse","Discovery","Thinking Ahead"],"picked":"Good Instincts","floor":38},{"not_picked":["JustLucky+1","CrushJoints","ThirdEye"],"picked":"Wallop+1","floor":39},{"not_picked":["EmptyMind","Weave","EmptyBody+1"],"picked":"CrushJoints+1","floor":41},{"not_picked":["Halt","CrushJoints","WaveOfTheHand+1"],"picked":"TalkToTheHand","floor":44},{"not_picked":["Indignation","ClearTheMind","Weave+1"],"picked":"CrushJoints+1","floor":45},{"not_picked":["Study+1","Evaluate","Perseverance+1"],"picked":"FlyingSleeves+1","floor":47}],"player_experience":486893,"relics_obtained":[{"floor":6,"key":"Yang"},{"floor":8,"key":"Shuriken"},{"floor":9,"key":"Mercury Hourglass"},{"floor":10,"key":"Question Card"},{"floor":17,"key":"Bronze Scales"},{"floor":17,"key":"Pantograph"},{"floor":17,"key":"StoneCalendar"},{"floor":26,"key":"Bag of Marbles"},{"floor":27,"key":"Red Mask"},{"floor":43,"key":"Pear"},{"floor":46,"key":"Peace Pipe"}],"event_choices":[{"damage_healed":17,"gold_gain":0,"player_choice":"Healed","damage_taken":0,"max_hp_gain":0,"max_hp_loss":0,"event_name":"The Cleric","floor":3,"gold_loss":35},{"damage_healed":0,"gold_gain":0,"player_choice":"Trade","damage_taken":0,"relics_obtained":["FaceOfCleric"],"max_hp_gain":0,"max_hp_loss":0,"event_name":"FaceTrader","floor":5,"gold_loss":0},{"damage_healed":0,"gold_gain":0,"player_choice":"Fought Bandits","damage_taken":0,"max_hp_gain":0,"max_hp_loss":0,"event_name":"Masked Bandits","floor":27,"gold_loss":0},{"damage_healed":0,"gold_gain":0,"player_choice":"Bet on Murderer","damage_taken":0,"max_hp_gain":0,"max_hp_loss":0,"event_name":"The Joust","floor":30,"gold_loss":50},{"damage_healed":0,"gold_gain":0,"player_choice":"Memory 1","damage_taken":0,"max_hp_gain":0,"max_hp_loss":0,"event_name":"SensoryStone","floor":38,"gold_loss":0},{"damage_healed":0,"gold_gain":0,"player_choice":"Fight","damage_taken":0,"max_hp_gain":0,"max_hp_loss":0,"event_name":"MindBloom","floor":46,"gold_loss":0}],"is_beta":false,"boss_relics":[{"not_picked":["SacredBark","VioletLotus"],"picked":"Calling Bell"},{"not_picked":["Tiny House","Astrolabe"],"picked":"Fusion Hammer"}],"items_purged_floors":[37,48],"is_endless":false,"potions_floor_spawned":[1,6,11,12,16,24,25,27,29,41,46,47],"ascension_level":0}}