{"host":"1ql62c9o0mvto073","time":1610219152,"event":{"mods":["BaseMod","Minty Spire (QoL Compilation)","Replay The Spire","StSLib"],"gold_per_floor":[361,361,361,361,371,371,401,401,401,412,412,427,427,427],"floor_reached":13,"playtime":482,"items_purged":[],"score":83,"play_id":"dd2d8b50-abbc-456f-9758-afd0d3c44ddf","local_time":"20210109140552","is_ascension_mode":false,"campfire_choices":[{"floor":6,"key":"RECALL"}],"circlet_count":0,"master_deck":["Strike_B","Strike_B","Strike_B","Defend_B","Defend_B","Defend_B","Defend_B","Zap","Dualcast","Redo","FTL","Hologram","Compile Driver","Defragment"],"relics":["Cracked Core","Toy Ornithopter","Bottled Lightning"],"acts_visited":["Exordium"],"potions_floor_usage":[7,13],"damage_taken":[{"damage":7,"enemies":"2 Louse","floor":1,"turns":2},{"damage":1,"enemies":"Jaw Worm","floor":5,"turns":4},{"damage":29,"enemies":"3 Sentries","floor":7,"turns":7},{"damage":0,"enemies":"Small Slimes","floor":10,"turns":4},{"damage":6,"enemies":"Exordium Thugs","floor":12,"turns":5},{"damage":31,"enemies":"Lagavulin","floor":13,"turns":3}],"seed_played":"-9127431834861263260","potions_obtained":[{"floor":1,"key":"DuplicationPotion"},{"floor":10,"key":"ColorlessPotion"}],"is_trial":false,"path_per_floor":["M","?","?","T","M","R","E","PTL","PTL","M","T","M","E"],"character_chosen":"DEFECT","items_purchased":[],"campfire_rested":0,"item_purchase_floors":[],"current_hp_per_floor":[68,61,61,61,60,60,31,31,31,31,31,25,0,0],"gold":427,"neow_bonus":"TWO_FIFTY_GOLD","is_daily":false,"chose_seed":false,"campfire_upgraded":0,"win_rate":0.0,"timestamp":1610219152,"path_taken":["M","?","?","?","M","R","E","PTL","PTL","M","T","M","E"],"items_purchased_type":[],"build_version":"2020-12-22","purchased_purges":0,"victory":false,"max_hp_per_floor":[75,75,75,75,75,75,75,75,75,75,75,75,75,75],"card_choices":[{"not_picked":["Hologram","Doom and Gloom"],"picked":"Redo","floor":1},{"not_picked":["ReplayTheSpireMod:GoodbyeWorld","Sweeping Beam"],"picked":"FTL","floor":5},{"not_picked":["Gash","Panic Button"],"picked":"Hologram","floor":7},{"not_picked":["Sunder","Panic Button"],"picked":"Compile Driver","floor":10},{"not_picked":["Buffer","Panic Button"],"picked":"Defragment","floor":12}],"player_experience":398484,"relics_obtained":[{"floor":7,"key":"Toy Ornithopter"},{"floor":11,"key":"Bottled Lightning"}],"event_choices":[{"cards_removed":["Spreading Infection"],"damage_healed":0,"gold_gain":0,"player_choice":"Card Removal","damage_taken":7,"max_hp_gain":0,"max_hp_loss":0,"event_name":"Golden Wing","floor":2,"gold_loss":0}],"is_beta":false,"boss_relics":[],"items_purged_floors":[],"is_endless":false,"potions_floor_spawned":[1,10],"killed_by":"Lagavulin","ascension_level":0}}