{"host":"2c1pg2m9wpz3w4c0","time":1610225794,"event":{"mods":["AchievementEnabler","Act Like it!","Aspiration","BaseMod","Better Note","BetterRewards","Curses Come First","Disable Question Mark Monsters","Halation","Hubris","Infinite Spire","Lotus Mark","Marisa????????","Minty Spire (QoL Compilation)","Replay The Spire","StSLib","SuperFastMode","The Clintock","The Jungle","The Marked","The Runesmith","Transform Curses"],"gold_per_floor":[117,117,44,64,64,64,74,35,35,55,85,85,112,129,129,232,232,247,247,257,257,271,271,271,291,369,369,369,129,143,155,155,250,250,270,289,339,439,439,439],"floor_reached":39,"playtime":1451,"items_purged":[],"score":466,"play_id":"c4a372c8-0ab8-4f9a-96d4-0767d95d8bb2","local_time":"20210109135634","is_ascension_mode":false,"campfire_choices":[{"floor":6.0,"key":"REST"},{"data":"Footwork","floor":6.0,"key":"SMITH"},{"floor":12.0,"key":"REST"},{"data":"Cloak And Dagger","floor":12.0,"key":"SMITH"},{"floor":15.0,"key":"REST"},{"data":"Sucker Punch","floor":15.0,"key":"SMITH"},{"data":"Bullet Time","floor":23.0,"key":"SMITH"},{"data":"Distraction","floor":27.0,"key":"SMITH"},{"floor":32.0,"key":"REST"},{"data":"Runesmith:EarthShield","floor":32.0,"key":"SMITH"}],"circlet_count":0,"master_deck":["Strike_G","Strike_G","Strike_G","Strike_G","Strike_G","Defend_G","Defend_G","Defend_G","Defend_G","Defend_G","Survivor","Neutralize","Cloak And Dagger","Infinite Blades","Footwork+1","Dodge and Roll","lotusMarks:LotusStrike+1","Outmaneuver","Choke","Cloak And Dagger+1","Backflip","lotusMarks:Mark","lotusMarks:SeasonOfFire","Deflect","Deflect","hubris:NaturalOne","Dagger Spray","Cloak And Dagger","Sucker Punch+1","Blade Dance","Bullet Time+1","Distraction+1","ReplayTheSpireMod:Exploit Weakness","Neutralize","Deflect","Prepared","Runesmith:EarthShield+1","lotusMarks:LotusSlash+1","Cloak And Dagger+1","hubris:SlightOfHand+1","Replay:Dark Deal+1","Outmaneuver+1","Terror+1","Phantasmal Killer+1","PiercingWail+1","Noxious Fumes+1","Cloak And Dagger+1"],"relics":["Ring of the Snake","Bronze Scales","infinitespire:Magic Flask","hubris:Icosahedron","halation:LettersToHer","hubris:FunFungus","Blood Vial","WristBlade","Toxic Egg 2","infinitespire:Golems Mask"],"acts_visited":["Exordium","theJungle:Jungle","TheBeyond"],"potions_floor_usage":[35,37],"damage_taken":[{"damage":0.0,"enemies":"2 Louse","floor":1.0,"turns":3.0},{"damage":1.0,"enemies":"Cultist","floor":4.0,"turns":4.0},{"damage":2.0,"enemies":"Jaw Worm","floor":7.0,"turns":5.0},{"damage":6.0,"enemies":"Large Slime","floor":10.0,"turns":7.0},{"damage":12.0,"enemies":"3 Sentries","floor":11.0,"turns":9.0},{"damage":8.0,"enemies":"Lagavulin","floor":13.0,"turns":8.0},{"damage":6.0,"enemies":"Blue Slaver","floor":14.0,"turns":3.0},{"damage":34.0,"enemies":"The Guardian","floor":16.0,"turns":14.0},{"damage":3.0,"enemies":"Shell Parasite","floor":18.0,"turns":5.0},{"damage":0.0,"enemies":"theJungle:Flameango_and_Byrd","floor":20.0,"turns":6.0},{"damage":21.0,"enemies":"theJungle:SlimyTreeVines","floor":22.0,"turns":8.0},{"damage":3.0,"enemies":"theJungle:2_Snecko_Cultists","floor":25.0,"turns":4.0},{"damage":0.0,"enemies":"theJungle:Lyon","floor":30.0,"turns":1.0},{"damage":9.0,"enemies":"theJungle:JungleHuntersEncounter","floor":31.0,"turns":7.0},{"damage":6.0,"enemies":"theJungle:QueenSpyder","floor":33.0,"turns":12.0},{"damage":39,"enemies":"3 Darklings","floor":35,"turns":7},{"damage":0,"enemies":"Orb Walker","floor":36,"turns":2},{"damage":26,"enemies":"Mind Bloom Boss Battle","floor":37,"turns":10},{"damage":25,"enemies":"Spire Growth","floor":39,"turns":4}],"seed_played":"4786624801865785215","potions_obtained":[{"floor":1.0,"key":"Energy Potion"},{"floor":7.0,"key":"ColorlessPotion"},{"floor":14.0,"key":"GamblersBrew"},{"floor":21.0,"key":"Milkshake"},{"floor":21.0,"key":"Flashbang"},{"floor":21.0,"key":"LiquidBronze"},{"floor":25.0,"key":"Elixir"},{"floor":30.0,"key":"PowerPotion"},{"floor":31.0,"key":"Strength Potion"},{"floor":33.0,"key":"Weak Potion"},{"floor":36,"key":"infinitespire:BlackPotion"}],"is_trial":false,"path_per_floor":["M","?","$","M","?","R","M","$","T","M","E","R","E","M","R","B",null,"M","?","M","?","M","R","?","M","T","R","?","$","M","M","R","B",null,"M","M","?","?","M"],"character_chosen":"THE_SILENT","items_purchased":["Bronze Scales","Cloak And Dagger","Infinite Blades","Footwork","Dodge and Roll","lotusMarks:LotusStrike+1","Cloak And Dagger","Backflip","Deflect","hubris:SlightOfHand+1","Replay:Dark Deal+1"],"campfire_rested":4,"item_purchase_floors":[0,0,0,0,0,0,3,3,8,29,29],"current_hp_per_floor":[49,49,49,48,48,69,67,67,67,61,49,70,62,58,70,42,70,68,68,70,70,50,50,50,50,50,50,50,50,52,48,69,70,70,34,36,23,23,0,0],"gold":439,"neow_bonus":"","is_daily":false,"chose_seed":false,"campfire_upgraded":6,"win_rate":0.0,"timestamp":1610225794,"path_taken":["M","?","?","M","?","R","M","$","T","M","E","R","E","M","R","BOSS","M","?","?","?","M","R","?","M","T","R","?","$","?","M","R","BOSS","M","?","?","?","?"],"items_purchased_type":["Relic","Card","Card","Card","Card","Card","Card","Card","Card","Card","Card"],"build_version":"2020-12-22","purchased_purges":0,"victory":false,"max_hp_per_floor":[70,70,70,70,70,70,70,70,70,70,70,70,70,70,70,70,70,70,70,70,70,70,70,70,70,70,70,70,70,70,70,70,70,70,70,70,70,70,70,70],"card_choices":[{"not_picked":["hubris:TrickCloak","Setup"],"picked":"Outmaneuver","floor":1.0},{"not_picked":["Acrobatics","Dodge and Roll"],"picked":"lotusMarks:Mark","floor":4.0},{"not_picked":["Quick Slash","Underhanded Strike"],"picked":"lotusMarks:SeasonOfFire","floor":7.0},{"not_picked":["Dodge and Roll","Bane"],"picked":"Dagger Spray","floor":10.0},{"not_picked":["Outmaneuver","Acrobatics"],"picked":"Cloak And Dagger","floor":11.0},{"not_picked":["Slice","ReplayTheSpireMod:Shiv Toss"],"picked":"Sucker Punch","floor":13.0},{"not_picked":["ReplayTheSpireMod:The Works","Dagger Spray"],"picked":"Blade Dance","floor":14.0},{"not_picked":["Corpse Explosion","Glass Knife"],"picked":"Bullet Time","floor":16.0},{"not_picked":["All Out Attack","Bane"],"picked":"Distraction","floor":18.0},{"not_picked":["Escape Plan","Bane"],"picked":"Deflect","floor":20.0},{"not_picked":["Choke+1","Blade Dance+1"],"picked":"Prepared","floor":22.0},{"not_picked":["lotusMarks:LotusStrike+1","Underhanded Strike+1"],"picked":"lotusMarks:LotusSlash+1","floor":25.0},{"not_picked":["Flying Knee","Dodge and Roll+1"],"picked":"Outmaneuver+1","floor":30.0},{"not_picked":["lotusMarks:LotusSlash","ReplayTheSpireMod:The Works+1"],"picked":"Terror+1","floor":31.0},{"not_picked":["lotusMarks:SkilledExecution+1","Corpse Explosion+1"],"picked":"Phantasmal Killer+1","floor":33.0},{"not_picked":["Bane+1","Finisher+1"],"picked":"PiercingWail+1","floor":35},{"not_picked":["Deadly Poison+1","Bane+1"],"picked":"Noxious Fumes+1","floor":36},{"not_picked":["Sucker Punch","Prepared+1"],"picked":"Cloak And Dagger+1","floor":37}],"player_experience":1153270,"relics_obtained":[{"floor":9.0,"key":"halation:LettersToHer"},{"floor":11.0,"key":"hubris:FunFungus"},{"floor":13.0,"key":"Blood Vial"},{"floor":26.0,"key":"halation:LettersToHer"},{"floor":26.0,"key":"Toxic Egg 2"},{"floor":37,"key":"infinitespire:Golems Mask"}],"event_choices":[{"damage_healed":0.0,"max_hp_gain":0.0,"max_hp_loss":0.0,"gold_gain":0.0,"event_name":"Match and Keep!","player_choice":"1 cards matched","floor":2.0,"gold_loss":0.0,"damage_taken":0.0,"cards_obtained":["Choke"]},{"damage_healed":0.0,"max_hp_gain":0.0,"max_hp_loss":0.0,"gold_gain":0.0,"event_name":"Match and Keep!","player_choice":"2 cards matched","floor":19.0,"gold_loss":0.0,"damage_taken":0.0,"cards_obtained":["ReplayTheSpireMod:Exploit Weakness","Neutralize"]},{"damage_healed":0.0,"max_hp_gain":0.0,"max_hp_loss":0.0,"gold_gain":0.0,"event_name":"Lab","player_choice":"Got Potions","floor":21.0,"gold_loss":0.0,"damage_taken":0.0},{"cards_removed":["Footwork"],"damage_healed":0.0,"max_hp_gain":0.0,"max_hp_loss":0.0,"gold_gain":0.0,"event_name":"betterNote:BetterNote","player_choice":"Take \u0026 Give","floor":24.0,"gold_loss":0.0,"damage_taken":0.0,"cards_obtained":["Runesmith:EarthShield"]},{"damage_healed":0,"gold_gain":0,"player_choice":"Fight","damage_taken":0,"max_hp_gain":0,"max_hp_loss":0,"event_name":"MindBloom","floor":37,"gold_loss":0},{"damage_healed":0,"gold_gain":100,"player_choice":"Pray","damage_taken":0,"max_hp_gain":0,"max_hp_loss":0,"event_name":"Golden Shrine","floor":38,"gold_loss":0}],"is_beta":false,"boss_relics":[{"not_picked":["Honey Jar","Fusion Hammer"],"picked":"WristBlade"},{"not_picked":["hubris:GrandSneckoEye","halation:Yufonium","halation:PinkAlligatorPlush"]}],"items_purged_floors":[],"is_endless":false,"potions_floor_spawned":[1,7,14,25,30,31,33,36],"killed_by":"Spire Growth","ascension_level":0}}