{"host":"3y2rtlgteqp2nuo3","time":1610201466,"event":{"mods":["2.2 Compatiblity","AchievementEnabler","BaseMod","Colored Map","DeckTracker","Highlight Path","Keyboard Shortcuts","Minty Spire (QoL Compilation)","Permanent Neow","Quick Restart","StSLib","SuperFastMode","everything is the same but u backflip on backflip"],"gold_per_floor":[110,123,140,140,155,155,168,179,179,179,104,130,130,144,144,144,144],"floor_reached":16,"playtime":282,"items_purged":["Strike_B"],"score":187,"play_id":"e669e4a7-7d7f-40cc-b702-6c44a3426b2d","local_time":"20210109231106","is_ascension_mode":true,"campfire_choices":[{"data":"Zap","floor":6.0,"key":"SMITH"},{"floor":10.0,"key":"REST"},{"data":"Beam Cell","floor":15,"key":"SMITH"}],"circlet_count":0,"master_deck":["AscendersBane","Strike_B","Strike_B","Strike_B","Defend_B","Defend_B","Defend_B","Defend_B","Zap+1","Dualcast","Finesse","Sweeping Beam","Doom and Gloom","Ball Lightning","Conserve Battery","Rebound","Coolheaded","Beam Cell+1"],"relics":["Cracked Core","Juzu Bracelet","MealTicket","Golden Idol"],"acts_visited":["Exordium"],"potions_floor_usage":[14,16],"damage_taken":[{"damage":6.0,"enemies":"2 Louse","floor":1.0,"turns":3.0},{"damage":0.0,"enemies":"Cultist","floor":2.0,"turns":3.0},{"damage":0.0,"enemies":"Small Slimes","floor":3.0,"turns":2.0},{"damage":12.0,"enemies":"3 Louse","floor":5.0,"turns":3.0},{"damage":6.0,"enemies":"Blue Slaver","floor":7.0,"turns":3.0},{"damage":13.0,"enemies":"Exordium Wildlife","floor":8.0,"turns":3.0},{"damage":22,"enemies":"Lagavulin","floor":12,"turns":4},{"damage":0,"enemies":"Looter","floor":14,"turns":1},{"damage":8,"enemies":"Slime Boss","floor":16,"turns":5}],"seed_played":"8354585778828154412","potions_obtained":[{"floor":1.0,"key":"EssenceOfSteel"},{"floor":2.0,"key":"AttackPotion"},{"floor":4.0,"key":"DistilledChaos"}],"is_trial":false,"path_per_floor":["M","M","M","?","M","R","M","M","T","R","$","E","?","M","R","B"],"character_chosen":"DEFECT","items_purchased":[],"campfire_rested":1,"item_purchase_floors":[],"current_hp_per_floor":[58,58,58,58,46,46,40,27,27,48,48,26,2,2,2,0,0],"gold":144,"neow_bonus":"RANDOM_COLORLESS","is_daily":false,"chose_seed":false,"campfire_upgraded":2,"win_rate":0.0,"timestamp":1610201466,"path_taken":["M","M","M","?","M","R","M","M","T","R","?","E","?","M","R","BOSS"],"items_purchased_type":[],"build_version":"2020-12-22","purchased_purges":1,"victory":false,"max_hp_per_floor":[71,71,71,71,71,71,71,71,71,71,71,71,71,71,71,71,71],"card_choices":[{"not_picked":["Deep Breath","Forethought"],"picked":"Finesse","floor":0.0},{"not_picked":["Chill","Redo"],"picked":"Sweeping Beam","floor":1.0},{"not_picked":["Redo","Glacier"],"picked":"Doom and Gloom","floor":2.0},{"not_picked":["Fusion","Turbo"],"picked":"Ball Lightning","floor":3.0},{"not_picked":["Hologram","Amplify"],"picked":"Conserve Battery","floor":5.0},{"not_picked":["Sweeping Beam","Turbo"],"picked":"Rebound","floor":7.0},{"not_picked":["Aggregate","Hologram"],"picked":"Coolheaded","floor":8.0},{"not_picked":["Storm","Ball Lightning","Gash"],"picked":"SKIP","floor":12},{"not_picked":["Leap","Stack"],"picked":"Beam Cell","floor":14}],"player_experience":657675,"relics_obtained":[{"floor":9.0,"key":"Juzu Bracelet"},{"floor":12,"key":"MealTicket"}],"event_choices":[{"damage_healed":0.0,"max_hp_gain":0.0,"max_hp_loss":0.0,"gold_gain":0.0,"event_name":"Lab","player_choice":"Got Potions","floor":4.0,"gold_loss":0.0,"damage_taken":0.0},{"damage_healed":0,"gold_gain":0,"player_choice":"Take Damage","damage_taken":24,"relics_obtained":["Golden Idol"],"max_hp_gain":0,"max_hp_loss":0,"event_name":"Golden Idol","floor":13,"gold_loss":0}],"is_beta":false,"boss_relics":[],"items_purged_floors":[11],"is_endless":false,"potions_floor_spawned":[1,2,8],"killed_by":"Slime Boss","ascension_level":16}}