{"host":"5x08nt64u3vxxcfi","time":1610175163,"event":{"mods":["BaseMod","Minty Spire (QoL Compilation)","StSLib","SuperFastMode"],"gold_per_floor":[113,288,288,288,304,304,334,349,349,367,2,2,34,34,34,134,134,152,55,55,55,72,103,103,128,128,128,146,173,191,206,206,311,311,321,339,390,436,486,486,498,511,534,534,566,566,566,582,598,598,598],"floor_reached":52,"playtime":1515,"items_purged":[],"score":1213,"play_id":"ad6ca6de-518f-4dc4-8584-e3f7cd012507","local_time":"20210109155243","is_ascension_mode":true,"campfire_choices":[{"data":"Accuracy","floor":6,"key":"SMITH"},{"data":"Infinite Blades","floor":12,"key":"SMITH"},{"data":"Night Terror","floor":15,"key":"SMITH"},{"floor":24,"key":"REST"},{"data":"Tactician","floor":27,"key":"SMITH"},{"floor":32,"key":"REST"},{"data":"A Thousand Cuts","floor":40,"key":"SMITH"},{"floor":46,"key":"REST"},{"data":"Adrenaline","floor":50,"key":"SMITH"}],"circlet_count":0,"master_deck":["Strike_G","Defend_G","Defend_G","Defend_G","Defend_G","Defend_G","Survivor","Neutralize","Poisoned Stab","Accuracy+1","Cloak And Dagger","Infinite Blades+1","Infinite Blades","Finisher","Night Terror+1","Adrenaline+1","Choke+1","Blade Dance","Infinite Blades","Ghostly","Ghostly","Ghostly","Ghostly","Ghostly","Writhe","Acrobatics+1","Poisoned Stab","Concentrate+1","Tactician+1","Acrobatics","Slice+1","Finisher+1","Blade Dance","Infinite Blades","Crippling Poison+1","Prepared+1","Cloak And Dagger","Blur+1","A Thousand Cuts+1","Infinite Blades+1","Escape Plan+1","Burst+1","Escape Plan","Backstab+1","Poisoned Stab","Expertise+1","Accuracy+1","Glass Knife+1","Finisher+1","Finisher+1","Concentrate+1","Cloak And Dagger","Prepared+1","Dagger Throw+1","Choke","Concentrate+1","Blade Dance+1"],"relics":["Ring of the Snake","NeowsBlessing","TungstenRod","Anchor","Ice Cream","Prayer Wheel","Mummified Hand","The Specimen","SacredBark","Incense Burner","Dream Catcher","Happy Flower","Vajra","Red Mask","Astrolabe","Turnip","Snake Skull","Tingsha","Akabeko","Whetstone"],"acts_visited":["Exordium","TheCity","TheBeyond"],"potions_floor_usage":[15,16,33,51],"damage_taken":[{"damage":0,"enemies":"Cultist","floor":1,"turns":1},{"damage":0,"enemies":"Jaw Worm","floor":5,"turns":1},{"damage":0,"enemies":"Gremlin Nob","floor":7,"turns":1},{"damage":0,"enemies":"2 Louse","floor":8,"turns":3},{"damage":3,"enemies":"2 Fungi Beasts","floor":10,"turns":3},{"damage":5,"enemies":"Lagavulin","floor":13,"turns":5},{"damage":57,"enemies":"The Guardian","floor":16,"turns":9},{"damage":17,"enemies":"3 Byrds","floor":18,"turns":5},{"damage":10,"enemies":"Spheric Guardian","floor":22,"turns":4},{"damage":14,"enemies":"Slavers","floor":23,"turns":8},{"damage":0,"enemies":"Gremlin Leader","floor":25,"turns":7},{"damage":17,"enemies":"Snecko","floor":28,"turns":5},{"damage":0,"enemies":"Masked Bandits","floor":29,"turns":2},{"damage":0,"enemies":"Snake Plant","floor":30,"turns":3},{"damage":3,"enemies":"Cultist and Chosen","floor":31,"turns":6},{"damage":0,"enemies":"Champ","floor":33,"turns":7},{"damage":0,"enemies":"Orb Walker","floor":35,"turns":4},{"damage":0,"enemies":"3 Darklings","floor":36,"turns":4},{"damage":2,"enemies":"2 Orb Walkers","floor":37,"turns":6},{"damage":0,"enemies":"Mind Bloom Boss Battle","floor":39,"turns":5},{"damage":12,"enemies":"Maw","floor":41,"turns":6},{"damage":3,"enemies":"Writhing Mass","floor":42,"turns":5},{"damage":13,"enemies":"Giant Head","floor":45,"turns":6},{"damage":0,"enemies":"Transient","floor":48,"turns":5},{"damage":0,"enemies":"4 Shapes","floor":49,"turns":3},{"damage":0,"enemies":"Time Eater","floor":51,"turns":7}],"seed_played":"-1538770259521906455","potions_obtained":[{"floor":1,"key":"EssenceOfSteel"},{"floor":13,"key":"Fruit Juice"},{"floor":23,"key":"SteroidPotion"},{"floor":28,"key":"Dexterity Potion"},{"floor":30,"key":"Swift Potion"},{"floor":31,"key":"DuplicationPotion"},{"floor":33,"key":"FearPotion"}],"is_trial":false,"path_per_floor":["M","?","T","?","M","R","E","M","T","M","$","R","E","?","R","B",null,"M","$","?","?","M","E","R","E","T","R","M","?","M","M","R","B",null,"M","M","?","T","?","R","M","M","T","?","E","R","?","M","M","R","B",null],"character_chosen":"THE_SILENT","items_purchased":["Prayer Wheel","Finisher","Blade Dance","Infinite Blades"],"campfire_rested":3,"item_purchase_floors":[11,11,19,19],"current_hp_per_floor":[70,70,70,70,70,70,70,70,70,67,67,67,62,62,67,10,59,42,42,37,37,27,13,24,24,24,24,7,7,7,4,15,15,32,32,32,30,30,30,30,18,15,15,15,2,13,32,32,32,32,32],"gold":598,"neow_bonus":"THREE_ENEMY_KILL","is_daily":false,"chose_seed":false,"campfire_upgraded":6,"win_rate":0.0,"timestamp":1610175163,"path_taken":["M","?","?","?","M","R","E","M","T","M","$","R","E","?","R","BOSS","M","$","?","?","M","E","R","E","T","R","?","?","M","M","R","BOSS","M","M","?","?","?","R","M","M","T","?","E","R","?","?","M","R","BOSS"],"items_purchased_type":["Relic","Card","Card","Card"],"build_version":"2020-12-22","purchased_purges":0,"victory":true,"max_hp_per_floor":[70,70,70,70,70,70,70,70,70,70,70,70,70,70,75,75,75,75,75,37,37,37,37,37,37,37,37,37,37,37,37,37,37,37,37,37,37,37,37,37,37,37,37,37,37,37,32,32,32,32,32],"card_choices":[{"not_picked":["Expertise","Prepared"],"picked":"Poisoned Stab","floor":1},{"not_picked":["Setup","Backstab"],"picked":"Accuracy","floor":5},{"not_picked":["Outmaneuver","Bouncing Flask"],"picked":"Cloak And Dagger","floor":7},{"not_picked":["Heel Hook","Predator"],"picked":"Infinite Blades","floor":8},{"not_picked":["Riddle With Holes","Underhanded Strike"],"picked":"Infinite Blades","floor":10},{"not_picked":["Dagger Throw","Dagger Spray"],"picked":"Night Terror","floor":13},{"not_picked":["Unload","Die Die Die"],"picked":"Adrenaline","floor":16},{"not_picked":["Dagger Throw","Acrobatics+1"],"picked":"Choke+1","floor":18},{"not_picked":["Underhanded Strike","Calculated Gamble","Outmaneuver"],"picked":"SKIP","floor":18},{"not_picked":["Tactician","Choke+1"],"picked":"Acrobatics+1","floor":22},{"not_picked":["Sucker Punch","Flying Knee"],"picked":"Poisoned Stab","floor":22},{"not_picked":["Deflect","Leg Sweep"],"picked":"Concentrate+1","floor":23},{"not_picked":["Slice+1","Calculated Gamble"],"picked":"Tactician","floor":24},{"not_picked":["Bane+1","Masterful Stab+1"],"picked":"Acrobatics","floor":25},{"not_picked":["Dagger Spray","All Out Attack+1"],"picked":"Slice+1","floor":28},{"not_picked":["Flying Knee","Slice"],"picked":"Finisher+1","floor":28},{"not_picked":["Calculated Gamble","Outmaneuver"],"picked":"Blade Dance","floor":29},{"not_picked":["Bullet Time","Finisher"],"picked":"Infinite Blades","floor":30},{"not_picked":["Poisoned Stab","Slice+1"],"picked":"Crippling Poison+1","floor":30},{"not_picked":["PiercingWail","Poisoned Stab"],"picked":"Prepared+1","floor":31},{"not_picked":["Slice","Crippling Poison"],"picked":"Cloak And Dagger","floor":31},{"not_picked":["Dagger Throw","Riddle With Holes"],"picked":"Blur+1","floor":32},{"not_picked":["Wraith Form v2","Phantasmal Killer"],"picked":"A Thousand Cuts","floor":33},{"not_picked":["Bane","Concentrate+1"],"picked":"Escape Plan","floor":35},{"not_picked":["Heel Hook","Caltrops+1","Distraction"],"picked":"SKIP","floor":35},{"not_picked":["Poisoned Stab","Dagger Throw"],"picked":"Backstab+1","floor":36},{"not_picked":["Backflip+1","Prepared"],"picked":"Poisoned Stab","floor":36},{"not_picked":["Poisoned Stab","Backstab+1"],"picked":"Expertise+1","floor":37},{"not_picked":["Acrobatics+1","Bane"],"picked":"Accuracy+1","floor":39},{"not_picked":["Prepared","Sucker Punch"],"picked":"Glass Knife","floor":41},{"not_picked":["PiercingWail+1","Calculated Gamble+1"],"picked":"Finisher","floor":41},{"not_picked":["Poisoned Stab","Sucker Punch+1"],"picked":"Finisher+1","floor":42},{"not_picked":["Backstab+1","Sucker Punch"],"picked":"Concentrate+1","floor":42},{"not_picked":["Outmaneuver","Bane+1"],"picked":"Cloak And Dagger","floor":45},{"not_picked":["Flying Knee","Leg Sweep+1"],"picked":"Prepared+1","floor":46},{"not_picked":["Deflect","PiercingWail"],"picked":"Dagger Throw+1","floor":48},{"not_picked":["Deflect+1","Acrobatics"],"picked":"Choke","floor":48},{"not_picked":["Flechettes","Quick Slash"],"picked":"Concentrate+1","floor":49},{"not_picked":["Bouncing Flask","Bane"],"picked":"Blade Dance+1","floor":49}],"player_experience":69762,"relics_obtained":[{"floor":3,"key":"TungstenRod"},{"floor":7,"key":"Anchor"},{"floor":9,"key":"Ice Cream"},{"floor":13,"key":"Mummified Hand"},{"floor":14,"key":"The Specimen"},{"floor":23,"key":"Dream Catcher"},{"floor":25,"key":"Happy Flower"},{"floor":26,"key":"Vajra"},{"floor":29,"key":"Red Mask"},{"floor":37,"key":"Turnip"},{"floor":38,"key":"Snake Skull"},{"floor":39,"key":"Tingsha"},{"floor":43,"key":"Akabeko"},{"floor":45,"key":"Whetstone"}],"event_choices":[{"damage_healed":0,"gold_gain":175,"player_choice":"AGREE","damage_taken":0,"max_hp_gain":0,"max_hp_loss":0,"event_name":"Liars Game","floor":2,"gold_loss":0,"cards_obtained":["Doubt"]},{"cards_removed":["Doubt"],"damage_healed":0,"gold_gain":0,"player_choice":"Forget","damage_taken":0,"max_hp_gain":0,"max_hp_loss":0,"event_name":"Living Wall","floor":4,"gold_loss":0},{"damage_healed":0,"gold_gain":0,"player_choice":"Relic","damage_taken":0,"max_hp_gain":0,"max_hp_loss":0,"event_name":"Wheel of Change","floor":14,"gold_loss":0},{"damage_healed":0,"gold_gain":0,"player_choice":"Became a Ghost","damage_taken":0,"max_hp_gain":0,"max_hp_loss":38,"event_name":"Ghosts","floor":20,"gold_loss":0,"cards_obtained":["Ghostly","Ghostly","Ghostly","Ghostly","Ghostly"]},{"damage_healed":0,"gold_gain":0,"player_choice":"Opened","damage_taken":0,"relics_obtained":["Incense Burner"],"max_hp_gain":0,"max_hp_loss":0,"event_name":"The Mausoleum","floor":21,"gold_loss":0,"cards_obtained":["Writhe"]},{"damage_healed":0,"gold_gain":0,"player_choice":"Fought Bandits","damage_taken":0,"max_hp_gain":0,"max_hp_loss":0,"event_name":"Masked Bandits","floor":29,"gold_loss":0},{"damage_healed":0,"gold_gain":0,"player_choice":"Fight","damage_taken":0,"max_hp_gain":0,"max_hp_loss":0,"event_name":"Mysterious Sphere","floor":37,"gold_loss":0},{"damage_healed":0,"gold_gain":0,"player_choice":"Fight","damage_taken":0,"max_hp_gain":0,"max_hp_loss":0,"event_name":"MindBloom","floor":39,"gold_loss":0},{"cards_removed":["Strike_G"],"damage_healed":0,"gold_gain":0,"player_choice":"Removed Attack","damage_taken":0,"max_hp_gain":0,"max_hp_loss":0,"event_name":"Falling","floor":44,"gold_loss":0},{"damage_healed":32,"gold_gain":0,"player_choice":"Heal","damage_taken":0,"max_hp_gain":0,"max_hp_loss":5,"event_name":"The Moai Head","floor":47,"gold_loss":0}],"is_beta":false,"boss_relics":[{"not_picked":["Runic Pyramid","Tiny House"],"picked":"SacredBark"},{"not_picked":["Coffee Dripper","Snecko Eye"],"picked":"Astrolabe"}],"items_purged_floors":[],"is_endless":false,"potions_floor_spawned":[1,13,23,28,30,31,33,36,39,42,45,48],"ascension_level":5}}