{"host":"y9cfhv0nasly8qeh","time":1610183910,"event":{"mods":["BaseMod","GungeonMod","Minty Spire (QoL Compilation)","Relic Stats","Shop Mod","StSLib","[IsaacMod]ÒÔÈö¼âËþ"],"gold_per_floor":[18,33,50,7890,7904,7904,7904],"floor_reached":6,"playtime":397,"items_purged":["Defend_R"],"score":72,"play_id":"cdc08544-0c89-4d39-a52b-90e8bc899c03","local_time":"20210109171830","is_ascension_mode":true,"campfire_choices":[],"circlet_count":0,"master_deck":["AscendersBane","Strike_R","Strike_R","Strike_R","Defend_R","Defend_R","Defend_R","Bash","Shockwave","Shrug It Off","Fire Breathing"],"relics":["Burning Blood","HushsDoor","DeadEye","DemoMod:GnawedKey","HowToJump","Void","DemoMod:MeatBun","DemoMod:GlassGuonStoneRelic"],"acts_visited":["Exordium"],"potions_floor_usage":[5,5],"damage_taken":[{"damage":2,"enemies":"2 Louse","floor":1,"turns":2},{"damage":3,"enemies":"Jaw Worm","floor":2,"turns":4},{"damage":3,"enemies":"Cultist","floor":3,"turns":4},{"damage":19,"enemies":"Gremlin Gang","floor":5,"turns":4},{"damage":0,"enemies":"Gremlin Nob","floor":6,"turns":2}],"seed_played":"-4121297621203371551","potions_obtained":[{"floor":1,"key":"Dexterity Potion"},{"floor":2,"key":"ColorlessPotion"}],"is_trial":false,"path_per_floor":["M","M","M","$","M","E"],"character_chosen":"IRONCLAD","items_purchased":["Shrug It Off","DemoMod:GnawedKey","HowToJump","Void","DemoMod:MeatBun","BlessingOfTheForge"],"campfire_rested":0,"item_purchase_floors":[4,4,4,4,4,4],"current_hp_per_floor":[72,75,75,75,62,0,0],"gold":7904,"neow_bonus":"REMOVE_TWO","is_daily":false,"chose_seed":false,"campfire_upgraded":0,"win_rate":0.0,"timestamp":1610183910,"path_taken":["M","M","M","$","M","E"],"items_purchased_type":["Card","Relic","Relic","Card","Relic","Potion"],"build_version":"2020-12-22","purchased_purges":1,"victory":false,"max_hp_per_floor":[75,75,75,75,75,75,75],"relic_stats":{"counters":[5,16],"obtain_stats":[{"KeepersGift":0,"HowToJump":4,"DemoMod:MeatBun":4,"DemoMod:GlassGuonStoneRelic":1,"DemoMod:GnawedKey":4,"DeadEye":0,"Void":4,"HushsDoor":0,"Burning Blood":0},{"KeepersGift":0,"HowToJump":3,"DemoMod:MeatBun":3,"DemoMod:GlassGuonStoneRelic":1,"DemoMod:GnawedKey":3,"DeadEye":0,"Void":3,"HushsDoor":0,"Burning Blood":0},{"KeepersGift":0,"HowToJump":10,"DemoMod:MeatBun":10,"DemoMod:GlassGuonStoneRelic":2,"DemoMod:GnawedKey":10,"DeadEye":0,"Void":10,"HushsDoor":0,"Burning Blood":0}],"Burning Blood":21},"card_choices":[{"not_picked":[],"picked":"SuicideKing","floor":0.0},{"not_picked":["Pommel Strike","Entrench"],"picked":"Shockwave","floor":1},{"not_picked":["Clash","Thunderclap","Spot Weakness"],"picked":"SKIP","floor":2},{"not_picked":["Dual Wield","Wild Strike","Headbutt"],"picked":"SKIP","floor":3},{"not_picked":["Power Through","Armaments"],"picked":"Fire Breathing","floor":5}],"player_experience":559888,"relics_obtained":[],"event_choices":[],"is_beta":false,"boss_relics":[],"items_purged_floors":[4],"is_endless":false,"potions_floor_spawned":[1,2],"killed_by":"Gremlin Nob","ascension_level":18}}