{"host":"9d9dhukr2jywmy0f","time":1610214266,"event":{"mods":["2.2 Compatiblity","Alarm Clock","BaseMod","Bestiary","Block Reminder","Colored Map","Colored Powertips","Curses Come First","DeckTracker","Energized Spire","Highlight Path","Key Reminder","Minty Spire (QoL Compilation)","Quick Restart","Rare Cards Sparkle","Relic Sorter","Relic Stats","Spire Birthday Party","StSLib","SuperFastMode","Synergy Search","Unceasing Turn Reminder","Unknown Chances"],"gold_per_floor":[117,137,137,187,112,112,145,145,145,159,179,17,33,49,49,123,123,142,162,162,162],"floor_reached":20,"playtime":830,"items_purged":["Doubt"],"score":352,"play_id":"334aaa29-ac31-4271-91fa-1257af9dc14b","local_time":"20210110014426","is_ascension_mode":true,"campfire_choices":[{"data":"Zap","floor":6.0,"key":"SMITH"},{"data":"Dualcast","floor":8.0,"key":"SMITH"},{"data":"Coolheaded","floor":15.0,"key":"SMITH"}],"circlet_count":0,"master_deck":["AscendersBane","Strike_B","Strike_B","Strike_B","Strike_B","Defend_B","Defend_B","Defend_B","Defend_B+1","Zap+1","Dualcast+1","Streamline+1","BootSequence","Coolheaded+1","Ball Lightning","Turbo","Machine Learning","White Noise","White Noise+1"],"relics":["Cracked Core","FossilizedHelix","Pear","keyreminder:keyreminder","Mummified Hand","Membership Card","energizedSpire:EnergizedDie"],"acts_visited":["Exordium","TheCity"],"potions_floor_usage":[19],"damage_taken":[{"damage":3.0,"enemies":"2 Louse","floor":1.0,"turns":3.0},{"damage":0.0,"enemies":"Cultist","floor":2.0,"turns":3.0},{"damage":5.0,"enemies":"Lagavulin","floor":7.0,"turns":8.0},{"damage":0.0,"enemies":"Small Slimes","floor":10.0,"turns":2.0},{"damage":0.0,"enemies":"Exordium Wildlife","floor":11.0,"turns":3.0},{"damage":0.0,"enemies":"2 Fungi Beasts","floor":13.0,"turns":2.0},{"damage":0.0,"enemies":"Blue Slaver","floor":14.0,"turns":3.0},{"damage":14.0,"enemies":"Hexaghost","floor":16.0,"turns":8.0},{"damage":25.0,"enemies":"3 Byrds","floor":18.0,"turns":5.0},{"damage":22,"enemies":"Spheric Guardian","floor":19,"turns":4},{"damage":34,"enemies":"Centurion and Healer","floor":20,"turns":6}],"seed_played":"4348272759751128348","potions_obtained":[{"floor":2.0,"key":"GamblersBrew"},{"floor":7.0,"key":"FocusPotion"},{"floor":10.0,"key":"EssenceOfSteel"},{"floor":18.0,"key":"Regen Potion"}],"is_trial":false,"path_per_floor":["M","M","?","?","$","R","E","R","T","M","M","$","M","M","R","B",null,"M","M","M"],"character_chosen":"DEFECT","items_purchased":["Membership Card"],"campfire_rested":0,"item_purchase_floors":[12],"current_hp_per_floor":[61,61,40,40,40,40,45,45,45,45,45,45,45,45,45,31,69,44,34,0,0],"gold":162,"neow_bonus":"ONE_RARE_RELIC","is_daily":false,"chose_seed":false,"campfire_upgraded":3,"win_rate":0.0,"timestamp":1610214266,"path_taken":["M","M","?","?","$","R","E","R","T","M","M","$","?","M","R","BOSS","M","M","?"],"items_purchased_type":["Relic"],"build_version":"2020-11-30","purchased_purges":1,"victory":false,"max_hp_per_floor":[71,71,71,71,71,71,81,81,81,81,81,81,81,81,81,81,81,81,81,81,81],"relic_stats":{"counters":[11,47],"Mummified Hand":[11],"obtain_stats":[{"keyreminder:keyreminder":7,"Pear":7,"Mummified Hand":9,"energizedSpire:EnergizedDie":17,"Membership Card":12,"Cracked Core":0,"FossilizedHelix":0},{"keyreminder:keyreminder":3,"Pear":3,"Mummified Hand":3,"energizedSpire:EnergizedDie":8,"Membership Card":5,"Cracked Core":0,"FossilizedHelix":0},{"keyreminder:keyreminder":14,"Pear":14,"Mummified Hand":14,"energizedSpire:EnergizedDie":32,"Membership Card":19,"Cracked Core":0,"FossilizedHelix":0}]},"card_choices":[{"not_picked":["Auto Shields","Rebound"],"picked":"Streamline","floor":1.0},{"not_picked":["Self Repair","Steam Power"],"picked":"BootSequence","floor":2.0},{"not_picked":["Reprogram","Beam Cell","Storm"],"picked":"SKIP","floor":7.0},{"not_picked":["Loop","Consume"],"picked":"Coolheaded","floor":10.0},{"not_picked":["Cold Snap","Stack","Blizzard"],"picked":"SKIP","floor":11.0},{"not_picked":["Genetic Algorithm","Doom and Gloom"],"picked":"Ball Lightning","floor":13.0},{"not_picked":["Barrage","Steam Power"],"picked":"Turbo","floor":14.0},{"not_picked":["Hyperbeam","Multi-Cast"],"picked":"Machine Learning","floor":16.0},{"not_picked":["Sweeping Beam","Conserve Battery"],"picked":"White Noise","floor":18.0},{"not_picked":["Glacier","Beam Cell"],"picked":"White Noise+1","floor":19}],"player_experience":799129,"relics_obtained":[{"floor":7.0,"key":"Pear"},{"floor":9.0,"key":"Mummified Hand"}],"event_choices":[{"damage_healed":0.0,"max_hp_gain":0.0,"max_hp_loss":0.0,"gold_gain":0.0,"event_name":"Shining Light","player_choice":"Entered Light","floor":3.0,"gold_loss":0.0,"damage_taken":21.0,"cards_upgraded":["Streamline","Defend_B"]},{"damage_healed":0.0,"max_hp_gain":0.0,"max_hp_loss":0.0,"gold_gain":50.0,"event_name":"Golden Shrine","player_choice":"Pray","floor":4.0,"gold_loss":0.0,"damage_taken":0.0}],"is_beta":false,"boss_relics":[{"not_picked":["SacredBark","energizedSpire:StickyHand"],"picked":"energizedSpire:EnergizedDie"}],"items_purged_floors":[5],"is_endless":false,"potions_floor_spawned":[2,7,10,11,18],"killed_by":"Centurion and Healer","ascension_level":20}}