{"host":"m113y2j4kbc0e5kb","time":1610232347,"event":{"mods":["BaseMod","Colored Powertips","Lobotomy","LobotomyExtend","Minty Spire (QoL Compilation)","StSLib"],"gold_per_floor":[113,130,146,162,162,195,195,224,224,243,243,243,253,270,270,366,366,378,225,238,248,248,248,282,282,282,282,282,282],"floor_reached":28,"playtime":3357,"items_purged":["LittleHelper"],"score":375,"play_id":"2e5b0b64-87a8-428f-8708-0c7c0a4f64ac","local_time":"20210110074547","is_ascension_mode":false,"campfire_choices":[],"circlet_count":0,"master_deck":[],"relics":["CogitoBucket","Strawberry","LetterFromLob","Kunai","Gremlin Horn","Frozen Egg 2","HellTrain","Calling Bell","Ancient Tea Set","Ornamental Fan","TungstenRod","BackwardClock","Shuriken","War Paint"],"acts_visited":["Exordium","TheCity"],"potions_floor_usage":[],"damage_taken":[{"damage":0.0,"enemies":"2 Louse","floor":1.0,"turns":2.0},{"damage":0.0,"enemies":"Small Slimes","floor":2.0,"turns":2.0},{"damage":0.0,"enemies":"Cultist","floor":3.0,"turns":2.0},{"damage":16.0,"enemies":"Large Slime","floor":4.0,"turns":3.0},{"damage":0.0,"enemies":"Gremlin Nob","floor":6.0,"turns":2.0},{"damage":0.0,"enemies":"3 Sentries","floor":8.0,"turns":1.0},{"damage":22.0,"enemies":"3 Louse","floor":10.0,"turns":6.0},{"damage":2.0,"enemies":"2 Fungi Beasts","floor":13.0,"turns":3.0},{"damage":0.0,"enemies":"Gremlin Gang","floor":14.0,"turns":2.0},{"damage":2.0,"enemies":"The Guardian","floor":16.0,"turns":10.0},{"damage":0.0,"enemies":"2 Thieves","floor":18.0,"turns":2.0},{"damage":35,"enemies":"Spheric Guardian","floor":20,"turns":15},{"damage":0,"enemies":"Snake Plant","floor":21,"turns":3},{"damage":1,"enemies":"Gremlin Leader","floor":24,"turns":3}],"seed_played":"-8660530117143592365","potions_obtained":[{"floor":1.0,"key":"Dexterity Potion"},{"floor":2.0,"key":"Dexterity Potion"},{"floor":6.0,"key":"Dexterity Potion"},{"floor":20,"key":"Strength Potion"}],"is_trial":false,"path_per_floor":["M","M","M","M","?","E","R","E","T","M","?","R","M","M","R","B",null,"M","$","M","M","?","R","E","R","T","?","$"],"character_chosen":"Angela","items_purchased":["Ecstasy+1"],"campfire_rested":0,"item_purchase_floors":[19],"current_hp_per_floor":[77,77,77,61,61,61,61,65,65,67,67,67,85,85,85,85,85,89,89,93,97,97,97,101,101,101,101,101,101],"gold":282,"neow_bonus":"RANDOM_COMMON_RELIC","is_daily":false,"chose_seed":false,"campfire_upgraded":0,"win_rate":0.0,"timestamp":1610232347,"path_taken":["M","M","M","M","?","E","R","E","T","M","?","R","M","M","R","BOSS","M","$","M","?","?","R","E","R","T","?","$"],"items_purchased_type":["Card"],"build_version":"2020-12-22","purchased_purges":1,"victory":false,"max_hp_per_floor":[77,77,77,77,77,77,77,81,81,81,81,81,85,85,85,85,85,89,89,93,97,97,97,101,101,101,101,101,101],"card_choices":[{"not_picked":["Tough"],"picked":"Spore","floor":1.0},{"not_picked":["MHz","WallGazer"],"picked":"UniverseFragment","floor":2.0},{"not_picked":["Laetitia_ego"],"picked":"GoldRush","floor":2.0},{"not_picked":["QueenBee","OldLady"],"picked":"LittleHelper","floor":3.0},{"not_picked":["WristCuter"],"picked":"Moonlight","floor":3.0},{"not_picked":["Loneliness","Horn"],"picked":"SKIP","floor":4.0},{"not_picked":["Wellcheers","MHz"],"picked":"DreamingCurrent","floor":6.0},{"not_picked":["Penitence","RedEyes"],"picked":"SKIP","floor":6.0},{"not_picked":["Murderer","HeroicMonk"],"picked":"VoidDream","floor":8.0},{"not_picked":["RapturousDream"],"picked":"BearPaw","floor":8.0},{"not_picked":["Loneliness","Wingbeat"],"picked":"SKIP","floor":10.0},{"not_picked":["FairyFestival","Funeral"],"picked":"OldLady","floor":13.0},{"not_picked":["Soda+1"],"picked":"BearPaw","floor":13.0},{"not_picked":["Wingbeat"],"picked":"Beak","floor":14.0},{"not_picked":["Bloodbath","Funeral","BeautyBeast"],"picked":"Singing Bowl","floor":16.0},{"not_picked":["DaCapo","GoldRush"],"picked":"Mimicry+1","floor":16.0},{"not_picked":["LittlePrince","NakedNest","MHz"],"picked":"Singing Bowl","floor":18.0},{"not_picked":["CherryBlossoms","ShyLook"],"picked":"OSAHOGD","floor":18.0},{"not_picked":["Noise","Justitia","FeatherOfHonor"],"picked":"SKIP","floor":18.0},{"not_picked":["MeatLantern","Bloodbath"],"picked":"Variant","floor":20},{"not_picked":["Laetitia_ego","FourthMatchFlame","Loneliness"],"picked":"SKIP","floor":20},{"not_picked":["SingingMachine","Scorched","BeautyBeast"],"picked":"Singing Bowl","floor":21},{"not_picked":["BigBird","QueenOfHatred"],"picked":"WallGazer","floor":21},{"not_picked":["Penitence","ScreamingWedge","Gaze"],"picked":"SKIP","floor":21},{"not_picked":["Bloodbath","Murderer","Woodsman"],"picked":"Singing Bowl","floor":24},{"not_picked":["SilentOrchestra","HeroicMonk"],"picked":"BodiesMountain","floor":24},{"not_picked":["InTheNameOfLoveAndHate+1","Beak+1"],"picked":"TodaysExpression+1","floor":24}],"player_experience":1095599,"relics_obtained":[{"floor":1.0,"key":"LetterFromLob"},{"floor":6.0,"key":"Kunai"},{"floor":8.0,"key":"Gremlin Horn"},{"floor":9.0,"key":"Frozen Egg 2"},{"floor":17.0,"key":"Ancient Tea Set"},{"floor":17.0,"key":"Ornamental Fan"},{"floor":17.0,"key":"TungstenRod"},{"floor":24,"key":"Shuriken"},{"floor":26,"key":"War Paint"}],"event_choices":[{"damage_healed":0.0,"max_hp_gain":0.0,"max_hp_loss":0.0,"gold_gain":0.0,"event_name":"Living Wall","player_choice":"Grow","floor":5.0,"gold_loss":0.0,"damage_taken":0.0,"cards_upgraded":["Moonlight"]},{"damage_healed":0.0,"max_hp_gain":0.0,"max_hp_loss":0.0,"gold_gain":0.0,"event_name":"Upgrade Shrine","player_choice":"Upgraded","floor":11.0,"gold_loss":0.0,"damage_taken":0.0,"cards_upgraded":["BearPaw"]},{"damage_healed":0,"gold_gain":0,"player_choice":"Smashed Altar","damage_taken":0,"max_hp_gain":0,"max_hp_loss":0,"event_name":"Forgotten Altar","floor":22,"gold_loss":0,"cards_obtained":["Decay"]}],"is_beta":false,"boss_relics":[{"not_picked":["SacredBark","Astrolabe"],"picked":"Calling Bell"}],"items_purged_floors":[19],"is_endless":false,"potions_floor_spawned":[1,2,6,8,13,20,21],"ascension_level":0}}