{"host":"bjzqjr1ycgj8gt55","time":1610155892,"event":{"mods":["100% Spire Juice","BaseMod","Better Altar","Better Match","Better Sensory Stone","Better Skull","Better Third Choice","Better Vampires","Block Reminder","Colored Map","Colored Powertips","GifTheSpireLib","Hermit","Infinite Spire","Minty Spire (QoL Compilation)","Rare Cards Sparkle","Red Circlet Mod","Shade Mod","Shop Mod","Spicy Shops","StSLib","The Cursed","The Jungle","The Marked","The Necromancer","Waifu the Spire","everything is the same but u backflip on backflip","slay the spire mod where everything is the same but ironclad has a cowboy hat"],"gold_per_floor":[116,14,14,14,14,14,49,70,70,70,70,85,85,129,129,248,248,269,48,48,48,48,78,95,122,146,162,173,173,198,198,198,297,297,316,6,24,78,96,96,128,138,220,235,235,235,248,261,261,261],"floor_reached":51,"playtime":3061,"items_purged":["TheCursedMod:Strike_TheCursed","TheCursedMod:Strike_TheCursed","TheCursedMod:Defend_TheCursed"],"score":755,"play_id":"814eaee5-7aa2-40b4-af6a-c96c563b9072","local_time":"20210108193132","is_ascension_mode":true,"campfire_choices":[{"data":"TheCursedMod:Hemoplague","floor":6,"key":"SMITH"},{"floor":11,"key":"REST"},{"floor":13,"key":"REST"},{"data":"TheCursedMod:SmokeScreen","floor":15,"key":"SMITH"},{"data":"TheCursedMod:CollectTribute","floor":29,"key":"SMITH"},{"floor":32,"key":"REST"},{"floor":40,"key":"REST"},{"floor":45,"key":"REST"},{"data":"TheCursedMod:VoidForm","floor":49,"key":"SMITH"}],"circlet_count":0,"master_deck":["TheCursedMod:Strike_TheCursed","TheCursedMod:Defend_TheCursed","TheCursedMod:CursedWand","TheCursedMod:CleanUpWorkshop+1","TheCursedMod:Dregs","TheCursedMod:Neurasthenia+1","TheCursedMod:CursedBoomerang","TheCursedMod:CursedMace","TheCursedMod:Hemoplague+1","Injury","TheCursedMod:VitalStrike","TheCursedMod:Obscuration","TheCursedMod:ReleasedStrength","TheCursedMod:SmokeScreen+1","TheCursedMod:ForbiddenAlchemy","TheCursedMod:CursedAmulet","TheCursedMod:CursedStaff","TheCursedMod:Evocation","TheCursedMod:CollectTribute+1","TheCursedMod:CursedMace","TheCursedMod:VitalStrike+1","TheCursedMod:TroublousMinions+1","TheCursedMod:DoubleShield+1","TheCursedMod:RavingStaff","TheCursedMod:UltimatePain+1","TheCursedMod:SoulCrush+1","TheCursedMod:RapidMovement+1","TheCursedMod:RapidMovement+1","TheCursedMod:VoidForm+1","TheCursedMod:CursedBoomerang+1","TheCursedMod:SmokeScreen+1","TheCursedMod:ReleasedStrength+1"],"relics":["TheCursedMod:BlackMagic101","Bloody Idol","TheCursedMod:DemonicMark","The Courier","Smiling Mask","TheCursedMod:OminousMark","War Paint","Ancient Tea Set","Toxic Egg 2","Omamori","Pantograph","infinitespire:CheckeredPen","Empty Cage","Bottled Tornado","TheCursedMod:SoulVessel","Potion Belt","TheCursedMod:BloodyHarpoon"],"acts_visited":["Exordium","TheCity","TheBeyond"],"potions_floor_usage":[18,20,20,24,25,25,25,25,28,33,33,33,33,33,33,38,38,38,38,38,38,39,39,41,41,41,41,41,41,42,42,42,44,48,48,50,50,50,50,50,50,50,50,50,50,50,50,50,50,50,50],"damage_taken":[{"damage":0,"enemies":"Cultist","floor":1,"turns":4},{"damage":29,"enemies":"3 Sentries","floor":7,"turns":9},{"damage":1,"enemies":"Jaw Worm","floor":8,"turns":2},{"damage":4,"enemies":"2 Louse","floor":12,"turns":2},{"damage":12,"enemies":"Lagavulin","floor":14,"turns":5},{"damage":23,"enemies":"Slime Boss","floor":16,"turns":11},{"damage":0,"enemies":"3 Byrds","floor":18,"turns":5},{"damage":16,"enemies":"2 Thieves","floor":20,"turns":4},{"damage":7,"enemies":"Book of Stabbing","floor":23,"turns":5},{"damage":8,"enemies":"Centurion and Healer","floor":24,"turns":5},{"damage":7,"enemies":"Gremlin Leader","floor":25,"turns":5},{"damage":16,"enemies":"Snecko","floor":27,"turns":4},{"damage":6,"enemies":"Cultist and Chosen","floor":28,"turns":4},{"damage":29,"enemies":"Slavers","floor":30,"turns":9},{"damage":42,"enemies":"Collector","floor":33,"turns":7},{"damage":25,"enemies":"3 Shapes","floor":35,"turns":4},{"damage":6,"enemies":"Orb Walker","floor":37,"turns":2},{"damage":38,"enemies":"2 Orb Walkers","floor":38,"turns":5},{"damage":3,"enemies":"Maw","floor":39,"turns":7},{"damage":35,"enemies":"Reptomancer","floor":41,"turns":6},{"damage":16,"enemies":"Transient","floor":42,"turns":5},{"damage":3,"enemies":"Writhing Mass","floor":44,"turns":5},{"damage":1,"enemies":"4 Shapes","floor":47,"turns":5},{"damage":10,"enemies":"Sphere and 2 Shapes","floor":48,"turns":5},{"damage":28,"enemies":"Donu and Deca","floor":50,"turns":8}],"seed_played":"98123825932045688","potions_obtained":[{"floor":1,"key":"Fire Potion"},{"floor":8,"key":"Ancient Potion"},{"floor":16,"key":"Swift Potion"},{"floor":18,"key":"Regen Potion"},{"floor":20,"key":"Strength Potion"},{"floor":24,"key":"Block Potion"},{"floor":27,"key":"Ancient Potion"},{"floor":35,"key":"Energy Potion"},{"floor":37,"key":"Fire Potion"},{"floor":42,"key":"Swift Potion"}],"is_trial":false,"path_per_floor":["M","$","?","?","?","R","E","M","T","?","R","M","R","E","R","B",null,"M","$","M","?","?","E","M","E","T","M","M","R","E","T","R","B",null,"M","$","M","?","M","R","E","M","T","M","R","?","M","M","R","B",null],"character_chosen":"THE_CURSED","items_purchased":["TheCursedMod:CursedMace","TheCursedMod:Hemoplague","TheCursedMod:CursedStaff","War Paint","Bottled Tornado"],"campfire_rested":5,"item_purchase_floors":[2,2,19,19,36],"current_hp_per_floor":[54,54,54,54,54,54,25,24,24,17,39,35,57,45,45,22,75,75,75,68,68,67,65,62,60,65,54,53,53,29,29,51,38,75,55,55,54,21,36,58,40,41,46,55,75,75,75,75,75,64],"gold":261,"neow_bonus":"THREE_RARE_CARDS","is_daily":false,"chose_seed":false,"campfire_upgraded":4,"win_rate":0.0,"timestamp":1610155892,"path_taken":["M","?","?","?","?","R","E","?","T","?","R","M","R","E","R","BOSS","M","$","M","?","?","E","M","E","T","M","M","R","E","?","R","BOSS","M","$","M","?","M","R","E","M","T","M","R","?","M","M","R","BOSS"],"items_purchased_type":["Card","Card","Card","Relic","Relic"],"build_version":"2020-12-22","purchased_purges":3,"victory":true,"max_hp_per_floor":[75,75,75,75,75,75,75,75,75,75,75,75,75,75,75,75,75,75,75,75,75,75,75,75,75,75,75,75,75,75,75,75,75,75,75,75,75,75,75,75,75,75,75,75,75,75,75,75,75,75],"card_choices":[{"not_picked":["TheCursedMod:ParallelWorld","TheCursedMod:DemonicPact"],"picked":"TheCursedMod:Neurasthenia","floor":0},{"not_picked":["TheCursedMod:CursedShiv","TheCursedMod:ManaBullet"],"picked":"TheCursedMod:CursedBoomerang","floor":1},{"not_picked":["TheCursedMod:AshesToAshes","TheCursedMod:Torture"],"picked":"TheCursedMod:VitalStrike","floor":7},{"not_picked":["TheCursedMod:Wield","TheCursedMod:CursedShiv"],"picked":"TheCursedMod:Obscuration","floor":8},{"not_picked":["TheCursedMod:CursedMace","TheCursedMod:CursedAmulet"],"picked":"TheCursedMod:ReleasedStrength","floor":12},{"not_picked":["TheCursedMod:EmpowerCircles","TheCursedMod:Grudge"],"picked":"TheCursedMod:SmokeScreen","floor":14},{"not_picked":["TheCursedMod:ManaCirculation","TheCursedMod:OutForBlood"],"picked":"TheCursedMod:ForbiddenAlchemy","floor":16},{"not_picked":["TheCursedMod:Obscuration","TheCursedMod:CircleOfCorruption+1"],"picked":"TheCursedMod:CursedAmulet","floor":18},{"not_picked":["TheCursedMod:FuryStrike","TheCursedMod:SpitefulStrike+1"],"picked":"TheCursedMod:Evocation","floor":20},{"not_picked":["TheCursedMod:SurpriseAttack","TheCursedMod:Obscuration"],"picked":"TheCursedMod:CollectTribute","floor":23},{"not_picked":["TheCursedMod:CursedStaff","TheCursedMod:Wield"],"picked":"TheCursedMod:CursedMace","floor":24},{"not_picked":["TheCursedMod:Wield","TheCursedMod:CursedShiv+1"],"picked":"TheCursedMod:VitalStrike+1","floor":25},{"not_picked":["TheCursedMod:WearCloak+1","TheCursedMod:Obscuration+1"],"picked":"TheCursedMod:TroublousMinions+1","floor":27},{"not_picked":["TheCursedMod:FuryStrike","TheCursedMod:Torture+1"],"picked":"TheCursedMod:DoubleShield+1","floor":28},{"not_picked":["TheCursedMod:CircleOfBlood+1","TheCursedMod:SpitefulStrike"],"picked":"TheCursedMod:RavingStaff","floor":30},{"not_picked":["TheCursedMod:DarkBarrier+1","TheCursedMod:CircleOfAbyss+1"],"picked":"TheCursedMod:UltimatePain+1","floor":33},{"not_picked":["TheCursedMod:HellfireBreathing","TheCursedMod:CursedMace+1"],"picked":"TheCursedMod:SoulCrush+1","floor":35},{"not_picked":["TheCursedMod:SpitefulStrike","TheCursedMod:CircleOfFocus+1"],"picked":"TheCursedMod:RapidMovement+1","floor":37},{"not_picked":["TheCursedMod:CursedAmulet+1","TheCursedMod:Stigma"],"picked":"TheCursedMod:RapidMovement+1","floor":38},{"not_picked":["TheCursedMod:SmokeScreen+1","TheCursedMod:CursedArmor+1"],"picked":"TheCursedMod:VoidForm","floor":39},{"not_picked":["TheCursedMod:RavingStaff+1","TheCursedMod:VitalStrike"],"picked":"TheCursedMod:CursedBoomerang+1","floor":41},{"not_picked":["TheCursedMod:Grudge+1","TheCursedMod:RavingStaff+1","TheCursedMod:SpitefulStrike"],"picked":"SKIP","floor":42},{"not_picked":["TheCursedMod:CursedBoomerang","TheCursedMod:DarkBarrier+1"],"picked":"TheCursedMod:SmokeScreen+1","floor":44},{"not_picked":["TheCursedMod:CursedShiv","TheCursedMod:SurpriseAttack+1","TheCursedMod:PrepareRite+1"],"picked":"SKIP","floor":47},{"not_picked":["TheCursedMod:RavingStaff+1","TheCursedMod:ManaBullet+1"],"picked":"TheCursedMod:ReleasedStrength+1","floor":48}],"player_experience":141450,"relics_obtained":[{"floor":7,"key":"TheCursedMod:DemonicMark"},{"floor":9,"key":"The Courier"},{"floor":14,"key":"Smiling Mask"},{"floor":23,"key":"Ancient Tea Set"},{"floor":25,"key":"Toxic Egg 2"},{"floor":26,"key":"Omamori"},{"floor":30,"key":"Pantograph"},{"floor":31,"key":"infinitespire:CheckeredPen"},{"floor":38,"key":"TheCursedMod:SoulVessel"},{"floor":41,"key":"Potion Belt"},{"floor":43,"key":"TheCursedMod:BloodyHarpoon"}],"event_choices":[{"damage_healed":0,"gold_gain":0,"player_choice":"Take Wound","damage_taken":0,"relics_obtained":["Golden Idol"],"max_hp_gain":0,"max_hp_loss":0,"event_name":"Golden Idol","floor":3,"gold_loss":0,"cards_obtained":["Injury"]},{"damage_healed":54,"gold_gain":0,"player_choice":"Embrace Burn","damage_taken":0,"max_hp_gain":0,"max_hp_loss":75,"event_name":"betterThird:BetterShining","floor":4,"gold_loss":0},{"cards_removed":["Burn"],"damage_healed":0,"gold_gain":0,"player_choice":"Purged","damage_taken":0,"max_hp_gain":0,"max_hp_loss":0,"event_name":"Purifier","floor":5,"gold_loss":0},{"cards_removed":["TheCursedMod:Strike_TheCursed"],"damage_healed":0,"gold_gain":0,"player_choice":"Card Removal","damage_taken":7,"max_hp_gain":0,"max_hp_loss":0,"event_name":"Golden Wing","floor":10,"gold_loss":0},{"damage_healed":0,"gold_gain":0,"player_choice":"Ignored","damage_taken":0,"max_hp_gain":0,"max_hp_loss":0,"event_name":"Ghosts","floor":21,"gold_loss":0},{"damage_healed":0,"gold_gain":0,"player_choice":" GoldIdol ","damage_taken":1,"relics_obtained":["Bloody Idol"],"max_hp_gain":68,"max_hp_loss":67,"event_name":"betterAltar:BetterAltar","floor":22,"potions_obtained":[],"relics_lost":["Golden Idol"],"gold_loss":0},{"damage_healed":0,"gold_gain":0,"player_choice":"Fight","damage_taken":0,"max_hp_gain":0,"max_hp_loss":0,"event_name":"Mysterious Sphere","floor":38,"gold_loss":0}],"is_beta":false,"boss_relics":[{"not_picked":["TheCursedMod:FourLeafCloverCharm","TheCursedMod:BlackMagicAdvanced"],"picked":"TheCursedMod:OminousMark"},{"not_picked":["Astrolabe","infinitespire:Cupcake"],"picked":"Empty Cage"}],"items_purged_floors":[19,36,36],"is_endless":false,"potions_floor_spawned":[1,8,16,18,20,24,27,30,35,37,39,42],"ascension_level":1}}