{"host":"5hj512uv6i1x1iks","time":1610220584,"event":{"mods":["BaseMod","Colored Powertips","Minty Spire (QoL Compilation)","Random Character Button","Rare Cards Sparkle","Relic Stats","StSLib","ojb\u0027s Better Paths Mod","ojb\u0027s Info Mod"],"gold_per_floor":[112,112,112,128,144,170,170,198,221,142,142,173,173,198,198,296,296,309,309,388,404,74,74,74,74],"floor_reached":24,"playtime":440,"items_purged":[],"score":360,"play_id":"b05c7213-05bf-4809-8295-88b63af86c98","local_time":"20210109132944","is_ascension_mode":true,"campfire_choices":[{"data":"Zap","floor":7.0,"key":"SMITH"},{"floor":11.0,"key":"REST"},{"floor":15.0,"key":"REST"},{"data":"Doom and Gloom","floor":23.0,"key":"SMITH"}],"circlet_count":0,"master_deck":["AscendersBane","Strike_B","Defend_B","Defend_B","Defend_B","Defend_B","Zap+1","Dualcast","Rip and Tear","Ball Lightning","Rip and Tear","Coolheaded","Doom and Gloom+1","Conserve Battery","Cold Snap","Biased Cognition","Conserve Battery+1","Turbo+1","Thunder Strike+1","Compile Driver","Sweeping Beam+1","Ball Lightning","Rainbow"],"relics":["Cracked Core","NeowsBlessing","Potion Belt","Bronze Scales","Pantograph","Art of War","Smiling Mask","Golden Idol","Astrolabe","Ginger","Kunai","Runic Capacitor"],"acts_visited":["Exordium","TheCity"],"potions_floor_usage":[],"damage_taken":[{"damage":0.0,"enemies":"Small Slimes","floor":1.0,"turns":1.0},{"damage":0.0,"enemies":"Cultist","floor":4.0,"turns":1.0},{"damage":0.0,"enemies":"Jaw Worm","floor":5.0,"turns":1.0},{"damage":26.0,"enemies":"Gremlin Nob","floor":6.0,"turns":4.0},{"damage":25.0,"enemies":"Lagavulin","floor":8.0,"turns":5.0},{"damage":32.0,"enemies":"Gremlin Nob","floor":12.0,"turns":4.0},{"damage":0.0,"enemies":"Looter","floor":14.0,"turns":3.0},{"damage":43.0,"enemies":"Hexaghost","floor":16.0,"turns":11.0},{"damage":17.0,"enemies":"2 Thieves","floor":18.0,"turns":3.0},{"damage":0.0,"enemies":"3 Byrds","floor":21.0,"turns":3.0},{"damage":34,"enemies":"Book of Stabbing","floor":24,"turns":3}],"seed_played":"2018193189468560137","potions_obtained":[{"floor":1.0,"key":"BlessingOfTheForge"},{"floor":8.0,"key":"SpeedPotion"},{"floor":16.0,"key":"Swift Potion"}],"is_trial":false,"path_per_floor":["M","$","?","M","M","E","R","E","T","$","R","E","?","M","R","B",null,"M","?","T","M","$","R","E"],"character_chosen":"DEFECT","items_purchased":["Doom and Gloom","Runic Capacitor","Ball Lightning","Rainbow","Fire Potion"],"campfire_rested":2,"item_purchase_floors":[10,22,22,22,22],"current_hp_per_floor":[64,64,64,64,64,38,38,13,13,13,34,2,2,2,21,3,50,33,33,33,33,33,33,0,0],"gold":74,"neow_bonus":"THREE_ENEMY_KILL","is_daily":false,"chose_seed":false,"campfire_upgraded":2,"win_rate":0.0,"timestamp":1610220584,"path_taken":["M","$","?","M","?","E","R","E","T","$","R","E","?","M","R","BOSS","M","?","?","M","$","R","E"],"items_purchased_type":["Card","Relic","Card","Card","Potion"],"build_version":"2020-12-22","purchased_purges":0,"victory":false,"max_hp_per_floor":[71,71,71,71,71,71,71,71,71,71,71,71,66,66,66,66,66,66,66,66,66,66,66,66,66],"relic_stats":{"counters":[11,39],"Golden Idol":31,"Bronze Scales":[145],"Pantograph":25,"Astrolabe":["Conserve Battery","Turbo","Thunder Strike"],"Art of War":[2],"Ginger":[0],"Kunai":[2],"Smiling Mask":0,"obtain_stats":[{"Potion Belt":3,"NeowsBlessing":0,"Golden Idol":13,"Bronze Scales":6,"Pantograph":8,"Astrolabe":17,"Art of War":9,"Runic Capacitor":22,"Ginger":19,"Kunai":20,"Cracked Core":0,"Smiling Mask":12},{"Potion Belt":1,"NeowsBlessing":0,"Golden Idol":6,"Bronze Scales":4,"Pantograph":5,"Astrolabe":8,"Art of War":5,"Runic Capacitor":10,"Ginger":9,"Kunai":9,"Cracked Core":0,"Smiling Mask":6},{"Potion Belt":1,"NeowsBlessing":0,"Golden Idol":16,"Bronze Scales":7,"Pantograph":12,"Astrolabe":30,"Art of War":12,"Runic Capacitor":36,"Ginger":33,"Kunai":33,"Cracked Core":0,"Smiling Mask":16}]},"card_choices":[{"not_picked":["Steam Power","Steam"],"picked":"Rip and Tear","floor":1.0},{"not_picked":["Capacitor","Hologram"],"picked":"Ball Lightning","floor":4.0},{"not_picked":["Steam","Leap"],"picked":"Rip and Tear","floor":5.0},{"not_picked":["Turbo","Hologram","Recycle"],"picked":"SKIP","floor":6.0},{"not_picked":["Reinforced Body","Gash"],"picked":"Coolheaded","floor":8.0},{"not_picked":["Self Repair","Turbo"],"picked":"Conserve Battery","floor":12.0},{"not_picked":["Fission","Turbo"],"picked":"Cold Snap","floor":14.0},{"not_picked":["Electrodynamics","Reboot"],"picked":"Biased Cognition","floor":16.0},{"not_picked":["Conserve Battery","Streamline"],"picked":"Compile Driver","floor":18.0},{"not_picked":["Capacitor","Go for the Eyes"],"picked":"Sweeping Beam+1","floor":21.0}],"player_experience":563563,"relics_obtained":[{"floor":6.0,"key":"Bronze Scales"},{"floor":8.0,"key":"Pantograph"},{"floor":9.0,"key":"Art of War"},{"floor":12.0,"key":"Smiling Mask"},{"floor":20.0,"key":"Kunai"}],"event_choices":[{"damage_healed":0.0,"max_hp_gain":0.0,"max_hp_loss":0.0,"gold_gain":0.0,"event_name":"WeMeetAgain","player_choice":"Gave Potion","floor":3.0,"gold_loss":0.0,"damage_taken":0.0,"relics_obtained":["Potion Belt"]},{"damage_healed":0.0,"max_hp_gain":0.0,"max_hp_loss":5.0,"gold_gain":0.0,"event_name":"Golden Idol","player_choice":"Lose Max HP","floor":13.0,"gold_loss":0.0,"damage_taken":0.0,"relics_obtained":["Golden Idol"]},{"damage_healed":0.0,"max_hp_gain":0.0,"max_hp_loss":0.0,"gold_gain":0.0,"event_name":"The Mausoleum","player_choice":"Opened","floor":19.0,"gold_loss":0.0,"damage_taken":0.0,"relics_obtained":["Ginger"]}],"is_beta":false,"boss_relics":[{"not_picked":["Empty Cage","Fusion Hammer"],"picked":"Astrolabe"}],"items_purged_floors":[],"is_endless":false,"potions_floor_spawned":[1,8,16],"killed_by":"Book of Stabbing","ascension_level":14}}