{"host":"474oh00kq6ni8dn3","time":1610212258,"event":{"mods":["AchievementEnabler","Aspiration","BaseMod","Bestiary","Colored Map","Colored Powertips","Conspire","Custom Start","Defuse TimeMaze Blight","Downfall","Duelist Mod","GifTheSpireLib","Googly Eyes","GungeonMod","Halation","Hubris","Infinite Spire","Jedi Mod","Minty Spire (QoL Compilation)","Permanent Neow","Quick Restart","Random Character Button","Replay The Spire","Shop Mod","StSLib","Stuff the Spire","The Construct","The Factory","The Jungle","Trackpad","Unceasing Turn Reminder","vexMod"],"gold_per_floor":[145,160,170,73,73,100,100,134,134,134,134,166,166,166,166,270,270,288,188,288,298,311,311,346,362,385,385,385,385,402,402,402,402,402],"floor_reached":33,"playtime":2471,"items_purged":["theDuelist:Sparks","theDuelist:CurseAging"],"score":381,"play_id":"b73a2bfd-fee6-4039-b653-3c4b619ef890","local_time":"20210109171058","is_ascension_mode":false,"campfire_choices":[{"data":"ReplayTheSpireMod:Chaos Vortex","floor":11.0,"key":"SMITH"},{"data":"theDuelist:EvigishkiSoulOgre","floor":13.0,"key":"SMITH"},{"floor":15.0,"key":"REST"},{"data":"theDuelist:EvigishkiSoulOgre","floor":23,"key":"SMITH"},{"data":"theDuelist:Cryomancer","floor":27,"key":"SMITH"},{"data":"theDuelist:MermailAbyssalacia","floor":32,"key":"SMITH"}],"circlet_count":0,"master_deck":["theDuelist:SevenColoredFish","theDuelist:SevenColoredFish","theDuelist:AquaSpirit","theDuelist:CastleWalls","theDuelist:CastleWalls","theDuelist:IslandTurtle","theDuelist:IslandTurtle","theDuelist:RevivalJam","theDuelist:Sparks","theDuelist:AquaactressArowana","theDuelist:AquaactressArowana","theDuelist:EvigishkiSoulOgre+1","theDuelist:GishkiAquamirror","theDuelist:MermailAbyssalacia+1","ReplayTheSpireMod:Chaos Vortex+1","theDuelist:Dewdark","theDuelist:Cryomancer+1","theDuelist:HydraViper","theDuelist:EvigishkiSoulOgre+1","theDuelist:NightmarePenguin+1","theDuelist:Dewdark","theDuelist:IslandTurtle"],"relics":["theDuelist:MillenniumPuzzle","MerchantsRug","DemoMod:SerJunkan","DemoMod:Junk","theDuelist:MillenniumPrayerbook","Bottled Flame","theDuelist:MillenniumKey","Replay:Rubber Ducky","theDuelist:Splashbox","theJungle:WildMango"],"acts_visited":["Exordium","Exordium"],"potions_floor_usage":[],"damage_taken":[{"damage":1.0,"enemies":"Jaw Worm","floor":1.0,"turns":4.0},{"damage":0.0,"enemies":"2 Louse","floor":2.0,"turns":3.0},{"damage":0.0,"enemies":"Small Slimes","floor":3.0,"turns":2.0},{"damage":11.0,"enemies":"3 Sentries","floor":6.0,"turns":11.0},{"damage":2.0,"enemies":"Lagavulin","floor":8.0,"turns":4.0},{"damage":4.0,"enemies":"Gremlin Nob","floor":12.0,"turns":3.0},{"damage":1,"enemies":"Fading Forest","floor":16,"turns":11},{"damage":0,"enemies":"theJungle:MUSHROOMGANG","floor":18,"turns":2},{"damage":11,"enemies":"theJungle:5_Spyders","floor":21,"turns":8},{"damage":0,"enemies":"theJungle:2_Flameangoes","floor":22,"turns":5},{"damage":12,"enemies":"theJungle:2_Phrogs","floor":24,"turns":8},{"damage":0,"enemies":"theJungle:JungleHuntersEncounter","floor":25,"turns":5},{"damage":6,"enemies":"theJungle:2_Snecko_Cultists","floor":30,"turns":4},{"damage":2,"enemies":"theJungle:FunGuy","floor":33,"turns":10}],"seed_played":"290419576848746211","potions_obtained":[{"floor":3.0,"key":"ColorlessPotion"},{"floor":6.0,"key":"theDuelist:IcePotion"},{"floor":8.0,"key":"PowerPotion"},{"floor":21,"key":"LifebloodPotion"}],"is_trial":false,"path_per_floor":["M","M","M","$","?","E","?","E","T","T","R","E","R","?","R","B",null,"M","$","?","M","M","R","E","M","T","R","AVR","?","M","?","R","B"],"character_chosen":"THE_DUELIST","items_purchased":["MerchantsRug","DemoMod:SerJunkan","theDuelist:MermailAbyssalacia"],"campfire_rested":1,"item_purchase_floors":[4,4,4],"current_hp_per_floor":[71,71,71,71,53,42,42,40,40,40,40,38,38,38,59,68,72,72,72,67,56,56,56,44,44,44,44,44,44,38,52,52,50,50],"gold":402,"neow_bonus":"THREE_RARE_CARDS","is_daily":false,"chose_seed":false,"campfire_upgraded":5,"win_rate":0.0,"timestamp":1610212258,"path_taken":["M","M","M","$","?","E","?","E","T","?","R","E","R","?","R","BOSS","M","$","?","M","?","R","E","M","T","R","AVR","?","M","?","R","BOSS"],"items_purchased_type":["Relic","Relic","Card"],"build_version":"2020-12-22","purchased_purges":2,"victory":false,"max_hp_per_floor":[72,72,72,72,72,72,72,72,72,72,72,72,72,72,72,72,72,72,72,72,72,72,72,72,72,72,72,72,72,72,86,86,86,86],"card_choices":[{"not_picked":["theDuelist:MermailAbyssalacia","theDuelist:TripodFish"],"picked":"theDuelist:AquaactressArowana","floor":0.0},{"not_picked":[],"picked":"theDuelist:AquaactressArowana","floor":1.0},{"not_picked":[],"picked":"theDuelist:AquaactressArowana","floor":1.0},{"not_picked":["theDuelist:Monokeros","theDuelist:DewlorenTigerKing"],"picked":"theDuelist:EvigishkiSoulOgre","floor":2.0},{"not_picked":[],"picked":"theDuelist:GishkiAquamirror","floor":3.0},{"not_picked":["infinitespire:Execution","infinitespire:SealOfDarkness+"],"picked":"ReplayTheSpireMod:Chaos Vortex","floor":5.0},{"not_picked":[],"picked":"theDuelist:Dewdark","floor":6.0},{"not_picked":[],"picked":"theDuelist:Cryomancer","floor":8.0},{"not_picked":["theDuelist:GemKnightAmethyst"],"picked":"SKIP","floor":12.0},{"not_picked":[],"picked":"theDuelist:HydraViper","floor":14.0},{"not_picked":[],"picked":"theDuelist:EvigishkiSoulOgre","floor":16},{"not_picked":["theDuelist:SevenColoredFish"],"picked":"SKIP","floor":18},{"not_picked":["theDuelist:FeatherPho"],"picked":"SKIP","floor":21},{"not_picked":[],"picked":"theDuelist:Dewdark","floor":22},{"not_picked":["theDuelist:GiantPairfish"],"picked":"SKIP","floor":24},{"not_picked":["theDuelist:GilfordLegend"],"picked":"SKIP","floor":25},{"not_picked":[],"picked":"theDuelist:IslandTurtle","floor":30}],"player_experience":105010,"relics_obtained":[{"floor":6.0,"key":"DemoMod:Junk"},{"floor":8.0,"key":"DemoMod:Junk"},{"floor":9.0,"key":"Blood Vial"},{"floor":10.0,"key":"Bottled Flame"},{"floor":12.0,"key":"DemoMod:Junk"},{"floor":24,"key":"DemoMod:Junk"},{"floor":26,"key":"Replay:Rubber Ducky"}],"event_choices":[{"damage_healed":0.0,"max_hp_gain":0.0,"max_hp_loss":0.0,"gold_gain":0.0,"event_name":"Millennium Items","player_choice":"Took item - Received: Millennium Prayerbook","duelist":true,"floor":7.0,"gold_loss":0.0,"damage_taken":0.0},{"damage_healed":0,"gold_gain":0,"player_choice":"Leave","damage_taken":0,"max_hp_gain":0,"max_hp_loss":0,"event_name":"conspire:Investor","floor":29,"gold_loss":0}],"is_beta":false,"boss_relics":[{"not_picked":["halation:Prosthetics","StuffTheSpire:Kangaroo"],"picked":"theDuelist:MillenniumKey"}],"items_purged_floors":[4,19],"is_endless":false,"potions_floor_spawned":[3,6,8,12,18,21,25],"killed_by":"theJungle:FunGuy","ascension_level":0}}