{"host":"o7j6aatxjwpw1421","time":1610209428,"event":{"mods":["2.2 Compatiblity","AchievementEnabler","BaseMod","Colored Map","DeckTracker","Highlight Path","Keyboard Shortcuts","Minty Spire (QoL Compilation)","Permanent Neow","Quick Restart","StSLib","SuperFastMode","everything is the same but u backflip on backflip"],"gold_per_floor":[119,44,44,61,61,61,72,37,37,37,37,37,61,73,73,73,73],"floor_reached":16,"playtime":587,"items_purged":["Strike_G"],"score":201,"play_id":"9402cd09-3ecd-432e-88ac-2cf6742fc983","local_time":"20210110012348","is_ascension_mode":true,"campfire_choices":[{"data":"Finisher","floor":6.0,"key":"SMITH"},{"data":"Accuracy","floor":10.0,"key":"SMITH"},{"data":"Footwork","floor":12.0,"key":"SMITH"},{"data":"Noxious Fumes","floor":15,"key":"SMITH"}],"circlet_count":0,"master_deck":["AscendersBane","Strike_G","Strike_G","Strike_G","Defend_G","Defend_G","Defend_G","Defend_G","Survivor","Neutralize","Footwork+1","Finisher+1","Accuracy+1","Noxious Fumes+1","Escape Plan"],"relics":["Ring of the Snake","Pear","Odd Mushroom"],"acts_visited":["Exordium"],"potions_floor_usage":[13],"damage_taken":[{"damage":4.0,"enemies":"Small Slimes","floor":1.0,"turns":4.0},{"damage":2.0,"enemies":"Cultist","floor":4.0,"turns":6.0},{"damage":1.0,"enemies":"2 Louse","floor":7.0,"turns":4.0},{"damage":13,"enemies":"The Mushroom Lair","floor":13,"turns":8},{"damage":7,"enemies":"Large Slime","floor":14,"turns":8},{"damage":31,"enemies":"Hexaghost","floor":16,"turns":9}],"seed_played":"-8543470542592076849","potions_obtained":[{"floor":1.0,"key":"SneckoOil"},{"floor":7.0,"key":"Strength Potion"}],"is_trial":false,"path_per_floor":["M","$","?","M","?","R","M","?","T","R","?","R","?","M","R","B"],"character_chosen":"THE_SILENT","items_purchased":[],"campfire_rested":0,"item_purchase_floors":[],"current_hp_per_floor":[61,61,54,52,52,52,51,69,79,79,84,84,71,64,64,33,33],"gold":73,"neow_bonus":"TEN_PERCENT_HP_BONUS","is_daily":false,"chose_seed":false,"campfire_upgraded":4,"win_rate":0.0,"timestamp":1610209428,"path_taken":["M","$","?","M","?","R","?","?","T","R","?","R","?","M","R","BOSS"],"items_purchased_type":[],"build_version":"2020-12-22","purchased_purges":1,"victory":false,"max_hp_per_floor":[72,72,72,72,72,72,72,72,82,82,87,87,87,87,87,87,87],"card_choices":[{"not_picked":["Expertise","Blade Dance"],"picked":"Footwork","floor":1.0},{"not_picked":["Caltrops","Bane"],"picked":"Finisher","floor":4.0},{"not_picked":["Reflex","Setup"],"picked":"Accuracy","floor":7.0},{"not_picked":["Distraction","Poisoned Stab"],"picked":"Noxious Fumes","floor":13},{"not_picked":["Prepared","Deflect"],"picked":"Escape Plan","floor":14}],"player_experience":469858,"relics_obtained":[{"floor":9.0,"key":"Pear"},{"floor":13,"key":"Odd Mushroom"}],"event_choices":[{"cards_removed":["Defend_G"],"damage_healed":0.0,"max_hp_gain":0.0,"max_hp_loss":0.0,"gold_gain":0.0,"event_name":"Golden Wing","player_choice":"Card Removal","floor":3.0,"gold_loss":0.0,"damage_taken":7.0},{"cards_removed":["Strike_G"],"damage_healed":0.0,"max_hp_gain":0.0,"max_hp_loss":0.0,"gold_gain":0.0,"event_name":"Wheel of Change","player_choice":"Card Removal","floor":5.0,"gold_loss":0.0,"damage_taken":0.0},{"damage_healed":18.0,"max_hp_gain":0.0,"max_hp_loss":0.0,"gold_gain":0.0,"event_name":"The Cleric","player_choice":"Healed","floor":8.0,"gold_loss":35.0,"damage_taken":0.0},{"damage_healed":0.0,"max_hp_gain":5.0,"max_hp_loss":0.0,"gold_gain":0.0,"event_name":"Big Fish","player_choice":"Donut","floor":11.0,"gold_loss":0.0,"damage_taken":0.0},{"damage_healed":0,"gold_gain":0,"player_choice":"Fought Mushrooms","damage_taken":0,"max_hp_gain":0,"max_hp_loss":0,"event_name":"Mushrooms","floor":13,"gold_loss":0}],"is_beta":false,"boss_relics":[],"items_purged_floors":[2],"is_endless":false,"potions_floor_spawned":[1,7],"killed_by":"Hexaghost","ascension_level":20}}