{"host":"i9h64q9gphvrup4n","time":1610165094,"event":{"mods":["2.2 Compatiblity","AchievementEnabler","Aspiration","Astrologer","Bard","BaseMod","Beaked The Cultist","BetterRewards","Colored Powertips","Conspire","Downfall","Gremlin Mod","Hermit","Hubris","Infinite Spire","Jorbs\u0027s Wanderer Trilogy","Minty Spire (QoL Compilation)","Replay The Spire","Shop Mod","StSLib","SuperFastMode","The Blackbeard","The Bladedancer","The Bug Knight","The Construct","The Cursed","The Disciple","The Hierophant","The Jungle","The Necromancer","The Runesmith","The Wild Card","slay the spire mod where everything is the same but ironclad has a cowboy hat","vexMod"],"gold_per_floor":[115,115,115,125,135,135,166,166,166,166,195,195,223,236,236,310,310,330,349,361,461,481,510,529,529,552,578,314,314,92,125,125,204,204,237,266,266,266],"floor_reached":37,"playtime":1763,"items_purged":[],"score":1390,"play_id":"0331d61b-2ab4-4d2d-9bd2-7ef809d478b7","local_time":"20210108220454","is_ascension_mode":true,"campfire_choices":[{"data":"Summon_Undead_Army","floor":6,"key":"SMITH"},{"data":"Summon_Undead_Army","floor":8,"key":"SMITH"},{"floor":10,"key":"REST"},{"floor":15,"key":"RECALL"},{"floor":25,"key":"REST"},{"data":"1","floor":29,"key":"LIFT"},{"floor":32,"key":"DIG"}],"circlet_count":0,"master_deck":["AscendersBane","Strike_W+1","Strike_W","Strike_W","Strike_W","Defend_W","Defend_W","Defend_W","Defend_W","Negative_Energy_Arrows","Bone_Wall","Summon_Undead_Army+1","Death_March_Dance+1","Toxic_Smoke_Screen","Summon_Undead_Army+1","Negative_Energy_Mist","Shade_Step","infinitespire:Execution","Death_March_Dance","Summon_Undead","Summon_Death_Knight","Shade_Step","Uncharnel","Summon_Undead_Army","Toxic_Smoke_Screen","Skeleton_Dragon","Bone_Armory","Specialist","Summon_Undead_Army","Bone_Shift+1","Bone_Armory","Finger_Of_Death+1","Negative_Energy_Mist+1","Bone_Armory","Summon_Vampire_Lady","Skeleton_Dragon","Finger_Of_Death"],"relics":["Vampire_Amulet","Meat on the Bone","Bronze Scales","Toy Ornithopter","Oddly Smooth Stone","FaceOfCleric","Pocketwatch","construct:BoolHorns","Whetstone","vexMod:InvisibilityCloak","conspire:RunicOctahedron","hubris:Zylophone","Girya","Strange Spoon","Orrery","infinitespire:ShieldingShard","MealTicket","infinitespire:EvilPickle","hubris:Backtick","beaked:MendingPlumage"],"acts_visited":["Exordium","TheCity","TheBeyond"],"potions_floor_usage":[13,24,27,33,33],"damage_taken":[{"damage":0,"enemies":"Cultist","floor":1,"turns":3},{"damage":0,"enemies":"2 Louse","floor":4,"turns":5},{"damage":2,"enemies":"Small Slimes","floor":5,"turns":3},{"damage":25,"enemies":"HollowMod:MossKnight","floor":7,"turns":11},{"damage":1,"enemies":"Gremlin Nob","floor":11,"turns":3},{"damage":28,"enemies":"3 Sentries","floor":13,"turns":6},{"damage":1,"enemies":"Looter","floor":14,"turns":2},{"damage":9,"enemies":"The Guardian","floor":16,"turns":7},{"damage":25,"enemies":"conspire:FuzzyDice","floor":18,"turns":5},{"damage":9,"enemies":"Snecko","floor":19,"turns":4},{"damage":12,"enemies":"Snake Plant","floor":20,"turns":3},{"damage":19,"enemies":"Centurion and Healer","floor":22,"turns":6},{"damage":16,"enemies":"HollowMod:Nosk","floor":23,"turns":7},{"damage":17,"enemies":"Cultist and Chosen","floor":24,"turns":6},{"damage":36,"enemies":"conspire:Head Lice","floor":27,"turns":7},{"damage":17,"enemies":"Book of Stabbing","floor":31,"turns":5},{"damage":55,"enemies":"Pondfish","floor":33,"turns":10},{"damage":23,"enemies":"Orb Walker","floor":35,"turns":4},{"damage":61,"enemies":"3 Darklings","floor":36,"turns":5},{"damage":58,"enemies":"2 Orb Walkers","floor":37,"turns":4}],"seed_played":"7748019655148096178","potions_obtained":[{"floor":4,"key":"Swift Potion"},{"floor":11,"key":"PowerPotion"},{"floor":14,"key":"Swift Potion"},{"floor":22,"key":"Fire Potion"},{"floor":27,"key":"Weak Potion"},{"floor":31,"key":"Guardian:BlockOnCardUsePotion"}],"is_trial":false,"path_per_floor":["M","$","?","M","M","R","E","R","T","R","E","?","E","M","R","B",null,"M","M","M","?","M","E","M","R","T","E","$","R","$","E","R","B",null,"M","M","?"],"character_chosen":"NECROMANCER","items_purchased":["Meat on the Bone","Summon_Undead_Army","Bronze Scales","Summon_Undead_Army","Bone_Armory","Strange Spoon","Specialist","Orrery","Bone_Armory"],"campfire_rested":2,"item_purchase_floors":[0,0,0,0,28,28,28,30,30],"current_hp_per_floor":[49,49,49,54,57,57,49,49,49,72,74,55,51,53,53,47,73,53,47,50,50,45,47,52,78,78,68,68,68,68,54,54,53,82,78,51,5,5],"gold":266,"neow_bonus":"","is_daily":false,"chose_seed":false,"campfire_upgraded":2,"win_rate":0.0,"timestamp":1610165094,"path_taken":["M","?","?","M","?","R","E","R","T","R","E","?","E","M","R","BOSS","M","M","M","?","M","E","M","R","T","E","?","R","$","E","R","BOSS","M","M","?"],"items_purchased_type":["Relic","Card","Relic","Card","Card","Relic","Card","Relic","Card"],"build_version":"2020-12-22","purchased_purges":0,"victory":false,"max_hp_per_floor":[75,75,75,76,77,77,78,78,78,78,79,79,80,81,81,82,82,83,84,85,85,86,87,88,88,88,89,89,89,89,90,90,91,91,92,93,93,93],"card_choices":[{"not_picked":["Negative_Energy_Shield","Scare"],"picked":"Death_March_Dance","floor":1},{"not_picked":["Vampiric_Strike","Negative_Energy_Mist"],"picked":"Toxic_Smoke_Screen","floor":4},{"not_picked":["Negative_Energy_Javelin","Shade_Step"],"picked":"Summon_Undead_Army","floor":5},{"not_picked":["Bones_to_Steel","Death_Knell"],"picked":"Negative_Energy_Mist","floor":7},{"not_picked":["Negative_Energy_Burst","Life_Tap"],"picked":"Shade_Step","floor":11},{"not_picked":["infinitespire:SevenWalls","hubris:Fate"],"picked":"infinitespire:Execution","floor":12},{"not_picked":["Blood_Magic","Negative_Energy_Javelin"],"picked":"Death_March_Dance","floor":13},{"not_picked":["Death_March_Dance","Toxic_Smoke_Screen"],"picked":"Summon_Undead","floor":14},{"not_picked":["Negative_Energy_Bomb","Hellfire"],"picked":"Summon_Death_Knight","floor":16},{"not_picked":["Death_Knell","Scare"],"picked":"Shade_Step","floor":18},{"not_picked":["Bone_Armor+1","Blood_for_Blood"],"picked":"Uncharnel","floor":19},{"not_picked":["Blood_Whip","Flesh_Made_Foul"],"picked":"Summon_Undead_Army","floor":20},{"not_picked":["Scare","Vampiric_Strike","Acid_Javelin"],"picked":"SKIP","floor":22},{"not_picked":["Blood_Shield","Thousand_Bone_Knives+1"],"picked":"Toxic_Smoke_Screen","floor":23},{"not_picked":["Necromantic_Selection","Bone_Spikes","Consume_Illness"],"picked":"SKIP","floor":24},{"not_picked":["Finger_Of_Death+1","Bones_to_Steel"],"picked":"Skeleton_Dragon","floor":27},{"not_picked":["Deaths_Shadow+1","Slay_Living+1"],"picked":"Summon_Undead_Army","floor":30},{"not_picked":["Blood_Curse","Vampiric_Strike"],"picked":"Bone_Shift+1","floor":30},{"not_picked":["Death_March_Dance","Blood_Is_Power"],"picked":"Bone_Armory","floor":30},{"not_picked":["Shackles_Of_Pain","Plague_Bolt"],"picked":"Finger_Of_Death+1","floor":30},{"not_picked":["Consume_Illness","Scare"],"picked":"Negative_Energy_Mist+1","floor":30},{"not_picked":["Blood_Curse","Negative_Energy_Bomb"],"picked":"Summon_Vampire_Lady","floor":31},{"not_picked":["Blood_Wake","Requiem"],"picked":"Skeleton_Dragon","floor":33},{"not_picked":["Bone_Spikes+1","Shackles_Of_Pain","Negative_Energy_Sphere"],"picked":"SKIP","floor":35},{"not_picked":["Exploit","Bones_to_Steel"],"picked":"Finger_Of_Death","floor":36}],"player_experience":705626,"relics_obtained":[{"floor":7,"key":"Pocketwatch"},{"floor":9,"key":"construct:BoolHorns"},{"floor":11,"key":"Whetstone"},{"floor":13,"key":"vexMod:InvisibilityCloak"},{"floor":23,"key":"hubris:Zylophone"},{"floor":27,"key":"Girya"},{"floor":31,"key":"infinitespire:ShieldingShard"},{"floor":32,"key":"MealTicket"}],"event_choices":[{"damage_healed":0,"gold_gain":0,"player_choice":"Trade","damage_taken":0,"relics_obtained":["FaceOfCleric"],"max_hp_gain":0,"max_hp_loss":0,"event_name":"FaceTrader","floor":3,"gold_loss":0},{"damage_healed":0,"gold_gain":100,"player_choice":"Pray","damage_taken":0,"max_hp_gain":0,"max_hp_loss":0,"event_name":"Golden Shrine","floor":21,"gold_loss":0},{"damage_healed":0,"gold_gain":0,"player_choice":"Fight","damage_taken":0,"max_hp_gain":0,"max_hp_loss":0,"event_name":"Mysterious Sphere","floor":37,"gold_loss":0}],"is_beta":false,"boss_relics":[{"not_picked":["vexMod:FluxCapacitor","vexMod:MysteryBossChallenge"],"picked":"conspire:RunicOctahedron"},{"not_picked":["vexMod:CursedCompass","aspiration:PoetsPen_weak"],"picked":"hubris:Backtick"}],"items_purged_floors":[],"is_endless":false,"potions_floor_spawned":[4,11,14,19,22,23,27,31],"killed_by":"2 Orb Walkers","ascension_level":13}}