{"host":"9ndbo4kgsfoemf7y","time":1610198090,"event":{"mods":["AchievementEnabler","BaseMod","Colored Map","DeckTracker","Keyboard Shortcuts","Minty Spire (QoL Compilation)","Permanent Neow","Quick Restart","Relic Stats","StSLib","SuperFastMode"],"gold_per_floor":[359,434,454,454,179,214,214,239,239,256,268,168,193,193,193,193,193],"floor_reached":16,"playtime":318,"items_purged":["Strike_R","Strike_R"],"score":236,"play_id":"59775178-5b0a-41f9-89a3-62760920bdf6","local_time":"20210109221450","is_ascension_mode":true,"campfire_choices":[{"data":"Perfected Strike","floor":7.0,"key":"SMITH"},{"floor":15,"key":"REST"}],"circlet_count":0,"master_deck":["AscendersBane","Strike_R+1","Strike_R","Strike_R","Defend_R","Defend_R","Defend_R","Defend_R","Bash","Perfected Strike+1","Perfected Strike","Inflame","Perfected Strike","Barricade+1"],"relics":["Burning Blood","Meat on the Bone","MealTicket","Singing Bowl","Blue Candle","Orichalcum","Blood Vial"],"acts_visited":["Exordium"],"potions_floor_usage":[13],"damage_taken":[{"damage":2.0,"enemies":"2 Louse","floor":1.0,"turns":4.0},{"damage":7.0,"enemies":"Jaw Worm","floor":3.0,"turns":4.0},{"damage":24.0,"enemies":"Gremlin Nob","floor":6.0,"turns":4.0},{"damage":30.0,"enemies":"Lagavulin","floor":8.0,"turns":7.0},{"damage":1.0,"enemies":"Small Slimes","floor":10.0,"turns":3.0},{"damage":9.0,"enemies":"Red Slaver","floor":11.0,"turns":4.0},{"damage":27,"enemies":"Gremlin Nob","floor":13,"turns":4},{"damage":48,"enemies":"The Guardian","floor":16,"turns":9}],"seed_played":"-9094578014489633888","potions_obtained":[{"floor":1.0,"key":"Weak Potion"},{"floor":10.0,"key":"EssenceOfSteel"},{"floor":11.0,"key":"SkillPotion"}],"is_trial":false,"path_per_floor":["M","?","M","?","$","E","R","E","T","M","M","$","E","?","R","B"],"character_chosen":"IRONCLAD","items_purchased":["Inflame","MealTicket"],"campfire_rested":1,"item_purchase_floors":[5,5],"current_hp_per_floor":[68,57,56,38,38,32,32,22,22,41,52,67,46,24,46,0,0],"gold":193,"neow_bonus":"TWO_FIFTY_GOLD","is_daily":false,"chose_seed":false,"campfire_upgraded":1,"win_rate":0.0,"timestamp":1610198090,"path_taken":["M","?","M","?","$","E","R","E","T","M","M","$","E","?","R","BOSS"],"items_purchased_type":["Card","Relic"],"build_version":"2020-12-22","purchased_purges":2,"victory":false,"max_hp_per_floor":[68,68,68,68,68,68,68,70,70,72,74,74,74,74,74,74,74],"relic_stats":{"Blood Vial":2,"Singing Bowl":6,"counters":[8,39],"Blue Candle":[0],"MealTicket":15,"Orichalcum":[54],"obtain_stats":[{"Blood Vial":13,"Singing Bowl":6,"Blue Candle":8,"MealTicket":5,"Orichalcum":9,"Burning Blood":0,"Meat on the Bone":4},{"Blood Vial":7,"Singing Bowl":3,"Blue Candle":4,"MealTicket":2,"Orichalcum":4,"Burning Blood":0,"Meat on the Bone":2},{"Blood Vial":30,"Singing Bowl":12,"Blue Candle":19,"MealTicket":8,"Orichalcum":19,"Burning Blood":0,"Meat on the Bone":8}],"Burning Blood":38,"Meat on the Bone":48},"card_choices":[{"not_picked":["Bloodletting","Whirlwind"],"picked":"Perfected Strike","floor":1.0},{"not_picked":["Clash","True Grit"],"picked":"Perfected Strike","floor":3.0},{"not_picked":["Feel No Pain","Pommel Strike"],"picked":"Perfected Strike","floor":6.0},{"not_picked":["Reckless Charge","Havoc","Rage"],"picked":"Singing Bowl","floor":8.0},{"not_picked":["Dropkick","Second Wind","Heavy Blade"],"picked":"Singing Bowl","floor":10.0},{"not_picked":["Intimidate","Battle Trance","Flex"],"picked":"Singing Bowl","floor":11.0},{"not_picked":["Sword Boomerang","Ghostly Armor"],"picked":"Barricade","floor":13}],"player_experience":800777,"relics_obtained":[{"floor":6.0,"key":"Singing Bowl"},{"floor":8.0,"key":"Blue Candle"},{"floor":9.0,"key":"Orichalcum"},{"floor":13,"key":"Blood Vial"}],"event_choices":[{"damage_healed":0.0,"max_hp_gain":0.0,"max_hp_loss":0.0,"gold_gain":75.0,"event_name":"World of Goop","player_choice":"Gather Gold","floor":2.0,"gold_loss":0.0,"damage_taken":11.0},{"damage_healed":0.0,"max_hp_gain":0.0,"max_hp_loss":0.0,"gold_gain":0.0,"event_name":"Scrap Ooze","player_choice":"Success","floor":4.0,"gold_loss":0.0,"damage_taken":18.0,"relics_obtained":["Meat on the Bone"]},{"damage_healed":0,"gold_gain":0,"player_choice":"Entered Light","damage_taken":22,"max_hp_gain":0,"max_hp_loss":0,"event_name":"Shining Light","floor":14,"gold_loss":0,"cards_upgraded":["Strike_R","Barricade"]}],"is_beta":false,"boss_relics":[],"items_purged_floors":[5,12],"is_endless":false,"potions_floor_spawned":[1,10,11],"killed_by":"The Guardian","ascension_level":20}}