{"host":"61xbmbtf5zrn7rzc","time":1610175962,"event":{"mods":["BaseMod","Challenge The Spire","Downfall","Hubris","Minty Spire (QoL Compilation)","Replay The Spire","StSLib","SuperFastMode","The Marked"],"gold_per_floor":[99,114,214,214,234,234,234,253,279,32,45,65,65,65,84,186,186,36,51,67,67,52,52,77,97,130,150,163,88,105,120,139,234,234,234,234,79,98,114,114,114,139,139,173,173,185,185,220,233,233],"floor_reached":51,"playtime":2562,"items_purged":["Guardian:Strike_Guardian","Guardian:Strike_Guardian"],"score":893,"play_id":"408db548-0440-40bd-b6b6-7583502c45a8","local_time":"20210109020602","is_ascension_mode":true,"campfire_choices":[{"floor":1,"key":"RECALL"},{"data":"Guardian:SentryBeam","floor":13,"key":"SMITH"},{"data":"Guardian:CompilePackage","floor":18,"key":"SMITH"},{"data":"Guardian:StasisEngine","floor":23,"key":"SMITH"},{"data":"Guardian:BronzeArmor","floor":29,"key":"SMITH"},{"data":"Guardian:TwinSlam","floor":35,"key":"SMITH"},{"data":"Replay:SS_forest_2","floor":43,"key":"SMITH"},{"data":"Guardian:TimeCapacitor","floor":45,"key":"SMITH"},{"data":"Guardian:Defend_Guardian","floor":47,"key":"SMITH"}],"circlet_count":0,"master_deck":["Guardian:Strike_Guardian","Guardian:Defend_Guardian","Guardian:Defend_Guardian+1","Guardian:Defend_Guardian","Guardian:Defend_Guardian","Guardian:TwinSlam+1","Replay:GuardianBash+1","Thunderclap","Guardian:StasisEngine+1","Guardian:BronzeArmor+1","Guardian:SentryBeam+1","Guardian:FuturePlans","Guardian:CompilePackage+1","Guardian:TimeCapacitor+1","Guardian:BronzeArmor","Guardian:TimeSifter","expansioncontent:DarkVoid","Replay:SS_forest_2+1","expansioncontent:Collect","Guardian:BronzeOrb+1","Guardian:Orbwalk+1","Guardian:SentryBeam+1","Guardian:Suspension+1"],"relics":["m_GuardianBlood","Bag of Preparation","ClockworkSouvenir","Coffee Dripper","downfall:HeartBlessingRed","downfall:HeartBlessingGreen","hubris:Towel","Blood Vial","Letter Opener","downfall:HeartBlessingBlue","SlaversCollar","Bronze Scales","TungstenRod","ReplayTheSpireMod:Shallot","Ice Cream"],"acts_visited":["Exordium","TheCity","TheBeyond"],"potions_floor_usage":[9,9,26,33,33,42,46,48,49],"damage_taken":[{"damage":5,"enemies":"Cultist","floor":2,"turns":4},{"damage":7,"enemies":"Small Slimes","floor":5,"turns":3},{"damage":1,"enemies":"2 Louse","floor":8,"turns":4},{"damage":19,"enemies":"Gremlin Nob","floor":9,"turns":4},{"damage":0,"enemies":"downfall:FleeingMerchant","floor":10,"turns":4},{"damage":11,"enemies":"Blue Slaver","floor":11,"turns":4},{"damage":4,"enemies":"3 Louse","floor":12,"turns":4},{"damage":5,"enemies":"Red Slaver","floor":15,"turns":3},{"damage":38,"enemies":"downfall:Defect","floor":16,"turns":10},{"damage":0,"enemies":"Shell Parasite","floor":19,"turns":4},{"damage":0,"enemies":"Chosen","floor":20,"turns":4},{"damage":9,"enemies":"downfall:FleeingMerchant","floor":22,"turns":4},{"damage":8,"enemies":"Shelled Parasite and Fungi","floor":25,"turns":3},{"damage":7,"enemies":"Replay:Snechameleon","floor":26,"turns":4},{"damage":8,"enemies":"Chosen and Byrds","floor":27,"turns":4},{"damage":7,"enemies":"Sentry and Sphere","floor":28,"turns":4},{"damage":12,"enemies":"Snake Plant","floor":30,"turns":3},{"damage":11,"enemies":"Centurion and Healer","floor":31,"turns":3},{"damage":0,"enemies":"3 Cultists","floor":32,"turns":3},{"damage":62,"enemies":"downfall:Ironclad","floor":33,"turns":5},{"damage":0,"enemies":"downfall:FleeingMerchant","floor":37,"turns":4},{"damage":6,"enemies":"3 Darklings","floor":38,"turns":3},{"damage":0,"enemies":"3 Shapes","floor":39,"turns":3},{"damage":7,"enemies":"Reptomancer","floor":42,"turns":5},{"damage":30,"enemies":"R_Hoarder","floor":44,"turns":5},{"damage":21,"enemies":"Jaw Worm Horde","floor":46,"turns":4},{"damage":2,"enemies":"Nemesis","floor":48,"turns":7},{"damage":2,"enemies":"Spire Growth","floor":49,"turns":4},{"damage":32,"enemies":"downfall:Silent","floor":50,"turns":9}],"seed_played":"1394165574491899762","potions_obtained":[{"floor":2,"key":"Weak Potion"},{"floor":8,"key":"Languid Potion"},{"floor":12,"key":"Reflective Coating"},{"floor":19,"key":"BlessingOfTheForge"},{"floor":20,"key":"BlessingOfTheForge"},{"floor":30,"key":"Dexterity Potion"},{"floor":33,"key":"Weak Potion"},{"floor":38,"key":"Languid Potion"},{"floor":39,"key":"ColorlessPotion"},{"floor":42,"key":"PowerPotion"}],"is_trial":false,"path_per_floor":["R","M","?","?","M","?","T","M","E","$","M","M","R","?","M","B",null,"R","M","M","?","$","R","T","M","E","M","M","R","M","M","M","B",null,"R","?","?","M","M","?","T","E","R","E","R","M","R","E","M","B",null],"character_chosen":"GUARDIAN","items_purchased":["ClockworkSouvenir","Guardian:BronzeOrb"],"campfire_rested":0,"item_purchase_floors":[10,37],"current_hp_per_floor":[88,83,83,83,82,82,82,87,74,80,75,77,77,77,78,46,88,88,88,88,88,85,85,85,85,86,86,87,97,92,89,97,42,98,98,88,96,98,98,98,98,97,97,74,74,61,61,67,73,49],"gold":233,"neow_bonus":"TEN_PERCENT_HP_BONUS","is_daily":false,"chose_seed":false,"campfire_upgraded":8,"win_rate":0.0,"timestamp":1610175962,"path_taken":["R","M","?","?","M","?","T","M","E","?","M","?","R","?","M","BOSS","R","M","M","?","$","R","T","M","E","M","M","R","M","M","M","BOSS","R","?","?","M","M","?","T","E","R","E","R","?","R","E","M","BOSS"],"items_purchased_type":["Relic","Card"],"build_version":"2020-12-22","purchased_purges":2,"victory":true,"max_hp_per_floor":[88,88,88,88,88,88,88,88,88,88,88,88,88,88,88,88,88,88,88,88,88,88,88,88,88,88,88,88,98,98,98,98,98,98,98,98,98,98,98,98,98,98,98,98,98,98,98,98,98,98],"card_choices":[{"not_picked":["Guardian:Harden","Guardian:FuturePlans"],"picked":"Guardian:Gem_Fragmented","floor":2},{"not_picked":["Guardian:Reroute","Guardian:Gem_Lightblue"],"picked":"Guardian:Gem_Green","floor":5},{"not_picked":["Guardian:ArmoredProtocol","Guardian:Repulse"],"picked":"Thunderclap","floor":8},{"not_picked":["Guardian:Gem_Crimson","Guardian:Gem_Fragmented"],"picked":"Guardian:StasisEngine","floor":9},{"not_picked":["Guardian:RollAttack","Guardian:StasisStrike"],"picked":"Guardian:BronzeArmor","floor":10},{"not_picked":["Guardian:RollAttack","Guardian:Reroute","Guardian:TimeCapacitor"],"picked":"SKIP","floor":11},{"not_picked":["Guardian:PrismaticBarrier","Flex"],"picked":"Guardian:SentryBeam","floor":12},{"not_picked":["Guardian:VentSteam","Thunderclap"],"picked":"Guardian:FuturePlans","floor":15},{"not_picked":["Double Tap","Guardian:SphericShield"],"picked":"Guardian:CompilePackage","floor":16},{"not_picked":["Guardian:CrystalBeam","Guardian:TemporalStrike"],"picked":"Guardian:Gem_Crimson","floor":19},{"not_picked":["Guardian:PrimingBeam","Guardian:SpikerProtocol+1"],"picked":"Guardian:TimeCapacitor","floor":20},{"not_picked":["Guardian:RollAttack+1","Guardian:Gem_Lightblue"],"picked":"Guardian:Gem_Blue","floor":22},{"not_picked":["Guardian:SphericShield","Guardian:Reroute+1","Guardian:TimeCapacitor"],"picked":"SKIP","floor":25},{"not_picked":["Guardian:PrimingBeam","Guardian:Incinerate"],"picked":"Guardian:BronzeArmor","floor":26},{"not_picked":["Guardian:PrimingBeam","Guardian:RollAttack+1","Guardian:Recover"],"picked":"SKIP","floor":27},{"not_picked":["Guardian:Suspension+1","Guardian:ChargeCore+1","Guardian:Gem_Red"],"picked":"SKIP","floor":28},{"not_picked":["Guardian:Gem_Cyan","Guardian:RollAttack","Guardian:ChargeUp"],"picked":"SKIP","floor":30},{"not_picked":["Guardian:Gem_Blue","Guardian:ChargeCore","Guardian:MultiBeam"],"picked":"SKIP","floor":31},{"not_picked":["Guardian:Suspension+1","Guardian:Incinerate","Guardian:CrystalBeam"],"picked":"SKIP","floor":32},{"not_picked":["Guardian:CompilePackage","Guardian:ConstructionForm"],"picked":"Guardian:TimeSifter","floor":33},{"not_picked":["Replay:SS_forest_6","expansioncontent:SuperHexaguard"],"picked":"expansioncontent:DarkVoid","floor":36},{"not_picked":["Replay:SS_hec_2","expansioncontent:DonusPower"],"picked":"Replay:SS_forest_2","floor":36},{"not_picked":["Replay:SS_fish_2","expansioncontent:PrepareCrush"],"picked":"expansioncontent:Collect","floor":36},{"not_picked":["Guardian:PrismaticBeam+1","Guardian:CrystalBeam","Guardian:ShieldCharger"],"picked":"SKIP","floor":37},{"not_picked":["Guardian:DecasProtection","Guardian:WalkerClaw+1","Guardian:GemFinder"],"picked":"SKIP","floor":38},{"not_picked":["Guardian:WalkerClaw+1","Guardian:MultiBeam"],"picked":"Guardian:Orbwalk+1","floor":39},{"not_picked":["Guardian:Reroute","Guardian:Suspension","Guardian:Emergency+1"],"picked":"SKIP","floor":42},{"not_picked":["Guardian:Planning+1","Guardian:WalkerClaw+1"],"picked":"Guardian:SentryBeam+1","floor":44},{"not_picked":["Guardian:Gem_Red","Guardian:PrimingBeam","Guardian:Emergency"],"picked":"SKIP","floor":46},{"not_picked":["Guardian:CrystalBeam","Guardian:CompilePackage"],"picked":"Guardian:Suspension+1","floor":48},{"not_picked":["Guardian:CrystalBeam+1","Guardian:TemporalShield+1","Guardian:Gem_Purple"],"picked":"SKIP","floor":49}],"player_experience":173443,"relics_obtained":[{"floor":9,"key":"Bag of Preparation"},{"floor":24,"key":"Blood Vial"},{"floor":26,"key":"Letter Opener"},{"floor":41,"key":"Bronze Scales"},{"floor":42,"key":"TungstenRod"},{"floor":44,"key":"ReplayTheSpireMod:Shallot"},{"floor":48,"key":"Ice Cream"}],"event_choices":[{"damage_healed":0,"gold_gain":0,"player_choice":"Grow","damage_taken":0,"max_hp_gain":0,"max_hp_loss":0,"event_name":"Living Wall","floor":6,"gold_loss":0,"cards_upgraded":["Replay:GuardianBash"]},{"cards_removed":["Guardian:Strike_Guardian"],"damage_healed":0,"gold_gain":0,"player_choice":"Card Removal","damage_taken":0,"max_hp_gain":0,"max_hp_loss":0,"event_name":"The Cleric","floor":14,"gold_loss":0}],"is_beta":false,"boss_relics":[{"not_picked":["Empty Cage","Runic Pyramid"],"picked":"Coffee Dripper"},{"not_picked":["Replay:Grab Bag","ChewingGum"],"picked":"SlaversCollar"}],"items_purged_floors":[10,37],"is_endless":false,"potions_floor_spawned":[2,8,12,19,20,30,31,33,38,39,42],"ascension_level":3}}