{"host":"7k2a2omxz3voj5ax","time":1610221796,"event":{"mods":["BaseMod","Marisa£¨ìFÓê¡¡Ä§ÀíÉ³£©","Minty Spire (QoL Compilation)","Quick Restart","Spicy Shops","StSLib","Starting Relic: Pandora\u0027s Box","óô»ðÖ¸ÄÏ"],"gold_per_floor":[119,188,188,207,207,245,245,281,281,281,314,314,29,50,50,140,140,153,168,168,74,97,97,97,97,97,97,133,174,12,12,12],"floor_reached":31,"playtime":578,"items_purged":[],"score":724,"play_id":"eae31563-5f61-4ab8-871c-1b32fc7089ef","local_time":"20210110044956","daily_mods":["SealedDeck","Diverse","Heirloom","Flight","DeadlyEvents","Elite Swarm","Lethality"],"is_ascension_mode":true,"campfire_choices":[{"data":"Searing Blow","floor":7.0,"key":"SMITH"},{"data":"Searing Blow+1","floor":10.0,"key":"SMITH"},{"data":"Searing Blow+2","floor":12.0,"key":"SMITH"},{"data":"Searing Blow+3","floor":15.0,"key":"SMITH"},{"data":"Searing Blow+4","floor":23.0,"key":"SMITH"},{"data":"Searing Blow+5","floor":24.0,"key":"SMITH"},{"data":"Searing Blow+6","floor":25.0,"key":"SMITH"},{"data":"Searing Blow+7","floor":27.0,"key":"SMITH"}],"circlet_count":0,"master_deck":["AscendersBane","Shrug It Off","Terror","Crescendo","Turbo","Searing Blow+8","UltimateShortwave","Acrobatics","Madness","Adrenaline"],"relics":["MiniHakkero","Girya","Golden Idol","Matryoshka","Thread and Needle","AmplifyWand","BreadOfAWashokuLover","Smiling Mask","Mummified Hand","SlaversCollar","Singing Bowl","Kunai","Centennial Puzzle","Frozen Egg 2","Membership Card"],"acts_visited":["Exordium","TheCity"],"potions_floor_usage":[],"damage_taken":[{"damage":0.0,"enemies":"Cultist","floor":1.0,"turns":2.0},{"damage":7.0,"enemies":"Small Slimes","floor":4.0,"turns":2.0},{"damage":26.0,"enemies":"Gremlin Nob","floor":6.0,"turns":3.0},{"damage":0.0,"enemies":"3 Sentries","floor":8.0,"turns":2.0},{"damage":0.0,"enemies":"Gremlin Nob","floor":11.0,"turns":2.0},{"damage":0.0,"enemies":"Jaw Worm","floor":14.0,"turns":1.0},{"damage":15.0,"enemies":"The Guardian","floor":16.0,"turns":3.0},{"damage":10.0,"enemies":"2 Thieves","floor":18.0,"turns":2.0},{"damage":18.0,"enemies":"Shell Parasite","floor":19.0,"turns":2.0},{"damage":0.0,"enemies":"Chosen and Byrds","floor":22.0,"turns":2.0},{"damage":20.0,"enemies":"Slavers","floor":28.0,"turns":2.0},{"damage":8,"enemies":"Book of Stabbing","floor":29,"turns":2},{"damage":2,"enemies":"Slavers","floor":31,"turns":1}],"seed_played":"-2062370538588594176","potions_obtained":[{"floor":4.0,"key":"AttackPotion"},{"floor":6.0,"key":"PowerPotion"},{"floor":11.0,"key":"Weak Potion"},{"floor":16.0,"key":"AttackPotion"},{"floor":18.0,"key":"ColorlessPotion"},{"floor":28.0,"key":"Ancient Potion"}],"is_trial":true,"path_per_floor":["M","?","?","M","T","E","R","E","T","R","E","R","$","M","R","B",null,"M","M","?","$","M","R","R","R","T","R","E","E","$","E"],"character_chosen":"MARISA","items_purchased":["Mummified Hand","Madness","Membership Card"],"campfire_rested":0,"item_purchase_floors":[13,21,30],"current_hp_per_floor":[63,63,63,56,56,30,30,30,30,30,31,31,31,31,31,18,52,43,26,26,26,26,26,26,26,26,26,9,1,1,0,0],"gold":12,"neow_bonus":"","is_daily":false,"chose_seed":false,"campfire_upgraded":8,"win_rate":0.0,"timestamp":1610221796,"path_taken":["M","?","?","M","?","E","R","E","T","R","E","R","$","?","R","BOSS","M","?","?","?","?","R","R","R","T","R","E","E","$","E"],"items_purchased_type":["Relic","Card","Relic"],"build_version":"2020-12-22","purchased_purges":0,"victory":false,"max_hp_per_floor":[70,70,63,63,63,63,63,63,63,63,63,63,63,63,63,63,63,63,63,63,63,63,63,63,63,63,63,65,65,65,65,65],"card_choices":[{"not_picked":["Clash","Prepared","Conserve Battery"],"picked":"SKIP","floor":1.0},{"not_picked":["6A","Protect","Setup"],"picked":"SKIP","floor":4.0},{"not_picked":["SatelliteIllusion","SpiritShield","JA"],"picked":"SKIP","floor":6.0},{"not_picked":["AbsoluteMagnitude","Creative AI","TreasureHunter"],"picked":"SKIP","floor":8.0},{"not_picked":["Night Terror","Omniscience","Establishment"],"picked":"SKIP","floor":11.0},{"not_picked":["Night Terror","Omniscience","Establishment"],"picked":"SKIP","floor":11.0},{"not_picked":["Crescendo","White Noise","IllusionStar"],"picked":"SKIP","floor":14.0},{"not_picked":["JA","Amplify"],"picked":"UltimateShortwave","floor":16.0},{"not_picked":["Rupture","Reflex","Go for the Eyes"],"picked":"SKIP","floor":18.0},{"not_picked":["CutThroughFate","SandsOfTime+1"],"picked":"Acrobatics","floor":19.0},{"not_picked":["ThirdEye+1","Endless Agony","Bane"],"picked":"SKIP","floor":22.0},{"not_picked":["Core Surge","JA","Devotion"],"picked":"Singing Bowl","floor":28.0},{"not_picked":["ConjureBlade","Rainbow"],"picked":"Adrenaline","floor":29}],"player_experience":438087,"relics_obtained":[{"floor":6.0,"key":"Matryoshka"},{"floor":8.0,"key":"Thread and Needle"},{"floor":9.0,"key":"AmplifyWand"},{"floor":9.0,"key":"BreadOfAWashokuLover"},{"floor":11.0,"key":"Smiling Mask"},{"floor":26.0,"key":"Singing Bowl"},{"floor":26.0,"key":"Kunai"},{"floor":28.0,"key":"Centennial Puzzle"},{"floor":29,"key":"Frozen Egg 2"}],"event_choices":[{"damage_healed":0.0,"max_hp_gain":0.0,"max_hp_loss":0.0,"gold_gain":69.0,"event_name":"Golden Wing","player_choice":"Gained Gold","floor":2.0,"gold_loss":0.0,"damage_taken":0.0},{"damage_healed":0.0,"max_hp_gain":0.0,"max_hp_loss":7.0,"gold_gain":0.0,"event_name":"Golden Idol","player_choice":"Lose Max HP","floor":3.0,"gold_loss":0.0,"damage_taken":0.0,"relics_obtained":["Golden Idol"]},{"damage_healed":0.0,"max_hp_gain":0.0,"max_hp_loss":0.0,"gold_gain":0.0,"event_name":"The Mausoleum","player_choice":"Ignored","floor":20.0,"gold_loss":0.0,"damage_taken":0.0}],"is_beta":false,"boss_relics":[{"not_picked":["Coffee Dripper","Philosopher\u0027s Stone"],"picked":"SlaversCollar"}],"items_purged_floors":[],"is_endless":false,"potions_floor_spawned":[4,6,11,16,18,28],"killed_by":"Slavers","ascension_level":20}}