{"host":"f5y45f7z7ziu0smp","time":1610178807,"event":{"mods":["AchievementEnabler","BaseMod","Koishi","Marisa£¨Ùöéë¡¡Øª×âÞÞ£©","Minty Spire (QoL Compilation)","StSLib","SuperFastMode","The Hierophant"],"gold_per_floor":[110,35,35,53,128,128,128,128,151,151,76,76,76,96,96,191,191,209,209,232,232,257,257,291,291,291,341,73,114,34,34,34,130,130,154,104,172,172,187,228,48,48,48,69,69,45,60,75,75,75,75],"floor_reached":52,"playtime":891,"items_purged":["Cloak And Dagger","Cloak And Dagger+1","Slice+1","Calculated Gamble+1"],"score":2429,"play_id":"bb4866cb-cf52-41f8-b72c-22c0cb2cb077","local_time":"20210109165327","daily_mods":["SealedDeck","Vintage","Heirloom","Time Dilation","Flight","Lethality"],"is_ascension_mode":true,"campfire_choices":[{"data":"Accuracy","floor":6,"key":"SMITH"},{"data":"Accuracy","floor":7,"key":"SMITH"},{"data":"Blade Dance","floor":8,"key":"SMITH"},{"data":"Blade Dance","floor":10,"key":"SMITH"},{"data":"Concentrate","floor":12,"key":"SMITH"},{"data":"Prepared","floor":15,"key":"SMITH"},{"data":"Calculated Gamble","floor":23,"key":"SMITH"},{"floor":32,"key":"REST"},{"data":"Acrobatics","floor":49,"key":"SMITH"}],"circlet_count":0,"master_deck":["AscendersBane","Quick Slash+1","Prepared+1","Concentrate+1","Blade Dance+1","Blade Dance+1","Accuracy+1","Accuracy+1","Accuracy+1","Regret","Acrobatics+1"],"relics":["Ring of the Snake","Bird Faced Urn","Ninja Scroll","Art of War","Whetstone","Golden Idol","Tough Bandages","Lantern","Bottled Tornado","The Courier","Boot","Gremlin Horn","DollysMirror","Bag of Marbles","Cursed Key","Smiling Mask","The Specimen","Anchor","Ginger","Sling","White Beast Statue","Molten Egg 2","Pear","Regal Pillow"],"acts_visited":["Exordium","TheCity","TheBeyond"],"potions_floor_usage":[51],"damage_taken":[{"damage":0,"enemies":"Jaw Worm","floor":1,"turns":1},{"damage":0,"enemies":"Small Slimes","floor":4,"turns":1},{"damage":0,"enemies":"2 Louse","floor":14,"turns":1},{"damage":0,"enemies":"Hexaghost","floor":16,"turns":1},{"damage":0,"enemies":"Spheric Guardian","floor":18,"turns":1},{"damage":0,"enemies":"3 Byrds","floor":20,"turns":1},{"damage":0,"enemies":"Cultist and Chosen","floor":22,"turns":1},{"damage":0,"enemies":"Gremlin Leader","floor":24,"turns":1},{"damage":0,"enemies":"Book of Stabbing","floor":29,"turns":1},{"damage":0,"enemies":"Collector","floor":33,"turns":1},{"damage":14,"enemies":"3 Shapes","floor":35,"turns":1},{"damage":0,"enemies":"2 Orb Walkers","floor":37,"turns":1},{"damage":0,"enemies":"3 Darklings","floor":39,"turns":1},{"damage":0,"enemies":"Giant Head","floor":40,"turns":1},{"damage":0,"enemies":"Writhing Mass","floor":44,"turns":1},{"damage":0,"enemies":"Maw","floor":47,"turns":1},{"damage":0,"enemies":"4 Shapes","floor":48,"turns":1},{"damage":0,"enemies":"Donu and Deca","floor":50,"turns":2},{"damage":36,"enemies":"Awakened One","floor":51,"turns":3}],"seed_played":"2199702862533094308","potions_obtained":[{"floor":20,"key":"Block Potion"},{"floor":33,"key":"FairyPotion"}],"is_trial":true,"path_per_floor":["M","$","?","M","?","R","R","R","T","R","$","R","?","M","R","B",null,"M","?","M","?","M","R","E","?","T","?","$","E","$","?","R","B",null,"M","$","?","?","M","E","$","?","T","M","?","$","M","M","R","B","B",null],"character_chosen":"THE_SILENT","items_purchased":["Accuracy","DollysMirror","Bag of Marbles","Sling","Acrobatics"],"campfire_rested":1,"item_purchase_floors":[2,28,28,41,46],"current_hp_per_floor":[61,61,66,70,59,59,59,59,59,59,59,59,35,39,39,43,64,68,68,71,61,65,65,69,69,69,69,69,71,71,71,71,71,71,57,57,63,63,69,71,71,71,71,71,67,67,81,81,81,81,45],"gold":75,"neow_bonus":"","is_daily":false,"chose_seed":false,"campfire_upgraded":8,"win_rate":0.0,"timestamp":1610178807,"path_taken":["M","$","?","M","?","R","R","R","T","R","$","R","?","M","R","BOSS","M","?","?","?","?","R","E","?","T","?","$","E","$","?","R","BOSS","M","?","?","?","?","E","$","?","T","?","?","$","?","M","R","BOSS","BOSS"],"items_purchased_type":["Card","Relic","Relic","Relic","Card"],"build_version":"2020-12-22","purchased_purges":4,"victory":true,"max_hp_per_floor":[66,66,71,71,71,71,71,71,71,71,71,71,71,71,71,71,71,71,71,71,71,71,71,71,71,71,71,71,71,71,71,71,71,71,71,71,71,71,71,71,71,71,71,71,71,71,81,81,81,81,81],"card_choices":[{"not_picked":["Catalyst","Escape Plan+1","Footwork"],"picked":"SKIP","floor":24},{"not_picked":["Bane","Skewer+1","A Thousand Cuts"],"picked":"SKIP","floor":29},{"not_picked":["Quick Slash+1","Backflip+1","Concentrate+1"],"picked":"SKIP","floor":40}],"player_experience":81897,"relics_obtained":[{"floor":1,"key":"Ninja Scroll"},{"floor":4,"key":"Art of War"},{"floor":9,"key":"Whetstone"},{"floor":14,"key":"Tough Bandages"},{"floor":18,"key":"Lantern"},{"floor":20,"key":"Bottled Tornado"},{"floor":22,"key":"The Courier"},{"floor":24,"key":"Boot"},{"floor":26,"key":"Gremlin Horn"},{"floor":35,"key":"Smiling Mask"},{"floor":37,"key":"The Specimen"},{"floor":39,"key":"Anchor"},{"floor":40,"key":"Ginger"},{"floor":43,"key":"White Beast Statue"},{"floor":44,"key":"Molten Egg 2"},{"floor":47,"key":"Pear"},{"floor":48,"key":"Regal Pillow"}],"event_choices":[{"damage_healed":0,"gold_gain":0,"player_choice":"Donut","damage_taken":0,"max_hp_gain":5,"max_hp_loss":0,"event_name":"Big Fish","floor":3,"gold_loss":0},{"damage_healed":0,"gold_gain":75,"player_choice":"Gather Gold","damage_taken":11,"max_hp_gain":0,"max_hp_loss":0,"event_name":"World of Goop","floor":5,"gold_loss":0},{"damage_healed":0,"gold_gain":0,"player_choice":"Take Damage","damage_taken":24,"relics_obtained":["Golden Idol"],"max_hp_gain":0,"max_hp_loss":0,"event_name":"Golden Idol","floor":13,"gold_loss":0},{"damage_healed":0,"gold_gain":0,"player_choice":"Upgraded","damage_taken":0,"max_hp_gain":0,"max_hp_loss":0,"event_name":"Upgrade Shrine","floor":19,"gold_loss":0,"cards_upgraded":["Cloak And Dagger"]},{"damage_healed":0,"gold_gain":0,"player_choice":"Damaged","damage_taken":10,"max_hp_gain":0,"max_hp_loss":0,"event_name":"Wheel of Change","floor":21,"gold_loss":0},{"damage_healed":0,"gold_gain":0,"player_choice":"Ignored","damage_taken":0,"max_hp_gain":0,"max_hp_loss":0,"event_name":"Vampires","floor":25,"gold_loss":0},{"damage_healed":0,"gold_gain":50,"player_choice":"Stole From Cult","damage_taken":0,"max_hp_gain":0,"max_hp_loss":0,"event_name":"Nest","floor":27,"gold_loss":0},{"damage_healed":0,"gold_gain":0,"player_choice":"Ignored","damage_taken":0,"max_hp_gain":0,"max_hp_loss":0,"event_name":"Accursed Blacksmith","floor":31,"gold_loss":0},{"damage_healed":0,"gold_gain":0,"player_choice":"Fight","damage_taken":0,"max_hp_gain":0,"max_hp_loss":0,"event_name":"Mysterious Sphere","floor":37,"gold_loss":0},{"damage_healed":0,"gold_gain":0,"player_choice":"0 cards matched","damage_taken":0,"max_hp_gain":0,"max_hp_loss":0,"event_name":"Match and Keep!","floor":38,"gold_loss":0,"cards_obtained":[]},{"damage_healed":0,"gold_gain":0,"player_choice":"Ignored","damage_taken":0,"max_hp_gain":0,"max_hp_loss":0,"event_name":"WeMeetAgain","floor":42,"gold_loss":0},{"damage_healed":0,"gold_gain":0,"player_choice":"Bought 0 Potions","damage_taken":0,"max_hp_gain":0,"max_hp_loss":0,"event_name":"The Woman in Blue","floor":45,"gold_loss":0}],"is_beta":false,"boss_relics":[{"not_picked":["Snecko Eye","Astrolabe","Velvet Choker"]},{"not_picked":["Tiny House","Black Star"],"picked":"Cursed Key"}],"items_purged_floors":[11,30,36,41],"is_endless":false,"potions_floor_spawned":[16,20,33,37,39,44,47,48],"ascension_level":20}}