{"host":"7qf1todfnxspvw7w","time":1610153548,"event":{"mods":["AchievementEnabler","BaseMod","Block Reminder","Colored Powertips","Disable Question Mark Monsters","Displayed Cursed Tome","Googly Eyes","Minty Spire (QoL Compilation)","Poor People Problems","Rare Cards Sparkle","Relic Stats","Reorder Act Four","SacredBarkPlus","StSLib","Uncapped"],"gold_per_floor":[112,124,124,147,72,72,72,72,72,87,112,135,210,226,226,347,347,365,365,381,381,381],"floor_reached":21,"playtime":522,"items_purged":["Strike_R"],"score":173,"play_id":"8c379d4a-92d4-4b9e-a1cb-3957ff5e5baf","local_time":"20210109035228","is_ascension_mode":false,"campfire_choices":[{"data":"Shrug It Off","floor":6,"key":"SMITH"},{"data":"Bash","floor":8,"key":"SMITH"},{"floor":15,"key":"REST"}],"circlet_count":0,"master_deck":["Strike_R","Strike_R","Strike_R","Strike_R","Defend_R","Defend_R","Defend_R","Bash+1","Shrug It Off+1","Dropkick"],"relics":["Burning Blood","Dream Catcher","Golden Idol","Happy Flower","SlaversCollar"],"acts_visited":["Exordium","TheCity"],"potions_floor_usage":[16,20],"damage_taken":[{"damage":11,"enemies":"Jaw Worm","floor":1,"turns":2},{"damage":0,"enemies":"Small Slimes","floor":2,"turns":3},{"damage":6,"enemies":"Cultist","floor":4,"turns":3},{"damage":15,"enemies":"3 Louse","floor":10,"turns":5},{"damage":5,"enemies":"Looter","floor":11,"turns":3},{"damage":13,"enemies":"Lots of Slimes","floor":12,"turns":5},{"damage":9,"enemies":"Blue Slaver","floor":14,"turns":3},{"damage":52,"enemies":"The Guardian","floor":16,"turns":14},{"damage":30,"enemies":"3 Byrds","floor":18,"turns":7},{"damage":35,"enemies":"2 Thieves","floor":20,"turns":5},{"damage":36,"enemies":"Chosen and Byrds","floor":21,"turns":6}],"seed_played":"8159568499357986557","potions_obtained":[{"floor":1,"key":"Strength Potion"},{"floor":2,"key":"LiquidBronze"},{"floor":4,"key":"Block Potion"},{"floor":16,"key":"Fire Potion"},{"floor":20,"key":"EntropicBrew"}],"is_trial":false,"path_per_floor":["M","M","?","M","$","R","?","R","T","M","M","M","?","M","R","B",null,"M","?","M","M"],"character_chosen":"IRONCLAD","items_purchased":[],"campfire_rested":1,"item_purchase_floors":[],"current_hp_per_floor":[75,80,60,60,60,60,60,60,60,51,52,45,34,31,55,9,80,56,56,27,0,0],"gold":381,"neow_bonus":"RANDOM_COMMON_RELIC","is_daily":false,"chose_seed":false,"campfire_upgraded":2,"win_rate":0.0,"timestamp":1610153548,"path_taken":["M","M","?","M","$","R","?","R","T","M","M","?","?","M","R","BOSS","M","?","?","?"],"items_purchased_type":[],"build_version":"2020-12-22","purchased_purges":1,"victory":false,"max_hp_per_floor":[80,80,80,80,80,80,80,80,80,80,80,80,80,80,80,80,80,80,80,80,80,80],"relic_stats":{"Dream Catcher":1,"Happy Flower":[16],"counters":[11,56],"Golden Idol":52,"obtain_stats":[{"SlaversCollar":17,"Dream Catcher":0,"Happy Flower":9,"Golden Idol":3,"Burning Blood":0},{"SlaversCollar":8,"Dream Catcher":0,"Happy Flower":3,"Golden Idol":2,"Burning Blood":0},{"SlaversCollar":38,"Dream Catcher":0,"Happy Flower":8,"Golden Idol":5,"Burning Blood":0}],"Burning Blood":59},"card_choices":[{"not_picked":["Dark Embrace","Twin Strike","Havoc"],"picked":"SKIP","floor":1},{"not_picked":["Feel No Pain","Heavy Blade","Dual Wield"],"picked":"SKIP","floor":2},{"not_picked":["Cleave","Whirlwind"],"picked":"Shrug It Off","floor":4},{"not_picked":["Heavy Blade","Clash"],"picked":"Dropkick","floor":10},{"not_picked":["Shockwave","Demon Form","Sword Boomerang"],"picked":"SKIP","floor":11},{"not_picked":["Evolve","Thunderclap","Wild Strike"],"picked":"SKIP","floor":12},{"not_picked":["Cleave","Armaments","Body Slam"],"picked":"SKIP","floor":14},{"not_picked":["Heavy Blade","Burning Pact","Dual Wield"],"picked":"SKIP","floor":18},{"not_picked":["Bloodletting+1","Evolve","Twin Strike+1"],"picked":"SKIP","floor":20}],"player_experience":500127,"relics_obtained":[{"floor":9,"key":"Happy Flower"}],"event_choices":[{"damage_healed":0,"gold_gain":0,"player_choice":"Take Damage","damage_taken":20,"relics_obtained":["Golden Idol"],"max_hp_gain":0,"max_hp_loss":0,"event_name":"Golden Idol","floor":3,"gold_loss":0},{"cards_removed":["Defend_R"],"damage_healed":0,"gold_gain":0,"player_choice":"Purged","damage_taken":0,"max_hp_gain":0,"max_hp_loss":0,"event_name":"Purifier","floor":7,"gold_loss":0},{"damage_healed":0,"gold_gain":75,"player_choice":"Gather Gold","damage_taken":11,"max_hp_gain":0,"max_hp_loss":0,"event_name":"World of Goop","floor":13,"gold_loss":0},{"damage_healed":0,"gold_gain":0,"player_choice":"0 cards matched","damage_taken":0,"max_hp_gain":0,"max_hp_loss":0,"event_name":"Match and Keep!","floor":19,"gold_loss":0,"cards_obtained":[]}],"is_beta":false,"boss_relics":[{"not_picked":["Calling Bell","Astrolabe"],"picked":"SlaversCollar"}],"items_purged_floors":[5],"is_endless":false,"potions_floor_spawned":[1,2,4,16,20],"killed_by":"Chosen and Byrds","ascension_level":0}}