{"host":"s41rn2jhghpwfrvz","time":1610227443,"event":{"mods":["BaseMod","Minty Spire (QoL Compilation)","Quick Restart","Relic Stats","SuperFastMode"],"gold_per_floor":[115,134,149,162,87,115,190,220,220,236,79,94,105,135,135,206,206,223,223,223,56,106,106,135,135,135,135,150,175,191,224,224,296,296,309,325,338,355,367,398,398,427,454,454,57,82,98,133,133,133,133,133,133,66,92,92],"floor_reached":57,"playtime":1188,"items_purged":["MentalFortress","Metallicize"],"score":3929,"play_id":"3bbadee6-9bbc-4e6b-8b93-5dcfb08ea0b8","local_time":"20210109232403","daily_mods":["SealedDeck","Vintage","Diverse"],"is_ascension_mode":true,"campfire_choices":[{"data":"Accuracy","floor":15,"key":"SMITH"},{"data":"Blade Dance","floor":23,"key":"SMITH"},{"data":"Blade Dance","floor":25,"key":"SMITH"},{"data":"Adrenaline","floor":32,"key":"SMITH"},{"floor":41,"key":"RECALL"},{"data":"EmptyMind","floor":44,"key":"SMITH"},{"data":"Turbo","floor":49,"key":"SMITH"},{"data":"Beam Cell","floor":53,"key":"SMITH"}],"circlet_count":0,"master_deck":["AscendersBane","Beam Cell+1","Turbo+1","EmptyMind+1","Ghostly Armor+1","Accuracy+1","Blade Dance+1","Expertise+1","Blade Dance+1","Adrenaline+1","Accuracy","Core Surge"],"relics":["Burning Blood","InkBottle","Sundial","Pen Nib","Juzu Bracelet","Pear","Vajra","Orichalcum","Medical Kit","Prayer Wheel","MealTicket","Charon\u0027s Ashes","Busted Crown","Singing Bowl","MutagenicStrength","War Paint","Omamori","Torii","Letter Opener","Mummified Hand","Dream Catcher","Paper Frog","Coffee Dripper","Bronze Scales","Happy Flower","Potion Belt","Art of War","Smiling Mask","The Courier","Oddly Smooth Stone","Blood Vial","TheAbacus","Shuriken","Nunchaku","StrikeDummy","Meat on the Bone","Ice Cream"],"acts_visited":["Exordium","TheCity","TheBeyond","TheEnding"],"potions_floor_usage":[56,56,56,56,56,56,56,56],"damage_taken":[{"damage":0,"enemies":"Cultist","floor":1,"turns":2},{"damage":9,"enemies":"Jaw Worm","floor":2,"turns":3},{"damage":7,"enemies":"Small Slimes","floor":3,"turns":3},{"damage":9,"enemies":"2 Fungi Beasts","floor":4,"turns":3},{"damage":24,"enemies":"3 Sentries","floor":6,"turns":9},{"damage":0,"enemies":"Gremlin Nob","floor":8,"turns":2},{"damage":3,"enemies":"Blue Slaver","floor":10,"turns":2},{"damage":0,"enemies":"Exordium Wildlife","floor":12,"turns":2},{"damage":0,"enemies":"3 Louse","floor":13,"turns":2},{"damage":0,"enemies":"Lagavulin","floor":14,"turns":3},{"damage":0,"enemies":"Slime Boss","floor":16,"turns":2},{"damage":0,"enemies":"Spheric Guardian","floor":18,"turns":1},{"damage":0,"enemies":"Book of Stabbing","floor":24,"turns":1},{"damage":0,"enemies":"Shell Parasite","floor":28,"turns":1},{"damage":0,"enemies":"Gremlin Leader","floor":29,"turns":2},{"damage":0,"enemies":"Shelled Parasite and Fungi","floor":30,"turns":1},{"damage":0,"enemies":"Slavers","floor":31,"turns":1},{"damage":0,"enemies":"Automaton","floor":33,"turns":1},{"damage":0,"enemies":"Orb Walker","floor":35,"turns":1},{"damage":0,"enemies":"3 Shapes","floor":36,"turns":1},{"damage":0,"enemies":"Jaw Worm Horde","floor":37,"turns":1},{"damage":0,"enemies":"Maw","floor":38,"turns":1},{"damage":0,"enemies":"Writhing Mass","floor":39,"turns":1},{"damage":0,"enemies":"Giant Head","floor":40,"turns":1},{"damage":0,"enemies":"Reptomancer","floor":42,"turns":1},{"damage":0,"enemies":"Nemesis","floor":46,"turns":1},{"damage":0,"enemies":"Transient","floor":47,"turns":1},{"damage":0,"enemies":"Reptomancer","floor":48,"turns":1},{"damage":0,"enemies":"Donu and Deca","floor":50,"turns":1},{"damage":58,"enemies":"Time Eater","floor":51,"turns":3},{"damage":0,"enemies":"Shield and Spear","floor":55,"turns":1},{"damage":36,"enemies":"The Heart","floor":56,"turns":4}],"seed_played":"244077779610048721","potions_obtained":[{"floor":3,"key":"Energy Potion"},{"floor":6,"key":"Regen Potion"},{"floor":14,"key":"FearPotion"},{"floor":24,"key":"EntropicBrew"},{"floor":37,"key":"LiquidMemories"},{"floor":38,"key":"Ancient Potion"},{"floor":55,"key":"SpeedPotion"}],"is_trial":true,"path_per_floor":["M","M","M","M","$","E","?","E","T","M","$","M","M","E","R","B",null,"M","?","?","$","?","R","E","R","T","$","M","E","M","E","R","B",null,"M","M","M","M","M","E","R","E","T","R","$","E","M","E","R","B","B",null,"R","$","E","B",null],"character_chosen":"IRONCLAD","items_purchased":["Medical Kit","War Paint","TheAbacus","Shuriken","Accuracy"],"campfire_rested":0,"item_purchase_floors":[11,21,45,45,54],"current_hp_per_floor":[74,71,70,67,67,59,48,54,54,57,57,63,69,75,75,81,84,85,85,85,85,85,85,87,87,87,87,87,89,89,91,91,93,93,93,93,93,93,93,95,95,97,97,97,97,99,99,101,101,101,61,91,91,101,101,71],"gold":92,"neow_bonus":"","is_daily":false,"chose_seed":false,"campfire_upgraded":7,"win_rate":0.0,"timestamp":1610227443,"path_taken":["M","M","M","M","$","E","?","E","T","M","$","M","M","E","R","BOSS","M","?","?","$","?","R","E","R","T","$","M","E","M","E","R","BOSS","M","M","M","M","M","E","R","E","T","R","$","E","M","E","R","BOSS","BOSS","R","$","E","BOSS"],"items_purchased_type":["Relic","Relic","Relic","Relic","Card"],"build_version":"2020-12-22","purchased_purges":2,"victory":true,"max_hp_per_floor":[75,75,75,75,75,85,85,85,85,85,85,85,85,85,85,85,85,85,85,85,85,85,85,87,87,87,87,87,89,89,91,91,93,93,93,93,93,93,93,95,95,97,97,97,97,99,99,101,101,101,101,101,101,101,101,101],"relic_stats":{"Singing Bowl":16,"Torii":12,"Juzu Bracelet":1,"Smiling Mask":30,"Burning Blood":79,"Blood Vial":0,"Dream Catcher":0,"Nunchaku":[11],"TheAbacus":[318],"Sundial":[64],"Mummified Hand":[29],"Prayer Wheel":0,"MealTicket":10,"InkBottle":[56],"Happy Flower":[5],"counters":[32,60],"Pen Nib":[33],"Charon\u0027s Ashes":[899],"Letter Opener":[209],"Orichalcum":[30],"War Paint":["Ghostly Armor","Expertise"],"Medical Kit":[5],"Busted Crown":18,"Shuriken":[37],"Bronze Scales":[60],"Art of War":[0],"obtain_stats":[{"Ice Cream":55,"Singing Bowl":18,"Torii":26,"Vajra":8,"Juzu Bracelet":4,"Smiling Mask":39,"Burning Blood":0,"Blood Vial":43,"Dream Catcher":30,"Nunchaku":46,"TheAbacus":45,"Sundial":2,"Mummified Hand":29,"Prayer Wheel":12,"MealTicket":13,"InkBottle":1,"Paper Frog":31,"Potion Belt":37,"Pear":6,"Happy Flower":36,"Oddly Smooth Stone":42,"Pen Nib":3,"Charon\u0027s Ashes":14,"The Courier":40,"Omamori":24,"Letter Opener":28,"Orichalcum":10,"War Paint":21,"Medical Kit":11,"Busted Crown":17,"Shuriken":45,"MutagenicStrength":20,"Bronze Scales":35,"Coffee Dripper":34,"Art of War":38,"StrikeDummy":47,"Meat on the Bone":48},{"Ice Cream":31,"Singing Bowl":12,"Torii":13,"Vajra":6,"Juzu Bracelet":4,"Smiling Mask":23,"Burning Blood":0,"Blood Vial":25,"Dream Catcher":16,"Nunchaku":26,"TheAbacus":25,"Sundial":2,"Mummified Hand":15,"Prayer Wheel":8,"MealTicket":9,"InkBottle":1,"Paper Frog":17,"Potion Belt":21,"Pear":5,"Happy Flower":20,"Oddly Smooth Stone":25,"Pen Nib":3,"Charon\u0027s Ashes":10,"The Courier":24,"Omamori":13,"Letter Opener":14,"Orichalcum":7,"War Paint":12,"Medical Kit":7,"Busted Crown":11,"Shuriken":25,"MutagenicStrength":12,"Bronze Scales":19,"Coffee Dripper":18,"Art of War":22,"StrikeDummy":27,"Meat on the Bone":28},{"Ice Cream":56,"Singing Bowl":34,"Torii":35,"Vajra":22,"Juzu Bracelet":11,"Smiling Mask":46,"Burning Blood":0,"Blood Vial":48,"Dream Catcher":39,"Nunchaku":49,"TheAbacus":48,"Sundial":5,"Mummified Hand":38,"Prayer Wheel":26,"MealTicket":28,"InkBottle":2,"Paper Frog":40,"Potion Belt":44,"Pear":20,"Happy Flower":43,"Oddly Smooth Stone":48,"Pen Nib":8,"Charon\u0027s Ashes":31,"The Courier":47,"Omamori":35,"Letter Opener":36,"Orichalcum":24,"War Paint":34,"Medical Kit":24,"Busted Crown":33,"Shuriken":48,"MutagenicStrength":34,"Bronze Scales":42,"Coffee Dripper":41,"Art of War":45,"StrikeDummy":50,"Meat on the Bone":51}],"Meat on the Bone":12},"card_choices":[{"not_picked":["Hello World","Scrape","Shrug It Off"],"picked":"SKIP","floor":6},{"not_picked":["Clash","ForeignInfluence","Flex"],"picked":"SKIP","floor":8},{"not_picked":["Iron Wave","Dagger Spray"],"picked":"Blade Dance","floor":14},{"not_picked":["Fiend Fire","Meteor Strike"],"picked":"Adrenaline","floor":16},{"not_picked":["Warcry"],"picked":"Singing Bowl","floor":24},{"not_picked":["Weave"],"picked":"Singing Bowl","floor":29},{"not_picked":["Redo"],"picked":"Singing Bowl","floor":31},{"not_picked":["Malaise"],"picked":"Singing Bowl","floor":33},{"not_picked":["ThirdEye"],"picked":"Singing Bowl","floor":40},{"not_picked":["True Grit+1"],"picked":"Singing Bowl","floor":42},{"not_picked":["Chill"],"picked":"Singing Bowl","floor":46},{"not_picked":["Adaptation"],"picked":"Singing Bowl","floor":48},{"not_picked":[],"picked":"Core Surge","floor":55}],"player_experience":1693908,"relics_obtained":[{"floor":1,"key":"InkBottle"},{"floor":2,"key":"Sundial"},{"floor":3,"key":"Pen Nib"},{"floor":4,"key":"Juzu Bracelet"},{"floor":6,"key":"Pear"},{"floor":8,"key":"Vajra"},{"floor":10,"key":"Orichalcum"},{"floor":12,"key":"Prayer Wheel"},{"floor":13,"key":"MealTicket"},{"floor":14,"key":"Charon\u0027s Ashes"},{"floor":18,"key":"Singing Bowl"},{"floor":24,"key":"Omamori"},{"floor":26,"key":"Torii"},{"floor":28,"key":"Letter Opener"},{"floor":29,"key":"Mummified Hand"},{"floor":30,"key":"Dream Catcher"},{"floor":31,"key":"Paper Frog"},{"floor":35,"key":"Bronze Scales"},{"floor":36,"key":"Happy Flower"},{"floor":37,"key":"Potion Belt"},{"floor":38,"key":"Art of War"},{"floor":39,"key":"Smiling Mask"},{"floor":40,"key":"The Courier"},{"floor":42,"key":"Oddly Smooth Stone"},{"floor":43,"key":"Blood Vial"},{"floor":46,"key":"Nunchaku"},{"floor":47,"key":"StrikeDummy"},{"floor":48,"key":"Meat on the Bone"},{"floor":55,"key":"Ice Cream"}],"event_choices":[{"damage_healed":0,"gold_gain":75,"player_choice":"Gather Gold","damage_taken":11,"max_hp_gain":0,"max_hp_loss":0,"event_name":"World of Goop","floor":7,"gold_loss":0},{"cards_removed":["Rupture"],"damage_healed":0,"gold_gain":0,"player_choice":"Elegance","damage_taken":0,"max_hp_gain":0,"max_hp_loss":0,"event_name":"Back to Basics","floor":19,"gold_loss":0},{"damage_healed":0,"gold_gain":0,"player_choice":"Inject Mutagens","damage_taken":0,"relics_obtained":["MutagenicStrength"],"max_hp_gain":0,"max_hp_loss":0,"event_name":"Drug Dealer","floor":20,"gold_loss":0},{"damage_healed":0,"gold_gain":100,"player_choice":"Bet on Murderer","damage_taken":0,"max_hp_gain":0,"max_hp_loss":0,"event_name":"The Joust","floor":22,"gold_loss":50}],"is_beta":false,"boss_relics":[{"not_picked":["Velvet Choker","Astrolabe"],"picked":"Busted Crown"},{"not_picked":["SacredBark","Snecko Eye"],"picked":"Coffee Dripper"}],"items_purged_floors":[5,45],"is_endless":false,"potions_floor_spawned":[3,6,10,13,14,16,18,24,33,35,37,38,40,47,48,55],"ascension_level":20}}