{"host":"y9jgkjnf95sujozk","time":1610213646,"event":{"mods":["2.2 Compatiblity","AchievementEnabler","Act Like it!","BaseMod","Block Reminder","Colored Map","Colored Powertips","Decade(王小明)","Downfall","Friendly Minions","Gensokyo","GifTheSpireLib","Hallownest","Hermit","Highlight Path","HololiveMod","Hubris","Infinite Spire","Jorbs\u0027s Wanderer Trilogy","Koishi","Marisa（霧雨　魔理沙）","Minty Spire (QoL Compilation)","Quick Restart","Random Character Button","Rare Cards Sparkle","Remilia（蕾米莉?）","Replay The Spire","Shop Mod","StSLib","SuperFastMode","The Animator","The Bug Knight","The Cursed","The Disciple","The Hierophant","The Jungle","The Senshi","The Servant 0.9.4"],"gold_per_floor":[117,117,131,131,131,148,148,177,177,177,200,214,139,139,18,31,31,131,231,243,243,258,274,294,319,319,349,349,349,363,379,379,479,479,622,622,680,680,680,680,732,732,795,861,861,861,949,949,949,949,949,949],"floor_reached":53,"playtime":1497,"items_purged":[],"score":1020,"play_id":"91d4ebaa-0d76-45b9-86bf-9fde3969b734","local_time":"20210109183406","is_ascension_mode":false,"campfire_choices":[{"floor":9,"key":"REST"},{"data":"Hallownest:skillGreenpathMap","floor":14,"key":"SMITH"},{"floor":17,"key":"REST"},{"floor":32,"key":"REST"},{"floor":34,"key":"REST"},{"floor":42,"key":"REST"},{"data":"sneckomod:UnknownClassLunar","floor":46,"key":"SMITH"},{"data":"sneckomod:UnknownVulnerable","floor":49,"key":"SMITH"},{"data":"sneckomod:SoulRoll","floor":51,"key":"SMITH"}],"circlet_count":0,"master_deck":["sneckomod:Strike","sneckomod:Strike+1","sneckomod:Strike+1","sneckomod:Defend","sneckomod:Defend","sneckomod:Defend","sneckomod:TailWhip","sneckomod:SnekBite","sneckomod:Unknown","sneckomod:Unknown","sneckomod:UnknownClassRED","sneckomod:UnknownStrike","sneckomod:UnknownCommonAttack","sneckomod:DiceBlock","sneckomod:Unknown0Cost","Hallownest:skillGreenpathMap+1","sneckomod:UnknownStrike","sneckomod:UnknownClassPURPLE","sneckomod:UnknownClassGREEN","sneckomod:DangerNoodle","sneckomod:UnknownBlock+1","sneckomod:Unknown1Cost","sneckomod:UnknownCommonSkill","sneckomod:UnknownClassWANDERER_GRAY_COLOR+1","sneckomod:IronFang","sneckomod:UnknownUncommonSkill","expansioncontent:Collect","hermit:Feint","sneckomod:MorePower","sneckomod:DiceBlock","sneckomod:UnknownClassSENSHI_COLOR","sneckomod:Unknown+1","sneckomod:UnlimitedRolls","sneckomod:UnknownClassSILVER+1","sneckomod:SnekBeam","sneckomod:SoulRoll+1","sneckomod:UnknownClassLunar+1","sneckomod:DiceCrush+1","sneckomod:WideSting+1","sneckomod:UnknownVulnerable+1","sneckomod:UnknownVulnerable+1"],"relics":["sneckomod:SneckoSoul","NeowsBlessing","Hallownest:DreamNailRelic","Juzu Bracelet","Hallownest:TeacherSealRelic","Hololive_LightStick","Replay:Wanted Poster","Replay:Accelerometer","Enchiridion","Bag of Preparation","Pen Nib","infinitespire:EvilPickle","ReplayTheSpireMod:DimensionalGlitch","hubris:Towel","HornCleat","Replay:Rubber Ducky"],"acts_visited":["Exordium","TheCity","TheCity"],"potions_floor_usage":[8,18,25,25,25,27,35,35,52,52],"damage_taken":[{"damage":0,"enemies":"2_ Uuma","floor":1,"turns":1},{"damage":0,"enemies":"Hallownest:2_MossCreeps","floor":3,"turns":1},{"damage":0,"enemies":"Hallownest:monsterHuskWarrior","floor":6,"turns":1},{"damage":8,"enemies":"Hallownest:eliteMossKnight","floor":8,"turns":12},{"damage":0,"enemies":"Hallownest:Wandering_and_Horned","floor":12,"turns":4},{"damage":4,"enemies":"Hallownest:MossCreep_and_Mosskin","floor":16,"turns":6},{"damage":37,"enemies":"Hallownest:BossFalseKnight","floor":18,"turns":10},{"damage":0,"enemies":"Spheric Guardian","floor":20,"turns":1},{"damage":6,"enemies":"Centurion and Healer","floor":22,"turns":10},{"damage":25,"enemies":"Snake Plant","floor":23,"turns":4},{"damage":38,"enemies":"3 Cultists","floor":24,"turns":6},{"damage":0,"enemies":"HollowMod:Nosk","floor":25,"turns":7},{"damage":8,"enemies":"Gremlin Leader","floor":27,"turns":4},{"damage":0,"enemies":"Centurion and Healer","floor":30,"turns":7},{"damage":0,"enemies":"Cultist and Chosen","floor":31,"turns":4},{"damage":43,"enemies":"Pondfish","floor":35,"turns":13},{"damage":0,"enemies":"Gensokyo:3_Bats","floor":37,"turns":5},{"damage":29,"enemies":"Gensokyo:3_Boulders","floor":41,"turns":6},{"damage":0,"enemies":"Gensokyo:AtlasGolem","floor":43,"turns":4},{"damage":0,"enemies":"Gensokyo:Sharpion","floor":44,"turns":5},{"damage":3,"enemies":"Gensokyo:Yuyuko","floor":52,"turns":8}],"seed_played":"-3268821816718613762","potions_obtained":[{"floor":3,"key":"SpeedPotion"},{"floor":8,"key":"Explosive Potion"},{"floor":18,"key":"Explosive Potion"},{"floor":23,"key":"Elixir"},{"floor":24,"key":"Flashbang"},{"floor":25,"key":"Strength Potion"},{"floor":30,"key":"hexamod:EctoCoolerPotion"},{"floor":31,"key":"Elixir"},{"floor":41,"key":"Swift Potion"},{"floor":44,"key":"ColorlessPotion"}],"is_trial":false,"path_per_floor":["M","?","M","PTL","PTL","M","?","E","R","?","T","M","?","R","$","M","R","B",null,"M","?","M","M","M","E","?","E","T","?","M","M","R","?","R","B",null,"M","?","?","?","M","R","M","M","T","R","?","?","R","?","R","B",null],"character_chosen":"THE_SNECKO","items_purchased":["sneckomod:UnknownStrike","sneckomod:UnknownClassPURPLE"],"campfire_rested":5,"item_purchase_floors":[15,15],"current_hp_per_floor":[91,91,92,92,92,93,93,85,93,93,93,94,94,94,96,93,97,60,97,98,98,93,69,32,32,16,9,9,9,25,26,56,56,86,44,104,105,105,105,105,77,106,106,106,106,106,108,108,108,108,108,108],"gold":949,"neow_bonus":"THREE_ENEMY_KILL","is_daily":false,"chose_seed":false,"campfire_upgraded":4,"win_rate":0.0,"timestamp":1610213646,"path_taken":["M","?","M","PTL","PTL","?","?","E","R","?","T","M","?","R","$","M","R","BOSS","M","?","M","M","M","E","?","E","T","?","M","M","R","?","R","BOSS","M","?","?","?","M","R","M","M","T","R","?","?","R","?","R","BOSS"],"items_purchased_type":["Card","Card"],"build_version":"2020-12-22","purchased_purges":0,"victory":true,"max_hp_per_floor":[91,91,92,92,92,93,93,93,93,93,93,94,94,94,96,97,97,97,97,98,98,99,100,101,101,101,102,102,102,102,103,103,103,103,104,104,105,105,105,105,106,106,106,106,106,106,108,108,108,108,108,108],"card_choices":[{"not_picked":["sneckomod:TrashToTreasure","sneckomod:UnknownClassREMILIA_COLOR"],"picked":"sneckomod:UnknownClassRED","floor":1},{"not_picked":["sneckomod:UnknownCommonSkill","sneckomod:DiceCrush"],"picked":"sneckomod:UnknownStrike","floor":3},{"not_picked":["sneckomod:Nope","sneckomod:UnknownClassShop Special"],"picked":"sneckomod:UnknownCommonAttack","floor":6},{"not_picked":["sneckomod:UnknownClassDEFAULT_GRAY_COLOR","sneckomod:UnknownDexterity"],"picked":"sneckomod:DiceBlock","floor":8},{"not_picked":["sneckomod:IronFang","sneckomod:UnknownStrength"],"picked":"sneckomod:Unknown0Cost","floor":12},{"not_picked":["sneckomod:RainOfDice","sneckomod:DiceBlock"],"picked":"sneckomod:UnknownClassGREEN","floor":16},{"not_picked":["sneckomod:UnknownRareAttack","sneckomod:UnknownRareSkill"],"picked":"sneckomod:DangerNoodle","floor":18},{"not_picked":["sneckomod:QuickMove","sneckomod:UnknownClassWANDERER_GRAY_COLOR"],"picked":"sneckomod:UnknownBlock","floor":20},{"not_picked":["sneckomod:IronFang","sneckomod:QuickMove"],"picked":"sneckomod:Unknown1Cost","floor":22},{"not_picked":["sneckomod:DiceCrush","sneckomod:UnknownExhaust"],"picked":"sneckomod:UnknownCommonSkill","floor":23},{"not_picked":["sneckomod:RainOfDice","sneckomod:UnknownCommonSkill"],"picked":"sneckomod:UnknownClassWANDERER_GRAY_COLOR+1","floor":24},{"not_picked":["sneckomod:Cheat","sneckomod:SnakeSap+1"],"picked":"sneckomod:IronFang","floor":25},{"not_picked":["sneckomod:UnknownVulnerable","sneckomod:UnknownBlock+1"],"picked":"sneckomod:UnknownUncommonSkill","floor":27},{"not_picked":["sneckomod:UnknownStrength","sneckomod:SoulRoll"],"picked":"sneckomod:DiceBlock","floor":30},{"not_picked":["sneckomod:SerpentMind","sneckomod:UnknownClassAchievements"],"picked":"sneckomod:UnknownClassSENSHI_COLOR","floor":31},{"not_picked":["sneckomod:UnknownClassTHE_CHAMP_GRAY+1","sneckomod:UnknownClassSLIMEBOUND+1"],"picked":"sneckomod:Unknown+1","floor":35},{"not_picked":["sneckomod:SoulExchange","sneckomod:Mudshield"],"picked":"sneckomod:UnlimitedRolls","floor":35},{"not_picked":["sneckomod:UnknownClassTHE_CHAMP_GRAY+1","sneckomod:UnknownRareSkill+1"],"picked":"sneckomod:UnknownClassSILVER+1","floor":37},{"not_picked":["sneckomod:SoulCleanse","sneckomod:IronFang+1"],"picked":"sneckomod:SnekBeam","floor":37},{"not_picked":["sneckomod:Nope","sneckomod:MorePower"],"picked":"sneckomod:UnknownClassLunar","floor":41},{"not_picked":["sneckomod:SoulDraw+1","sneckomod:UnknownCommonSkill+1"],"picked":"sneckomod:DiceCrush+1","floor":43},{"not_picked":["sneckomod:DiceBlock+1","sneckomod:SoulDraw+1"],"picked":"sneckomod:WideSting+1","floor":44},{"not_picked":["sneckomod:SoulRoll+1","sneckomod:UnknownClassPURPLE"],"picked":"sneckomod:UnknownVulnerable+1","floor":47},{"not_picked":["sneckomod:SoulRoll+1","sneckomod:UnknownBlock+1"],"picked":"sneckomod:UnknownVulnerable","floor":47}],"player_experience":141443,"relics_obtained":[{"floor":8,"key":"Juzu Bracelet"},{"floor":11,"key":"Hololive_LightStick"},{"floor":25,"key":"Replay:Accelerometer"},{"floor":26,"key":"Enchiridion"},{"floor":27,"key":"Bag of Preparation"},{"floor":28,"key":"Pen Nib"},{"floor":45,"key":"HornCleat"},{"floor":47,"key":"Replay:Rubber Ducky"}],"event_choices":[{"damage_healed":0,"gold_gain":0,"player_choice":"Upgraded","damage_taken":0,"max_hp_gain":0,"max_hp_loss":0,"event_name":"Upgrade Shrine","floor":21,"gold_loss":0,"cards_upgraded":["sneckomod:UnknownBlock"]},{"damage_healed":0,"gold_gain":0,"player_choice":"Obtained Book","damage_taken":16,"max_hp_gain":0,"max_hp_loss":0,"event_name":"Cursed Tome","floor":26,"gold_loss":0},{"damage_healed":0,"gold_gain":0,"player_choice":"3 cards matched","damage_taken":0,"max_hp_gain":0,"max_hp_loss":0,"event_name":"Match and Keep!","floor":29,"gold_loss":0,"cards_obtained":["expansioncontent:Collect","hermit:Feint","sneckomod:MorePower"]},{"damage_healed":0,"gold_gain":100,"player_choice":"Pray","damage_taken":0,"max_hp_gain":0,"max_hp_loss":0,"event_name":"Golden Shrine","floor":33,"gold_loss":0}],"is_beta":false,"boss_relics":[{"not_picked":["hubris:GrandSneckoEye","Ring of Chaos"],"picked":"Replay:Wanted Poster"},{"not_picked":["hubris:VirtuousBlindfold","hubris:TerracottaHorce"],"picked":"ReplayTheSpireMod:DimensionalGlitch"}],"items_purged_floors":[],"is_endless":false,"potions_floor_spawned":[3,8,18,23,24,25,30,31,41,44],"ascension_level":0}}