{"host":"07e1k1rk6c4zn0bu","time":1610225904,"event":{"mods":["BaseMod","Minty Spire (QoL Compilation)"],"gold_per_floor":[112,112,132,151,169,169,134,160,184,2,18,18,18,37,37,134,134,148,23,23,23,23,36,48,48,48,48,61,76,88,88,88,88,88],"floor_reached":33,"playtime":1754,"items_purged":[],"score":249,"play_id":"88d8ba91-2b5d-42cf-974e-66f0dde4876a","local_time":"20210109155824","is_ascension_mode":false,"campfire_choices":[{"data":"Dagger Throw","floor":6,"key":"SMITH"},{"floor":13,"key":"REST"},{"floor":15,"key":"REST"},{"floor":25,"key":"REST"},{"data":"Bouncing Flask","floor":27,"key":"SMITH"},{"floor":32,"key":"REST"}],"circlet_count":0,"master_deck":["Strike_G+1","Strike_G+1","Strike_G+1","Strike_G+1","Defend_G+1","Defend_G+1","Defend_G+1","Defend_G+1","Survivor","Neutralize","Choke+1","Dagger Throw+1","Dagger Throw","Choke","Predator+1","Riddle With Holes","Bouncing Flask+1","Venomology","Unload+1","Escape Plan+1","Glass Knife+1","Finisher","Bane","RitualDagger","Distraction","PiercingWail+1","Masterful Stab","Sucker Punch","Dash"],"relics":["Ring of the Snake","NeowsBlessing","Orichalcum","MealTicket","Whetstone","Astrolabe","Oddly Smooth Stone"],"acts_visited":["Exordium","TheCity"],"potions_floor_usage":[16,18,24,28,29,29,33,33,33,33],"damage_taken":[{"damage":0,"enemies":"2 Louse","floor":1,"turns":1},{"damage":0,"enemies":"Cultist","floor":3,"turns":1},{"damage":0,"enemies":"Jaw Worm","floor":4,"turns":1},{"damage":18,"enemies":"Exordium Wildlife","floor":5,"turns":5},{"damage":41,"enemies":"3 Sentries","floor":8,"turns":7},{"damage":36,"enemies":"Exordium Thugs","floor":11,"turns":4},{"damage":5,"enemies":"3 Louse","floor":14,"turns":3},{"damage":51,"enemies":"The Guardian","floor":16,"turns":9},{"damage":4,"enemies":"Spheric Guardian","floor":18,"turns":3},{"damage":4,"enemies":"Chosen","floor":23,"turns":4},{"damage":26,"enemies":"3 Cultists","floor":24,"turns":6},{"damage":15,"enemies":"Snake Plant","floor":28,"turns":3},{"damage":4,"enemies":"Centurion and Healer","floor":29,"turns":5},{"damage":9,"enemies":"Snecko","floor":30,"turns":3},{"damage":75,"enemies":"Collector","floor":33,"turns":7}],"seed_played":"-6133048780609398410","potions_obtained":[{"floor":1,"key":"Swift Potion"},{"floor":5,"key":"SpeedPotion"},{"floor":11,"key":"Regen Potion"},{"floor":16,"key":"Strength Potion"},{"floor":18,"key":"Fruit Juice"},{"floor":24,"key":"PowerPotion"}],"is_trial":false,"path_per_floor":["M","?","M","M","M","R","?","E","T","$","M","$","R","M","R","B",null,"M","$","?","?","?","M","M","R","T","R","M","M","M","$","R","B"],"character_chosen":"THE_SILENT","items_purchased":["Predator","Whetstone","EntropicBrew","Bane"],"campfire_rested":4,"item_purchase_floors":[10,10,19,19],"current_hp_per_floor":[70,70,70,70,52,52,69,28,28,43,7,22,43,38,59,23,70,71,75,75,75,69,65,39,61,61,61,46,42,33,48,70,0,0],"gold":88,"neow_bonus":"THREE_ENEMY_KILL","is_daily":false,"chose_seed":false,"campfire_upgraded":2,"win_rate":0.0,"timestamp":1610225904,"path_taken":["M","?","M","M","?","R","?","E","T","?","M","$","R","M","R","BOSS","M","$","?","?","?","M","M","R","T","R","M","?","M","$","R","BOSS"],"items_purchased_type":["Card","Relic","Potion","Card"],"build_version":"2020-12-22","purchased_purges":0,"victory":false,"max_hp_per_floor":[70,70,70,70,70,70,70,70,70,70,70,70,70,70,70,70,70,75,75,75,75,75,75,75,75,75,75,75,75,75,75,75,75,75],"card_choices":[{"not_picked":["Endless Agony","Slice"],"picked":"Choke","floor":1},{"not_picked":["Acrobatics","Dodge and Roll"],"picked":"Dagger Throw","floor":3},{"not_picked":["Dodge and Roll","Glass Knife"],"picked":"Dagger Throw","floor":4},{"not_picked":["Footwork","Caltrops"],"picked":"Quick Slash","floor":5},{"not_picked":["Flying Knee","Adrenaline"],"picked":"Choke","floor":8},{"not_picked":["Dash","Dodge and Roll"],"picked":"Riddle With Holes","floor":11},{"not_picked":["Deadly Poison","Infinite Blades"],"picked":"Bouncing Flask","floor":14},{"not_picked":["A Thousand Cuts","Corpse Explosion"],"picked":"Venomology","floor":16},{"not_picked":["Blade Dance","Escape Plan"],"picked":"Finisher","floor":18},{"not_picked":["Acrobatics","Finisher+1"],"picked":"Distraction","floor":23},{"not_picked":["Skewer","All Out Attack"],"picked":"PiercingWail+1","floor":24},{"not_picked":["Blur","Acrobatics"],"picked":"Masterful Stab","floor":28},{"not_picked":["Outmaneuver","Terror"],"picked":"Sucker Punch","floor":29},{"not_picked":["Slice","Dodge and Roll+1"],"picked":"Dash","floor":30}],"player_experience":17477,"relics_obtained":[{"floor":8,"key":"Orichalcum"},{"floor":9,"key":"MealTicket"},{"floor":26,"key":"Oddly Smooth Stone"}],"event_choices":[{"damage_healed":0,"gold_gain":0,"player_choice":"Forge","damage_taken":0,"max_hp_gain":0,"max_hp_loss":0,"event_name":"Accursed Blacksmith","floor":2,"gold_loss":0,"cards_upgraded":["Choke"]},{"damage_healed":17,"gold_gain":0,"player_choice":"Healed","damage_taken":0,"max_hp_gain":0,"max_hp_loss":0,"event_name":"The Cleric","floor":7,"gold_loss":35},{"damage_healed":0,"gold_gain":0,"player_choice":"Ignored","damage_taken":0,"max_hp_gain":0,"max_hp_loss":0,"event_name":"Ghosts","floor":20,"gold_loss":0},{"damage_healed":0,"gold_gain":0,"player_choice":"Simplicity","damage_taken":0,"max_hp_gain":0,"max_hp_loss":0,"event_name":"Back to Basics","floor":21,"gold_loss":0,"cards_upgraded":["Strike_G","Strike_G","Strike_G","Defend_G","Defend_G","Defend_G","Defend_G"]},{"damage_healed":0,"gold_gain":0,"player_choice":"Joined the Cult","damage_taken":6,"max_hp_gain":0,"max_hp_loss":0,"event_name":"Nest","floor":22,"gold_loss":0,"cards_obtained":["RitualDagger"]}],"is_beta":false,"boss_relics":[{"not_picked":["Sozu","Ectoplasm"],"picked":"Astrolabe"}],"items_purged_floors":[],"is_endless":false,"potions_floor_spawned":[1,5,11,16,18,24],"killed_by":"Collector","ascension_level":0}}