{"host":"h4lp0eeso8a0ssq0","time":1610191695,"event":{"mods":["2.2 Compatiblity","AchievementEnabler","BaseMod","CapriCore","Colored Map","Minty Spire (QoL Compilation)","StSLib","SuperFastMode"],"gold_per_floor":[118,118,137,137,137,164,16,26,26,26,26,46,78,108,120,132,132],"floor_reached":16,"playtime":410,"items_purged":["Strike_G"],"score":169,"play_id":"b5cfd0e2-df39-4ffd-a401-100af227c672","local_time":"20210109202815","is_ascension_mode":true,"campfire_choices":[{"data":"Footwork","floor":11,"key":"SMITH"},{"data":"Footwork","floor":15,"key":"SMITH"}],"circlet_count":0,"master_deck":["Strike_G+1","Strike_G","Defend_G","Defend_G+1","Defend_G","Defend_G","Defend_G","Survivor","Neutralize","Backflip","Concentrate","Quick Slash","Acrobatics","Footwork+1","Expertise","Footwork+1","Underhanded Strike+1"],"relics":["Ring of the Snake","NeowsBlessing","Omamori","Molten Egg 2","MawBank"],"acts_visited":["Exordium"],"potions_floor_usage":[13,13],"damage_taken":[{"damage":0,"enemies":"Cultist","floor":1,"turns":1},{"damage":0,"enemies":"2 Louse","floor":3,"turns":1},{"damage":0,"enemies":"Gremlin Nob","floor":6,"turns":1},{"damage":1,"enemies":"Jaw Worm","floor":8,"turns":5},{"damage":1,"enemies":"Blue Slaver","floor":12,"turns":4},{"damage":11,"enemies":"3 Sentries","floor":13,"turns":10},{"damage":14,"enemies":"Exordium Wildlife","floor":14,"turns":9},{"damage":0,"enemies":"The Guardian","floor":16,"turns":2}],"seed_played":"-4227895364354810689","potions_obtained":[{"floor":1,"key":"SkillPotion"},{"floor":8,"key":"Explosive Potion"},{"floor":12,"key":"Ancient Potion"}],"is_trial":false,"path_per_floor":["M","?","M","?","?","E","$","M","T","$","R","M","E","M","R","B"],"character_chosen":"THE_SILENT","items_purchased":["Footwork"],"campfire_rested":0,"item_purchase_floors":[7],"current_hp_per_floor":[70,70,70,56,56,56,56,55,55,55,55,54,43,29,29,29,29],"gold":132,"neow_bonus":"THREE_ENEMY_KILL","is_daily":false,"chose_seed":false,"campfire_upgraded":2,"win_rate":0.0,"timestamp":1610191695,"path_taken":["M","?","?","?","?","E","$","M","T","?","R","M","E","?","R","BOSS"],"items_purchased_type":["Card"],"build_version":"2020-12-22","purchased_purges":1,"victory":false,"max_hp_per_floor":[70,70,70,70,70,70,70,70,70,70,70,70,70,70,70,70,70],"card_choices":[{"not_picked":["Endless Agony","Dagger Spray"],"picked":"Backflip","floor":1},{"not_picked":["Backflip","Acrobatics"],"picked":"Concentrate","floor":3},{"not_picked":["Cloak And Dagger","Finisher"],"picked":"Acrobatics","floor":6},{"not_picked":["Dagger Spray","Slice"],"picked":"Expertise","floor":8},{"not_picked":["Infinite Blades","Backflip","Prepared"],"picked":"SKIP","floor":12},{"not_picked":["Accuracy","Quick Slash+1"],"picked":"Footwork","floor":13},{"not_picked":["Finisher+1","Accuracy"],"picked":"Underhanded Strike+1","floor":14}],"player_experience":117089,"relics_obtained":[{"floor":6,"key":"Omamori"},{"floor":9,"key":"Molten Egg 2"},{"floor":13,"key":"MawBank"}],"event_choices":[{"cards_removed":["Strike_G"],"damage_healed":0,"gold_gain":0,"player_choice":"Offered Basic","damage_taken":0,"max_hp_gain":0,"max_hp_loss":0,"event_name":"Bonfire Elementals","floor":2,"gold_loss":0},{"damage_healed":0,"gold_gain":0,"player_choice":"Entered Light","damage_taken":14,"max_hp_gain":0,"max_hp_loss":0,"event_name":"Shining Light","floor":4,"gold_loss":0,"cards_upgraded":["Strike_G","Defend_G"]},{"damage_healed":0,"gold_gain":0,"cards_transformed":["Strike_G"],"player_choice":"Change","damage_taken":0,"max_hp_gain":0,"max_hp_loss":0,"event_name":"Living Wall","floor":5,"gold_loss":0,"cards_obtained":["Quick Slash"]}],"is_beta":false,"boss_relics":[],"items_purged_floors":[7],"is_endless":false,"potions_floor_spawned":[1,8,12],"killed_by":"The Guardian","ascension_level":5}}