{"host":"uv231blk40vjdojr","time":1610208092,"event":{"mods":["AchievementEnabler","BaseMod","Bestiary","Minty Spire (QoL Compilation)","Relic Stats"],"gold_per_floor":[119,5,5,5,21,21,56,56,81,109,127,144,175,185,185,285,285,298,308,328,278,295,295,324,324,324,343,359,372,372,384,384,483,483,497,497,512,512,512,531,562,105,105,115,115,115,135,148,148,148],"floor_reached":51,"playtime":2561,"items_purged":["Defend_R","Strike_R"],"score":798,"play_id":"90428265-5dde-4947-ab43-50bed1b9e6fe","local_time":"20210109170132","is_ascension_mode":false,"campfire_choices":[{"data":"True Grit","floor":6.0,"key":"SMITH"},{"data":"Blood for Blood","floor":8.0,"key":"SMITH"},{"data":"Fiend Fire","floor":15.0,"key":"SMITH"},{"data":"Berserk","floor":23.0,"key":"SMITH"},{"data":"Corruption","floor":25.0,"key":"SMITH"},{"data":"Bash","floor":30.0,"key":"SMITH"},{"data":"Dropkick","floor":32.0,"key":"SMITH"},{"data":"Strike_R","floor":46.0,"key":"SMITH"},{"data":"Defend_R","floor":49.0,"key":"SMITH"}],"circlet_count":0,"master_deck":["Strike_R","Strike_R","Strike_R","Strike_R+1","Defend_R","Defend_R","Defend_R+1","Bash+1","True Grit+1","Blood for Blood+1","Fiend Fire+1","Shockwave+1","Battle Trance+1","Berserk+1","Corruption+1","Havoc+1","Shockwave+1","Shrug It Off+1","Rage+1","Pommel Strike+1","Dropkick+1","Dropkick+1","Dropkick+1","Madness+1","Madness+1","Spot Weakness+1","True Grit+1","Dark Embrace+1"],"relics":["Burning Blood","NeowsBlessing","CaptainsWheel","Toxic Egg 2","Centennial Puzzle","Letter Opener","Bronze Scales","Mark of Pain","Kunai","Eternal Feather","Runic Pyramid","Lizard Tail","Champion Belt","Torii"],"acts_visited":["Exordium","TheCity","TheBeyond"],"potions_floor_usage":[],"damage_taken":[{"damage":0.0,"enemies":"2 Louse","floor":1.0,"turns":1.0},{"damage":0.0,"enemies":"Small Slimes","floor":5.0,"turns":1.0},{"damage":0.0,"enemies":"Lagavulin","floor":7.0,"turns":1.0},{"damage":22.0,"enemies":"3 Sentries","floor":10.0,"turns":6.0},{"damage":4.0,"enemies":"Cultist","floor":11.0,"turns":3.0},{"damage":4.0,"enemies":"Red Slaver","floor":12.0,"turns":5.0},{"damage":0.0,"enemies":"Lagavulin","floor":13.0,"turns":3.0},{"damage":18.0,"enemies":"Gremlin Gang","floor":14.0,"turns":3.0},{"damage":12.0,"enemies":"Slime Boss","floor":16.0,"turns":4.0},{"damage":10.0,"enemies":"Spheric Guardian","floor":18.0,"turns":3.0},{"damage":0.0,"enemies":"Shell Parasite","floor":19.0,"turns":2.0},{"damage":12.0,"enemies":"Chosen and Byrds","floor":20.0,"turns":6.0},{"damage":7.0,"enemies":"3 Cultists","floor":22.0,"turns":4.0},{"damage":3.0,"enemies":"Book of Stabbing","floor":24.0,"turns":4.0},{"damage":16.0,"enemies":"Sentry and Sphere","floor":27.0,"turns":4.0},{"damage":11.0,"enemies":"Shelled Parasite and Fungi","floor":28.0,"turns":4.0},{"damage":14.0,"enemies":"Centurion and Healer","floor":29.0,"turns":4.0},{"damage":11.0,"enemies":"Cultist and Chosen","floor":31.0,"turns":5.0},{"damage":9.0,"enemies":"Champ","floor":33.0,"turns":7.0},{"damage":0.0,"enemies":"3 Shapes","floor":35.0,"turns":5.0},{"damage":0.0,"enemies":"Orb Walker","floor":37.0,"turns":2.0},{"damage":0.0,"enemies":"Sphere and 2 Shapes","floor":40.0,"turns":5.0},{"damage":4.0,"enemies":"Reptomancer","floor":41.0,"turns":2.0},{"damage":8.0,"enemies":"3 Darklings","floor":44.0,"turns":4.0},{"damage":1.0,"enemies":"4 Shapes","floor":47.0,"turns":4.0},{"damage":24.0,"enemies":"Maw","floor":48.0,"turns":5.0},{"damage":18,"enemies":"Awakened One","floor":50,"turns":13}],"seed_played":"4748824879012271244","potions_obtained":[{"floor":5.0,"key":"LiquidBronze"},{"floor":10.0,"key":"SteroidPotion"},{"floor":12.0,"key":"DistilledChaos"},{"floor":14.0,"key":"Energy Potion"},{"floor":18.0,"key":"SkillPotion"},{"floor":28.0,"key":"FairyPotion"},{"floor":29.0,"key":"Strength Potion"}],"is_trial":false,"path_per_floor":["M","$","?","?","M","R","E","R","T","E","M","M","E","M","R","B",null,"M","M","M","?","M","R","E","R","T","M","M","M","R","M","R","B",null,"M","?","M","?","?","M","E","$","T","M","$","R","M","M","R","B",null],"character_chosen":"IRONCLAD","items_purchased":["Blood for Blood","Champion Belt","PowerPotion"],"campfire_rested":0,"item_purchase_floors":[2,42,42],"current_hp_per_floor":[80,80,73,73,79,79,80,80,80,64,66,68,74,62,62,56,80,76,80,74,74,73,73,76,76,76,66,61,53,65,60,72,69,80,80,70,76,76,80,80,80,80,80,78,78,80,80,62,77,65],"gold":148,"neow_bonus":"THREE_ENEMY_KILL","is_daily":false,"chose_seed":false,"campfire_upgraded":9,"win_rate":0.0,"timestamp":1610208092,"path_taken":["M","$","?","?","M","R","E","R","T","E","M","M","E","?","R","BOSS","M","M","M","?","?","R","E","R","T","M","M","M","R","M","R","BOSS","M","?","M","?","?","M","E","$","T","M","$","R","M","?","R","BOSS"],"items_purchased_type":["Card","Relic","Potion"],"build_version":"2020-12-22","purchased_purges":2,"victory":true,"max_hp_per_floor":[80,80,80,80,80,80,80,80,80,80,80,80,80,80,80,80,80,80,80,80,80,80,80,80,80,80,80,80,80,80,80,80,80,80,80,80,80,80,80,80,80,80,80,80,80,80,80,80,80,80],"relic_stats":{"Centennial Puzzle":[57],"Lizard Tail":0,"Torii":7,"counters":[27,110],"Bronze Scales":[248],"Eternal Feather":41,"Letter Opener":[265],"Kunai":[31],"Champion Belt":[27],"obtain_stats":[{"NeowsBlessing":0,"Torii":43,"Eternal Feather":26,"Letter Opener":10,"Burning Blood":0,"CaptainsWheel":3,"Centennial Puzzle":9,"Lizard Tail":41,"Bronze Scales":13,"Mark of Pain":17,"Kunai":24,"Champion Belt":42,"Toxic Egg 2":7,"Runic Pyramid":34},{"NeowsBlessing":0,"Torii":23,"Eternal Feather":14,"Letter Opener":4,"Burning Blood":0,"CaptainsWheel":1,"Centennial Puzzle":3,"Lizard Tail":23,"Bronze Scales":7,"Mark of Pain":9,"Kunai":14,"Champion Belt":23,"Toxic Egg 2":3,"Runic Pyramid":19},{"NeowsBlessing":0,"Torii":84,"Eternal Feather":46,"Letter Opener":9,"Burning Blood":0,"CaptainsWheel":1,"Centennial Puzzle":3,"Lizard Tail":84,"Bronze Scales":20,"Mark of Pain":27,"Kunai":46,"Champion Belt":84,"Toxic Egg 2":3,"Runic Pyramid":70}],"Burning Blood":130},"card_choices":[{"not_picked":["Sentinel","Thunderclap"],"picked":"True Grit","floor":1.0},{"not_picked":["Reckless Charge","Body Slam","Rage"],"picked":"SKIP","floor":5.0},{"not_picked":["Twin Strike","Limit Break+1"],"picked":"Fiend Fire","floor":7.0},{"not_picked":["Clothesline","Pommel Strike"],"picked":"Shockwave+1","floor":10.0},{"not_picked":["Shrug It Off+1","Anger","Wild Strike"],"picked":"SKIP","floor":11.0},{"not_picked":["Clash","Bloodletting+1"],"picked":"Battle Trance+1","floor":12.0},{"not_picked":["Searing Blow","Clothesline"],"picked":"Berserk","floor":13.0},{"not_picked":["Perfected Strike","Shrug It Off+1","Flex+1"],"picked":"SKIP","floor":14.0},{"not_picked":["Immolate","Fiend Fire"],"picked":"Corruption","floor":16.0},{"not_picked":["Heavy Blade","Power Through+1"],"picked":"Havoc+1","floor":18.0},{"not_picked":["Blood for Blood+1","Disarm+1"],"picked":"Shockwave+1","floor":19.0},{"not_picked":["Pommel Strike","Perfected Strike"],"picked":"Shrug It Off+1","floor":20.0},{"not_picked":["Sword Boomerang+1","Searing Blow"],"picked":"Rage+1","floor":22.0},{"not_picked":["Sword Boomerang","Body Slam","Corruption"],"picked":"SKIP","floor":24.0},{"not_picked":["Heavy Blade","Perfected Strike+1","Headbutt"],"picked":"SKIP","floor":27.0},{"not_picked":["Immolate","Combust"],"picked":"Pommel Strike+1","floor":28.0},{"not_picked":["Headbutt+1","Clash"],"picked":"Dropkick+1","floor":29.0},{"not_picked":["Flex+1","Twin Strike"],"picked":"Dropkick","floor":31.0},{"not_picked":["Heavy Blade","Warcry+1"],"picked":"Dropkick+1","floor":35.0},{"not_picked":["Headbutt","Reckless Charge","Whirlwind"],"picked":"SKIP","floor":37.0},{"not_picked":["Seeing Red+1","Uppercut"],"picked":"Spot Weakness+1","floor":40.0},{"not_picked":["Shrug It Off+1","Uppercut+1","Reckless Charge"],"picked":"SKIP","floor":41.0},{"not_picked":["Sever Soul+1","Havoc+1"],"picked":"True Grit+1","floor":44.0},{"not_picked":["Perfected Strike","Twin Strike","Body Slam+1"],"picked":"SKIP","floor":47.0},{"not_picked":["Shockwave+1","Dropkick"],"picked":"Dark Embrace+1","floor":48.0}],"player_experience":628042,"relics_obtained":[{"floor":7.0,"key":"Toxic Egg 2"},{"floor":9.0,"key":"Centennial Puzzle"},{"floor":10.0,"key":"Letter Opener"},{"floor":13.0,"key":"Bronze Scales"},{"floor":24.0,"key":"Kunai"},{"floor":26.0,"key":"Eternal Feather"},{"floor":41.0,"key":"Lizard Tail"},{"floor":43.0,"key":"Torii"}],"event_choices":[{"damage_healed":0.0,"max_hp_gain":0.0,"max_hp_loss":0.0,"gold_gain":0.0,"event_name":"Scrap Ooze","player_choice":"Success","floor":3.0,"gold_loss":0.0,"damage_taken":7.0,"relics_obtained":["CaptainsWheel"]},{"damage_healed":0.0,"max_hp_gain":0.0,"max_hp_loss":0.0,"gold_gain":0.0,"event_name":"Match and Keep!","player_choice":"0 cards matched","floor":4.0,"gold_loss":0.0,"damage_taken":0.0,"cards_obtained":[]},{"damage_healed":0.0,"max_hp_gain":0.0,"max_hp_loss":0.0,"gold_gain":0.0,"event_name":"The Joust","player_choice":"Bet on Owner","floor":21.0,"gold_loss":50.0,"damage_taken":0.0},{"damage_healed":0.0,"max_hp_gain":0.0,"max_hp_loss":0.0,"gold_gain":0.0,"event_name":"Winding Halls","player_choice":"Embrace Madness","floor":36.0,"gold_loss":0.0,"damage_taken":10.0,"cards_obtained":["Madness","Madness"]},{"damage_healed":0.0,"max_hp_gain":0.0,"max_hp_loss":0.0,"gold_gain":0.0,"event_name":"SensoryStone","player_choice":"Memory 1","floor":38.0,"gold_loss":0.0,"damage_taken":0.0},{"damage_healed":4.0,"max_hp_gain":0.0,"max_hp_loss":0.0,"gold_gain":0.0,"event_name":"Wheel of Change","player_choice":"Full Heal","floor":39.0,"gold_loss":0.0,"damage_taken":0.0}],"is_beta":false,"boss_relics":[{"not_picked":["Runic Cube","Coffee Dripper"],"picked":"Mark of Pain"},{"not_picked":["Sozu","SlaversCollar"],"picked":"Runic Pyramid"}],"items_purged_floors":[2,42],"is_endless":false,"potions_floor_spawned":[5,10,12,14,18,24,28,29,31,44,47],"ascension_level":0}}