{"host":"1yemetsqamtkb9ct","time":1610178860,"event":{"mods":["AchievementEnabler","BaseMod","Colored Map","Custom Start","KOR Keyword Fix","Lobotomy","Minty Spire (QoL Compilation)","Quick Restart","Random Character Button","StSLib","SuperFastMode"],"gold_per_floor":[109,128,146,146,166,183,183,200,200,200,200,216,235,258,258,258,258],"floor_reached":16,"playtime":459,"items_purged":[],"score":98,"play_id":"f855bcfb-3ae5-4cbf-a0b1-a2492a3510f1","local_time":"20210109165420","is_ascension_mode":false,"campfire_choices":[{"data":"Shrug It Off","floor":7.0,"key":"SMITH"},{"data":"Offering","floor":15,"key":"SMITH"}],"circlet_count":0,"master_deck":["Strike_R","Strike_R","Strike_R","Strike_R","Strike_R","Defend_R","Defend_R","Defend_R","Defend_R","Bash","DreamingCurrent","Shrug It Off+1","Iron Wave","Scarecrow","OldLady","FieryBird","OSAHOGD","Offering+1","RedShoes","Mercenary"],"relics":["Burning Blood","CogitoBucket","BackwardClock","Letter Opener","Golden Idol"],"acts_visited":["Exordium"],"potions_floor_usage":[],"damage_taken":[{"damage":6.0,"enemies":"2 Louse","floor":1.0,"turns":4.0},{"damage":6.0,"enemies":"Cultist","floor":2.0,"turns":3.0},{"damage":2.0,"enemies":"Small Slimes","floor":3.0,"turns":4.0},{"damage":35.0,"enemies":"Exordium Wildlife","floor":5.0,"turns":3.0},{"damage":25.0,"enemies":"2 Fungi Beasts","floor":6.0,"turns":4.0},{"damage":26,"enemies":"Large Slime","floor":8,"turns":10},{"damage":4,"enemies":"Blue Slaver","floor":12,"turns":4},{"damage":26,"enemies":"Looter","floor":13,"turns":3},{"damage":26,"enemies":"Large Slime","floor":14,"turns":4},{"damage":128,"enemies":"Hexaghost","floor":16,"turns":11}],"seed_played":"120566615013967741","potions_obtained":[{"floor":3.0,"key":"DuplicationPotion"},{"floor":8,"key":"SteroidPotion"},{"floor":12,"key":"SteroidPotion"}],"is_trial":false,"path_per_floor":["M","M","M","?","M","M","R","M","T","?","?","M","M","M","R","B"],"character_chosen":"IRONCLAD","items_purchased":[],"campfire_rested":0,"item_purchase_floors":[],"current_hp_per_floor":[80,80,80,80,57,56,56,54,54,54,54,74,66,70,70,0,0],"gold":258,"neow_bonus":"","is_daily":false,"chose_seed":false,"campfire_upgraded":2,"win_rate":0.0,"timestamp":1610178860,"path_taken":["M","M","M","?","M","M","R","?","T","?","?","M","M","M","R","BOSS"],"items_purchased_type":[],"build_version":"2020-12-22","purchased_purges":0,"victory":false,"max_hp_per_floor":[80,80,80,80,80,80,80,80,80,80,74,74,74,74,74,74,74],"card_choices":[{"not_picked":["BigBadWolf","ShyLook"],"picked":"FairyFestival","floor":1.0},{"not_picked":["Headbutt","Warcry","Blood for Blood"],"picked":"SKIP","floor":1.0},{"not_picked":["Yin","VoidDream"],"picked":"Laetitia","floor":2.0},{"not_picked":["Warcry","Cleave","Seeing Red"],"picked":"SKIP","floor":2.0},{"not_picked":["LongBird","Porccubus"],"picked":"DreamingCurrent","floor":3.0},{"not_picked":["Clothesline","Heavy Blade"],"picked":"Shrug It Off","floor":3.0},{"not_picked":["BeautyBeast","CherryBlossoms"],"picked":"Scarecrow","floor":5.0},{"not_picked":["Sever Soul","Demon Form","Body Slam"],"picked":"SKIP","floor":5.0},{"not_picked":["WallGazer","FairyFestival"],"picked":"OldLady","floor":6.0},{"not_picked":["Spot Weakness","Cleave","Warcry"],"picked":"SKIP","floor":6.0},{"not_picked":["Murderer","Scorched"],"picked":"FieryBird","floor":8},{"not_picked":["Dual Wield","Disarm","Headbutt"],"picked":"SKIP","floor":8},{"not_picked":["MHz","LittleHelper"],"picked":"OSAHOGD","floor":12},{"not_picked":["Havoc","Clothesline"],"picked":"Offering","floor":12},{"not_picked":["CrumblingArmor","Wellcheers"],"picked":"RedShoes","floor":13},{"not_picked":["Dual Wield","Spot Weakness","Cleave"],"picked":"SKIP","floor":13},{"not_picked":["UniverseFragment","SpiderBud"],"picked":"Mercenary","floor":14},{"not_picked":["Body Slam","Shrug It Off","Heavy Blade"],"picked":"SKIP","floor":14}],"player_experience":598991,"relics_obtained":[{"floor":9,"key":"Letter Opener"}],"event_choices":[{"cards_removed":["FairyFestival"],"damage_healed":0.0,"max_hp_gain":0.0,"max_hp_loss":0.0,"gold_gain":0.0,"event_name":"NoteForYourself","player_choice":"Took Card","floor":4.0,"gold_loss":0.0,"damage_taken":0.0,"cards_obtained":["Iron Wave"]},{"cards_removed":["Laetitia"],"damage_healed":0,"gold_gain":0,"player_choice":"Forget","damage_taken":0,"max_hp_gain":0,"max_hp_loss":0,"event_name":"Living Wall","floor":10,"gold_loss":0},{"damage_healed":0,"gold_gain":0,"player_choice":"Lose Max HP","damage_taken":0,"relics_obtained":["Golden Idol"],"max_hp_gain":0,"max_hp_loss":6,"event_name":"Golden Idol","floor":11,"gold_loss":0}],"is_beta":false,"boss_relics":[],"items_purged_floors":[],"is_endless":false,"potions_floor_spawned":[3,8,12],"killed_by":"Hexaghost","ascension_level":0}}