{"host":"uflv0e3ja7hvnij7","time":1610217335,"event":{"mods":["BaseMod","Better Altar","Better Match","Better Note","Better Sensory Stone","Better Skull","Better Third Choice","Marisa????????","Minty Spire (QoL Compilation)","Permanent Neow","Replay The Spire","StSLib"],"gold_per_floor":[116,41,370,380,399,399,371,406,406,406,160,179,190,207,207,304,354,370,380,186,186,186],"floor_reached":21,"playtime":1400,"items_purged":["Eruption","Strike_P","Strike_P"],"score":253,"play_id":"05330946-60ba-4baf-90d6-546b688300b5","local_time":"20210109133535","is_ascension_mode":true,"campfire_choices":[{"floor":6,"key":"REST"},{"floor":15,"key":"REST"}],"circlet_count":0,"master_deck":["Strike_P","Strike_P","Defend_P","Defend_P","Defend_P","Defend_P","PathToVictory","PathToVictory+1","SpiritShield","ThirdEye","Wireheading"],"relics":["PureWater","Letter Opener","ReplayTheSpireMod:TigerMarble","Orichalcum","Tiny House"],"acts_visited":["Exordium","TheCity"],"potions_floor_usage":[8,12,18,21,21],"damage_taken":[{"damage":2,"enemies":"2 Louse","floor":1,"turns":3},{"damage":5,"enemies":"Cultist","floor":4,"turns":5},{"damage":7,"enemies":"Small Slimes","floor":5,"turns":3},{"damage":7,"enemies":"Replay:BlueRogue","floor":8,"turns":5},{"damage":9,"enemies":"Exordium Thugs","floor":12,"turns":3},{"damage":0,"enemies":"Red Slaver","floor":13,"turns":3},{"damage":0,"enemies":"Large Slime","floor":14,"turns":6},{"damage":26,"enemies":"Hexaghost","floor":16,"turns":7},{"damage":25,"enemies":"Spheric Guardian","floor":18,"turns":5},{"damage":17,"enemies":"Shell Parasite","floor":19,"turns":4},{"damage":27,"enemies":"Cultist and Chosen","floor":21,"turns":7}],"seed_played":"-3193987052630767671","potions_obtained":[{"floor":1,"key":"PowerPotion"},{"floor":4,"key":"LiquidMemories"},{"floor":5,"key":"ColorlessPotion"},{"floor":17,"key":"DistilledChaos"},{"floor":18,"key":"Energy Potion"}],"is_trial":false,"path_per_floor":["M","$","?","M","M","R","?","E","T","?","$","M","M","M","R","B",null,"M","M","$","M"],"character_chosen":"WATCHER","items_purchased":["Orichalcum","Wireheading"],"campfire_rested":2,"item_purchase_floors":[11,20],"current_hp_per_floor":[63,63,41,36,29,50,50,43,43,43,43,34,34,34,55,29,66,41,24,24,0,0],"gold":186,"neow_bonus":"THREE_CARDS","is_daily":false,"chose_seed":false,"campfire_upgraded":0,"win_rate":0.0,"timestamp":1610217335,"path_taken":["M","$","?","?","M","R","?","E","T","?","$","M","?","M","R","BOSS","M","M","$","M"],"items_purchased_type":["Relic","Card"],"build_version":"2020-12-22","purchased_purges":3,"victory":false,"max_hp_per_floor":[72,72,72,72,72,72,72,72,72,72,72,72,72,72,72,72,77,77,77,77,77,77],"card_choices":[{"not_picked":["SignatureMove","Consecrate"],"picked":"PathToVictory","floor":0},{"not_picked":["WaveOfTheHand","BowlingBash","Halt"],"picked":"SKIP","floor":1},{"not_picked":["JustLucky","MentalFortress","FollowUp"],"picked":"SKIP","floor":4},{"not_picked":["WreathOfFlame","CrushJoints"],"picked":"PathToVictory","floor":5},{"not_picked":["Replay:Hum","Weave","Replay:AllIn"],"picked":"SKIP","floor":8},{"not_picked":["FlyingSleeves","Prostrate","Wallop"],"picked":"SKIP","floor":12},{"not_picked":["FollowUp","Fasting2","LikeWater"],"picked":"SKIP","floor":13},{"not_picked":["WheelKick","EmptyFist","SignatureMove"],"picked":"SKIP","floor":14},{"not_picked":["Devotion","Wish"],"picked":"SpiritShield","floor":16},{"not_picked":["BowlingBash","Replay:Vibes","FlyingSleeves+1"],"picked":"SKIP","floor":18},{"not_picked":["Replay:ManipulateFuture+1","WaveOfTheHand"],"picked":"ThirdEye","floor":19}],"player_experience":525863,"relics_obtained":[{"floor":8,"key":"Letter Opener"},{"floor":9,"key":"ReplayTheSpireMod:TigerMarble"}],"event_choices":[{"damage_healed":0,"gold_gain":329,"player_choice":"GO GO GO ","damage_taken":25,"relics_obtained":[],"max_hp_gain":0,"max_hp_loss":0,"event_name":"betterSkull:BetterSkull","floor":3,"gold_loss":0,"cards_upgraded":[]},{"damage_healed":0,"gold_gain":0,"player_choice":"Left","damage_taken":0,"max_hp_gain":0,"max_hp_loss":0,"event_name":"betterThird:BetterGoop","floor":7,"gold_loss":28},{"cards_removed":["Vigilance"],"damage_healed":0,"gold_gain":0,"player_choice":"Purged","damage_taken":0,"max_hp_gain":0,"max_hp_loss":0,"event_name":"Purifier","floor":10,"gold_loss":0}],"is_beta":false,"boss_relics":[{"not_picked":["Ring of Chaos","ChewingGum"],"picked":"Tiny House"}],"items_purged_floors":[2,11,20],"is_endless":false,"potions_floor_spawned":[1,4,5,18],"killed_by":"Cultist and Chosen","ascension_level":8}}