{"host":"iphsb0ccnjx0pfn6","time":1610208230,"event":{"mods":["2.2 Compatiblity","AchievementEnabler","BaseMod","Colored Map","DeckTracker","Keyboard Shortcuts","Minty Spire (QoL Compilation)","Permanent Neow","Quick Restart","Relic Stats","StSLib","SuperFastMode","Uncapped","everything is the same but u backflip on backflip"],"gold_per_floor":[114,114,114,114,114,114,145,145,145,9,22,47,47,63,63,156,156,137,187,187,187],"floor_reached":20,"playtime":373,"items_purged":["Strike_B"],"score":340,"play_id":"7f85bbfe-1b9b-4142-aae0-942d993220b3","local_time":"20210110010350","is_ascension_mode":true,"campfire_choices":[{"data":"Zap","floor":6.0,"key":"SMITH"},{"floor":8.0,"key":"REST"},{"data":"Defragment","floor":13.0,"key":"SMITH"},{"data":"Fusion","floor":15,"key":"SMITH"}],"circlet_count":0,"master_deck":["AscendersBane","Strike_B","Strike_B","Defend_B","Defend_B","Defend_B","Defend_B","Zap+1","Dualcast","Gash","Rebound","Core Surge","Chill","Defragment+1","Gash","Genetic Algorithm","Fusion+1","Meteor Strike","Leap"],"relics":["Cracked Core","Golden Idol","The Courier","Dream Catcher","Thread and Needle","Philosopher\u0027s Stone"],"acts_visited":["Exordium","TheCity"],"potions_floor_usage":[16,16,16,20],"damage_taken":[{"damage":10.0,"enemies":"Small Slimes","floor":1.0,"turns":3.0},{"damage":39.0,"enemies":"Gremlin Nob","floor":7.0,"turns":4.0},{"damage":3.0,"enemies":"Jaw Worm","floor":11.0,"turns":3.0},{"damage":0.0,"enemies":"2 Louse","floor":12.0,"turns":3.0},{"damage":10,"enemies":"Red Slaver","floor":14,"turns":3},{"damage":1,"enemies":"Slime Boss","floor":16,"turns":6},{"damage":32,"enemies":"2 Thieves","floor":18,"turns":4},{"damage":19,"enemies":"Shell Parasite","floor":20,"turns":6}],"seed_played":"2993745271834949963","potions_obtained":[{"floor":7.0,"key":"EntropicBrew"},{"floor":14,"key":"EssenceOfDarkness"},{"floor":18,"key":"AttackPotion"}],"is_trial":false,"path_per_floor":["M","?","?","?","?","R","E","R","T","$","M","M","R","M","R","B",null,"M","?","M"],"character_chosen":"DEFECT","items_purchased":["Defragment","Gash"],"campfire_rested":1,"item_purchase_floors":[10,10],"current_hp_per_floor":[54,54,47,47,47,47,8,27,27,27,24,24,24,14,14,13,51,19,19,0,0],"gold":187,"neow_bonus":"THREE_CARDS","is_daily":false,"chose_seed":false,"campfire_upgraded":3,"win_rate":0.0,"timestamp":1610208230,"path_taken":["M","?","?","?","?","R","E","R","T","$","?","M","R","M","R","BOSS","M","?","M"],"items_purchased_type":["Card","Card"],"build_version":"2020-12-22","purchased_purges":1,"victory":false,"max_hp_per_floor":[71,64,64,64,64,64,64,64,64,64,64,64,64,64,64,64,64,64,64,64,64],"relic_stats":{"Dream Catcher":1,"counters":[8,32],"Golden Idol":40,"obtain_stats":[{"Dream Catcher":7,"Golden Idol":2,"Thread and Needle":9,"Philosopher\u0027s Stone":17,"The Courier":5,"Cracked Core":0},{"Dream Catcher":2,"Golden Idol":1,"Thread and Needle":2,"Philosopher\u0027s Stone":6,"The Courier":1,"Cracked Core":0},{"Dream Catcher":7,"Golden Idol":3,"Thread and Needle":7,"Philosopher\u0027s Stone":22,"The Courier":3,"Cracked Core":0}]},"card_choices":[{"not_picked":["Conserve Battery","Melter"],"picked":"Gash","floor":0.0},{"not_picked":["Turbo","Glacier"],"picked":"Rebound","floor":1.0},{"not_picked":["Capacitor","Steam"],"picked":"Core Surge","floor":7.0},{"not_picked":["Turbo","Leap"],"picked":"Chill","floor":8.0},{"not_picked":["Steam","Compile Driver","Streamline"],"picked":"SKIP","floor":11.0},{"not_picked":["Turbo","Fusion"],"picked":"Genetic Algorithm","floor":12.0},{"not_picked":["Streamline","Recycle"],"picked":"Fusion","floor":14},{"not_picked":["Reboot","Machine Learning"],"picked":"Meteor Strike","floor":16},{"not_picked":["Beam Cell","Capacitor"],"picked":"Leap","floor":18}],"player_experience":1263694,"relics_obtained":[{"floor":5.0,"key":"The Courier"},{"floor":7.0,"key":"Dream Catcher"},{"floor":9.0,"key":"Thread and Needle"}],"event_choices":[{"damage_healed":0.0,"max_hp_gain":0.0,"max_hp_loss":7.0,"gold_gain":0.0,"event_name":"Golden Idol","player_choice":"Lose Max HP","floor":2.0,"gold_loss":0.0,"damage_taken":0.0,"relics_obtained":["Golden Idol"]},{"cards_removed":["Strike_B"],"damage_healed":0.0,"max_hp_gain":0.0,"max_hp_loss":0.0,"gold_gain":0.0,"event_name":"Golden Wing","player_choice":"Card Removal","floor":3.0,"gold_loss":0.0,"damage_taken":7.0},{"damage_healed":0.0,"max_hp_gain":0.0,"max_hp_loss":0.0,"gold_gain":0.0,"event_name":"Liars Game","player_choice":"Ignored","floor":4.0,"gold_loss":0.0,"damage_taken":0.0},{"damage_healed":0.0,"max_hp_gain":0.0,"max_hp_loss":0.0,"gold_gain":0.0,"event_name":"Wheel of Change","player_choice":"Relic","floor":5.0,"gold_loss":0.0,"damage_taken":0.0},{"damage_healed":0,"gold_gain":50,"player_choice":"Stole From Cult","damage_taken":0,"max_hp_gain":0,"max_hp_loss":0,"event_name":"Nest","floor":19,"gold_loss":0}],"is_beta":false,"boss_relics":[{"not_picked":["Coffee Dripper","Runic Pyramid"],"picked":"Philosopher\u0027s Stone"}],"items_purged_floors":[10],"is_endless":false,"potions_floor_spawned":[7,14,18],"killed_by":"Shell Parasite","ascension_level":20}}