{"host":"c3lc60y5x60jlt1y","time":1610174199,"event":{"mods":["AchievementEnabler","BaseMod","Bestiary","Colored Map","Minty Spire (QoL Compilation)","Quick Restart","StSLib","ojb\u0027s Info Mod"],"gold_per_floor":[119,131,131,131,206,232,232,263,263,22,53,53,81,100,100,202,202,221,68,68,83,183,217,217,228,255,255,255,57,86,97,97,201,201,211,45,96,111,111,140,140,15,87,112,132,132,69,87,87,87,87,87,45,78,78],"floor_reached":56,"playtime":4663,"items_purged":["Strike_B","Strike_B","Defend_B"],"score":1369,"play_id":"88ce1f36-9a15-481a-acf8-51152b0ef78f","local_time":"20210109083639","is_ascension_mode":true,"campfire_choices":[{"data":"Streamline","floor":7,"key":"SMITH"},{"data":"Defragment","floor":12,"key":"SMITH"},{"floor":15,"key":"REST"},{"data":"Creative AI","floor":24,"key":"SMITH"},{"data":"Storm","floor":27,"key":"SMITH"},{"data":"Biased Cognition","floor":32,"key":"SMITH"},{"data":"Capacitor","floor":41,"key":"SMITH"},{"floor":46,"key":"RECALL"},{"data":"Thunder Strike","floor":49,"key":"SMITH"},{"data":"Lockon","floor":52,"key":"SMITH"}],"circlet_count":0,"master_deck":["Defend_B","Zap","Dualcast","Streamline+1","Auto Shields","Defragment+1","Rainbow+1","Coolheaded+1","Creative AI+1","Storm+1","Heatsinks","Biased Cognition+1","Chill+1","White Noise+1","Lockon+1","Core Surge","Thunder Strike+1","Lockon+1","Capacitor+1","Panacea+1","Redo+1","Darkness+1","Beam Cell+1"],"relics":["Cracked Core","NeowsBlessing","Pantograph","Kunai","Bag of Preparation","Toxic Egg 2","Symbiotic Virus","Bottled Lightning","Gambling Chip","Velvet Choker","Pear","Centennial Puzzle","Coffee Dripper","Nunchaku","The Courier","Anchor","Akabeko"],"acts_visited":["Exordium","TheCity","TheBeyond","TheEnding"],"potions_floor_usage":[23,40,40,48,54,55],"damage_taken":[{"damage":0,"enemies":"Cultist","floor":1,"turns":1},{"damage":0,"enemies":"Small Slimes","floor":2,"turns":1},{"damage":0,"enemies":"Gremlin Nob","floor":6,"turns":1},{"damage":21,"enemies":"3 Sentries","floor":8,"turns":6},{"damage":7,"enemies":"Gremlin Nob","floor":11,"turns":3},{"damage":5,"enemies":"Lagavulin","floor":13,"turns":5},{"damage":0,"enemies":"2 Louse","floor":14,"turns":2},{"damage":0,"enemies":"Slime Boss","floor":16,"turns":8},{"damage":0,"enemies":"3 Byrds","floor":18,"turns":3},{"damage":13,"enemies":"2 Thieves","floor":21,"turns":4},{"damage":7,"enemies":"Gremlin Leader","floor":23,"turns":5},{"damage":0,"enemies":"Chosen and Byrds","floor":25,"turns":4},{"damage":14,"enemies":"Book of Stabbing","floor":30,"turns":4},{"damage":0,"enemies":"Centurion and Healer","floor":31,"turns":4},{"damage":37,"enemies":"Automaton","floor":33,"turns":7},{"damage":0,"enemies":"3 Shapes","floor":35,"turns":2},{"damage":30,"enemies":"2 Orb Walkers","floor":37,"turns":3},{"damage":2,"enemies":"Orb Walker","floor":38,"turns":2},{"damage":6,"enemies":"Reptomancer","floor":40,"turns":3},{"damage":0,"enemies":"Nemesis","floor":44,"turns":5},{"damage":5,"enemies":"Maw","floor":45,"turns":4},{"damage":0,"enemies":"3 Darklings","floor":48,"turns":3},{"damage":26,"enemies":"Donu and Deca","floor":50,"turns":6},{"damage":59,"enemies":"Shield and Spear","floor":54,"turns":5},{"damage":60,"enemies":"The Heart","floor":55,"turns":5}],"seed_played":"650030173644010406","potions_obtained":[{"floor":6,"key":"FearPotion"},{"floor":11,"key":"Dexterity Potion"},{"floor":13,"key":"Regen Potion"},{"floor":21,"key":"PotionOfCapacity"},{"floor":23,"key":"DuplicationPotion"},{"floor":40,"key":"AttackPotion"},{"floor":44,"key":"CultistPotion"},{"floor":54,"key":"ColorlessPotion"}],"is_trial":false,"path_per_floor":["M","M","?","?","?","E","R","E","T","$","E","R","E","M","R","B",null,"M","$","?","M","?","E","R","M","T","R","?","$","E","M","R","B",null,"M","$","?","M","?","E","R","$","T","E","M","R","$","M","R","B",null,"R","$","E","B",null],"character_chosen":"DEFECT","items_purchased":["Symbiotic Virus","Heatsinks","FairyPotion","Capacitor","Panacea+1","DistilledChaos","Weak Potion"],"campfire_rested":1,"item_purchase_floors":[10,19,29,36,36,47,53],"current_hp_per_floor":[75,75,68,61,50,50,50,29,29,29,22,22,17,17,39,64,75,75,75,75,62,62,65,65,65,65,65,65,65,51,51,51,39,85,85,85,55,53,53,52,52,52,52,52,47,47,47,47,47,46,85,85,85,26,25],"gold":78,"neow_bonus":"THREE_ENEMY_KILL","is_daily":false,"chose_seed":false,"campfire_upgraded":8,"win_rate":0.0,"timestamp":1610174199,"path_taken":["M","?","?","?","?","E","R","E","T","?","E","R","E","M","R","BOSS","M","$","?","M","?","E","R","?","T","R","?","$","E","M","R","BOSS","M","$","?","M","?","E","R","$","T","E","?","R","?","M","R","BOSS","R","$","E","BOSS"],"items_purchased_type":["Relic","Card","Potion","Card","Card","Potion","Potion"],"build_version":"2020-12-22","purchased_purges":3,"victory":true,"max_hp_per_floor":[75,75,75,75,75,75,75,75,75,75,75,75,75,75,75,75,75,75,75,75,75,75,85,85,85,85,85,85,85,85,85,85,85,85,85,85,85,85,85,85,85,85,85,85,85,85,85,85,85,85,85,85,85,85,85],"card_choices":[{"not_picked":["Cold Snap","Heatsinks"],"picked":"Streamline","floor":1},{"not_picked":["Sweeping Beam","Stack"],"picked":"Auto Shields","floor":2},{"not_picked":["Rebound","Hologram","Reinforced Body"],"picked":"SKIP","floor":6},{"not_picked":["Beam Cell","Skim"],"picked":"Defragment","floor":8},{"not_picked":["Conserve Battery+1","Rebound"],"picked":"Rainbow+1","floor":11},{"not_picked":["Barrage","Aggregate+1","Stack+1"],"picked":"SKIP","floor":13},{"not_picked":["Conserve Battery+1","White Noise+1"],"picked":"Coolheaded+1","floor":14},{"not_picked":["Buffer","Biased Cognition"],"picked":"Creative AI","floor":16},{"not_picked":["Double Energy+1","Go for the Eyes"],"picked":"Storm","floor":18},{"not_picked":["Coolheaded+1","Self Repair"],"picked":"Chill+1","floor":21},{"not_picked":["Doom and Gloom","Rip and Tear+1"],"picked":"White Noise+1","floor":23},{"not_picked":["BootSequence+1","Go for the Eyes","Compile Driver"],"picked":"SKIP","floor":25},{"not_picked":["Conserve Battery+1","Storm"],"picked":"Lockon","floor":30},{"not_picked":["Sweeping Beam","White Noise+1"],"picked":"Core Surge","floor":31},{"not_picked":["Hyperbeam","Electrodynamics"],"picked":"Thunder Strike","floor":33},{"not_picked":["Go for the Eyes+1","Storm"],"picked":"Lockon+1","floor":35},{"not_picked":["Melter+1","Compile Driver","Skim+1"],"picked":"SKIP","floor":38},{"not_picked":["Storm","Barrage+1","Blizzard"],"picked":"SKIP","floor":40},{"not_picked":["Consume+1","Ball Lightning"],"picked":"Redo+1","floor":44},{"not_picked":["Ball Lightning","Sweeping Beam+1","Cold Snap"],"picked":"SKIP","floor":45},{"not_picked":["Leap+1","Streamline"],"picked":"Darkness+1","floor":48},{"not_picked":["FTL","Cold Snap"],"picked":"Beam Cell+1","floor":54}],"player_experience":7618237,"relics_obtained":[{"floor":6,"key":"Kunai"},{"floor":8,"key":"Bag of Preparation"},{"floor":9,"key":"Toxic Egg 2"},{"floor":11,"key":"Bottled Lightning"},{"floor":13,"key":"Gambling Chip"},{"floor":23,"key":"Pear"},{"floor":30,"key":"Centennial Puzzle"},{"floor":40,"key":"Nunchaku"},{"floor":43,"key":"The Courier"},{"floor":44,"key":"Anchor"},{"floor":54,"key":"Akabeko"}],"event_choices":[{"damage_healed":0,"gold_gain":0,"player_choice":"Success","damage_taken":7,"relics_obtained":["Pantograph"],"max_hp_gain":0,"max_hp_loss":0,"event_name":"Scrap Ooze","floor":3,"gold_loss":0},{"cards_removed":["Defend_B"],"damage_healed":0,"gold_gain":0,"player_choice":"Card Removal","damage_taken":7,"max_hp_gain":0,"max_hp_loss":0,"event_name":"Golden Wing","floor":4,"gold_loss":0},{"damage_healed":0,"gold_gain":75,"player_choice":"Gather Gold","damage_taken":11,"max_hp_gain":0,"max_hp_loss":0,"event_name":"World of Goop","floor":5,"gold_loss":0},{"damage_healed":0,"gold_gain":0,"cards_transformed":["Strike_B","Defend_B"],"player_choice":"Became Test Subject","damage_taken":0,"max_hp_gain":0,"max_hp_loss":0,"event_name":"Drug Dealer","floor":20,"gold_loss":0,"cards_obtained":["Biased Cognition","Streamline"]},{"damage_healed":0,"gold_gain":100,"player_choice":"Pray","damage_taken":0,"max_hp_gain":0,"max_hp_loss":0,"event_name":"Golden Shrine","floor":22,"gold_loss":0},{"cards_removed":["Streamline"],"damage_healed":0,"gold_gain":0,"player_choice":"Purged","damage_taken":0,"max_hp_gain":0,"max_hp_loss":0,"event_name":"Purifier","floor":28,"gold_loss":0},{"damage_healed":0,"gold_gain":0,"player_choice":"Fight","damage_taken":0,"max_hp_gain":0,"max_hp_loss":0,"event_name":"Mysterious Sphere","floor":37,"gold_loss":0},{"cards_removed":["Strike_B"],"damage_healed":0,"gold_gain":0,"player_choice":"Purged","damage_taken":0,"max_hp_gain":0,"max_hp_loss":0,"event_name":"Purifier","floor":39,"gold_loss":0}],"is_beta":false,"boss_relics":[{"not_picked":["Tiny House","Ectoplasm"],"picked":"Velvet Choker"},{"not_picked":["Runic Dome","Runic Pyramid"],"picked":"Coffee Dripper"}],"items_purged_floors":[19,29,42],"is_endless":false,"potions_floor_spawned":[6,11,13,16,21,23,31,33,40,44,45,54],"ascension_level":1}}