{"host":"6ct3sqwo9phh600z","time":1610194643,"event":{"mods":["AchievementEnabler","BaseMod","Colored Map","Custom Start","Minty Spire (QoL Compilation)","Quick Restart","StSLib","SuperFastMode"],"gold_per_floor":[115,115,65,76,1,32,32,49,98,114,114,129,159,169,169,169,169],"floor_reached":16,"playtime":397,"items_purged":["Defend_G"],"score":203,"play_id":"78996463-f3f4-43c0-8ed8-b1d4374b3e74","local_time":"20210109211723","is_ascension_mode":true,"campfire_choices":[{"data":"Crippling Poison","floor":7,"key":"SMITH"},{"data":"Bullet Time","floor":11,"key":"SMITH"},{"data":"Neutralize","floor":15,"key":"SMITH"}],"circlet_count":0,"master_deck":["AscendersBane","Strike_G+1","Strike_G+1","Strike_G","Strike_G","Defend_G","Defend_G","Defend_G","Defend_G","Survivor","Neutralize+1","Deadly Poison","Crippling Poison+1","Bullet Time+1","Calculated Gamble","Backflip","Tactician","Tactician"],"relics":["Ring of the Snake","NeowsBlessing","Anchor","Bottled Lightning","Whetstone","Odd Mushroom"],"acts_visited":["Exordium"],"potions_floor_usage":[16],"damage_taken":[{"damage":0,"enemies":"Small Slimes","floor":1,"turns":1},{"damage":0,"enemies":"Jaw Worm","floor":4,"turns":1},{"damage":0,"enemies":"Gremlin Nob","floor":6,"turns":1},{"damage":0,"enemies":"2 Louse","floor":8,"turns":2},{"damage":1,"enemies":"Blue Slaver","floor":10,"turns":4},{"damage":0,"enemies":"Looter","floor":12,"turns":3},{"damage":0,"enemies":"The Mushroom Lair","floor":13,"turns":3},{"damage":0,"enemies":"Exordium Thugs","floor":14,"turns":3},{"damage":13,"enemies":"Slime Boss","floor":16,"turns":5}],"seed_played":"-2212276145781314780","potions_obtained":[{"floor":6,"key":"BlessingOfTheForge"},{"floor":10,"key":"PowerPotion"}],"is_trial":false,"path_per_floor":["M","?","?","M","$","E","R","M","T","M","R","M","?","M","R","B"],"character_chosen":"THE_SILENT","items_purchased":[],"campfire_rested":0,"item_purchase_floors":[],"current_hp_per_floor":[63,51,51,51,51,51,51,51,51,50,50,50,50,50,50,37,37],"gold":169,"neow_bonus":"THREE_ENEMY_KILL","is_daily":false,"chose_seed":false,"campfire_upgraded":3,"win_rate":0.0,"timestamp":1610194643,"path_taken":["M","?","?","M","?","E","R","M","T","M","R","M","?","M","R","BOSS"],"items_purchased_type":[],"build_version":"2020-12-22","purchased_purges":1,"victory":false,"max_hp_per_floor":[70,70,70,70,70,70,70,70,70,70,70,70,70,70,70,70,70],"card_choices":[{"not_picked":["Underhanded Strike","Sucker Punch"],"picked":"Deadly Poison","floor":1},{"not_picked":["Prepared","Deadly Poison"],"picked":"Crippling Poison","floor":4},{"not_picked":["Finisher","Predator"],"picked":"Bullet Time","floor":6},{"not_picked":["Infinite Blades","Dagger Throw"],"picked":"Calculated Gamble","floor":8},{"not_picked":["PiercingWail","Quick Slash"],"picked":"Backflip","floor":10},{"not_picked":["Sucker Punch","Dodge and Roll","Outmaneuver"],"picked":"SKIP","floor":12},{"not_picked":["Night Terror","Sucker Punch"],"picked":"Tactician","floor":13},{"not_picked":["Flying Knee","Finisher"],"picked":"Tactician","floor":14}],"player_experience":228126,"relics_obtained":[{"floor":6,"key":"Bottled Lightning"},{"floor":9,"key":"Whetstone"},{"floor":13,"key":"Odd Mushroom"}],"event_choices":[{"damage_healed":0,"gold_gain":0,"player_choice":"Success","damage_taken":12,"relics_obtained":["Anchor"],"max_hp_gain":0,"max_hp_loss":0,"event_name":"Scrap Ooze","floor":2,"gold_loss":0},{"cards_removed":["Strike_G"],"damage_healed":0,"gold_gain":0,"player_choice":"Card Removal","damage_taken":0,"max_hp_gain":0,"max_hp_loss":0,"event_name":"The Cleric","floor":3,"gold_loss":50},{"damage_healed":0,"gold_gain":0,"player_choice":"Fought Mushrooms","damage_taken":0,"max_hp_gain":0,"max_hp_loss":0,"event_name":"Mushrooms","floor":13,"gold_loss":0}],"is_beta":false,"boss_relics":[],"items_purged_floors":[5],"is_endless":false,"potions_floor_spawned":[6,10,12],"killed_by":"Slime Boss","ascension_level":12}}