{"host":"rolltorest","time":1610175327,"event":{"mods":["BaseMod","Minty Spire (QoL Compilation)","Relic Stats","Robot Space Explorer","Slay the Relics Exporter","StSLib"],"gold_per_floor":[115,36,53,53,71,104,118,118,118],"floor_reached":8,"playtime":183,"items_purged":[],"score":110,"play_id":"a38833de-4cdd-4a9a-bab6-01214de5f630","local_time":"20210108225527","is_ascension_mode":true,"campfire_choices":[],"circlet_count":0,"master_deck":["AscendersBane","RobotSpaceExplorer:Strike","RobotSpaceExplorer:Strike","RobotSpaceExplorer:Strike","RobotSpaceExplorer:Defend","RobotSpaceExplorer:Defend","RobotSpaceExplorer:Defend","RobotSpaceExplorer:Defend","RobotSpaceExplorer:Scan","RobotSpaceExplorer:MiniLasers","RobotSpaceExplorer:BigMissile","RobotSpaceExplorer:DoubleBlock","RobotSpaceExplorer:MetalStrike"],"relics":["Busted Crown","Bag of Preparation"],"acts_visited":["Exordium"],"potions_floor_usage":[6],"damage_taken":[{"damage":0,"enemies":"Cultist","floor":1,"turns":4},{"damage":0,"enemies":"Jaw Worm","floor":3,"turns":3},{"damage":0,"enemies":"2 Louse","floor":5,"turns":3},{"damage":45,"enemies":"Gremlin Nob","floor":6,"turns":6},{"damage":0,"enemies":"Looter","floor":7,"turns":4},{"damage":0,"enemies":"3 Sentries","floor":8,"turns":1}],"seed_played":"-8144615250571309072","potions_obtained":[{"floor":1,"key":"GamblersBrew"},{"floor":5,"key":"Weak Potion"}],"is_trial":false,"path_per_floor":["M","$","M","?","M","E","M","E"],"character_chosen":"RobotSpaceExplorer","items_purchased":["RobotSpaceExplorer:BigMissile"],"campfire_rested":0,"item_purchase_floors":[2],"current_hp_per_floor":[64,64,64,64,64,19,19,19,19],"gold":118,"neow_bonus":"BOSS_RELIC","is_daily":false,"chose_seed":false,"campfire_upgraded":0,"win_rate":0.0,"timestamp":1610175327,"path_taken":["M","?","M","?","M","E","M","E"],"items_purchased_type":["Card"],"build_version":"2020-12-18","purchased_purges":0,"victory":false,"max_hp_per_floor":[71,71,71,71,71,71,71,71,71],"relic_stats":{"Busted Crown":10,"counters":[6,21],"Bag of Preparation":[4],"obtain_stats":[{"Busted Crown":0,"RobotSpaceExplorer:RoboCore":0,"Bag of Preparation":6},{"Busted Crown":0,"RobotSpaceExplorer:RoboCore":0,"Bag of Preparation":4},{"Busted Crown":0,"RobotSpaceExplorer:RoboCore":0,"Bag of Preparation":16}]},"card_choices":[{"not_picked":["RobotSpaceExplorer:GlueShot"],"picked":"SKIP","floor":1},{"not_picked":["RobotSpaceExplorer:ShockKick"],"picked":"SKIP","floor":3},{"not_picked":[],"picked":"RobotSpaceExplorer:DoubleBlock","floor":5},{"not_picked":[],"picked":"RobotSpaceExplorer:MetalStrike","floor":6},{"not_picked":["RobotSpaceExplorer:ShockKick"],"picked":"SKIP","floor":7}],"player_experience":1809886,"relics_obtained":[{"floor":6,"key":"Bag of Preparation"}],"event_choices":[{"cards_removed":["RobotSpaceExplorer:Strike"],"damage_healed":0,"gold_gain":0,"player_choice":"Offered Basic","damage_taken":0,"max_hp_gain":0,"max_hp_loss":0,"event_name":"Bonfire Elementals","floor":4,"gold_loss":0}],"is_beta":true,"boss_relics":[],"items_purged_floors":[],"is_endless":false,"potions_floor_spawned":[1,5],"killed_by":"3 Sentries","ascension_level":18}}