{"host":"88sw61cmk1203zgj","time":1610162848,"event":{"mods":["BaseMod","Minty Spire (QoL Compilation)"],"gold_per_floor":[118,138,138,157,175,209,209,209,209],"floor_reached":8,"playtime":472,"items_purged":[],"score":93,"play_id":"0879ebcf-ddd4-4dc0-b1f7-5bb9ab8f1744","local_time":"20210108222728","is_ascension_mode":true,"campfire_choices":[],"circlet_count":0,"master_deck":["AscendersBane","Strike_G","Strike_G","Strike_G","Strike_G","Strike_G","Defend_G","Defend_G","Defend_G","Defend_G","Defend_G","Survivor","Neutralize+1","Quick Slash","Noxious Fumes","Neutralize","Skewer","Poisoned Stab"],"relics":["Ring of the Snake","Snake Skull"],"acts_visited":["Exordium"],"potions_floor_usage":[7,8],"damage_taken":[{"damage":1,"enemies":"2 Louse","floor":1,"turns":3},{"damage":0,"enemies":"Cultist","floor":2,"turns":4},{"damage":4,"enemies":"Small Slimes","floor":4,"turns":3},{"damage":12,"enemies":"Exordium Thugs","floor":5,"turns":5},{"damage":28,"enemies":"Lagavulin","floor":6,"turns":10},{"damage":0,"enemies":"Large Slime","floor":7,"turns":5},{"damage":21,"enemies":"Gremlin Nob","floor":8,"turns":4}],"seed_played":"-7518154664523038395","potions_obtained":[{"floor":2,"key":"SmokeBomb"},{"floor":4,"key":"FearPotion"},{"floor":6,"key":"Dexterity Potion"}],"is_trial":false,"path_per_floor":["M","M","?","M","M","E","M","E"],"character_chosen":"THE_SILENT","items_purchased":[],"campfire_rested":0,"item_purchase_floors":[],"current_hp_per_floor":[62,62,62,58,46,18,18,0,0],"gold":209,"neow_bonus":"UPGRADE_CARD","is_daily":false,"chose_seed":false,"campfire_upgraded":0,"win_rate":0.0,"timestamp":1610162848,"path_taken":["M","M","?","M","M","E","M","E"],"items_purchased_type":[],"build_version":"2020-12-22","purchased_purges":0,"victory":false,"max_hp_per_floor":[70,70,70,70,70,70,70,70,70],"card_choices":[{"not_picked":["Flying Knee","Prepared"],"picked":"Quick Slash","floor":1},{"not_picked":["Footwork","Expertise"],"picked":"Noxious Fumes","floor":2},{"not_picked":["Sucker Punch","Underhanded Strike"],"picked":"Skewer","floor":4},{"not_picked":["Endless Agony","Deflect","Escape Plan"],"picked":"SKIP","floor":5},{"not_picked":["Blade Dance","Backflip"],"picked":"Poisoned Stab","floor":6}],"player_experience":1468870,"relics_obtained":[{"floor":6,"key":"Snake Skull"}],"event_choices":[{"damage_healed":0,"gold_gain":0,"player_choice":"1 cards matched","damage_taken":0,"max_hp_gain":0,"max_hp_loss":0,"event_name":"Match and Keep!","floor":3,"gold_loss":0,"cards_obtained":["Neutralize"]}],"is_beta":false,"boss_relics":[],"items_purged_floors":[],"is_endless":false,"potions_floor_spawned":[2,4,5,6],"killed_by":"Gremlin Nob","ascension_level":11}}