{"host":"mvz90ilxx8epviq1","time":1610178489,"event":{"mods":["2.2 Compatiblity","AchievementEnabler","Act Like it!","Bartender","BaseMod","Better Note","Better Third Choice","Better Vampires","Clockwork Mod","Colored Map","Colored Powertips","Downfall","Gensokyo","Hallownest","Hermit","Hubris","Koishi","Marisa????????","Minty Spire (QoL Compilation)","Replay The Spire","SIMod","Shop Mod","Spicy Shops","StSLib","Td1madao Mod","The Alterego","The Blackbeard","The Bug Knight","The Construct","The Cursed","The Mystic","The Senshi","The Servant 0.9.4","The Wild Card","slay the spire mod where everything is the same but ironclad has a cowboy hat"],"gold_per_floor":[111,124,140,140,140,169,169,204,229,257,271,285,285,285,370,467,767,778,778,373,373,373,373,47,75,88,88,88,123,137,191,218,228,228,325,325,344,357,236,236,246,246,257,289,289,389,401,434,135,135,135,135,135,135,135,135,35,69,69],"floor_reached":60,"playtime":7021,"items_purged":["hubris:Disease","Writhe","Injury","Clumsy","alterego_mod:Strike","alterego_mod:Smother"],"score":1322,"play_id":"1fdb2a22-6f6a-41e7-9350-83ff97227793","local_time":"20210109024809","is_ascension_mode":true,"campfire_choices":[{"data":"alterego_mod:Impale","floor":7.0,"key":"SMITH"},{"floor":13.0,"key":"REST"},{"data":"alterego_mod:Palingenesis","floor":34.0,"key":"SMITH"},{"data":"alterego_mod:Palingenesis+1","floor":42.0,"key":"SMITH"},{"floor":53,"key":"RECALL"}],"circlet_count":0,"master_deck":["alterego_mod:Strike+1","alterego_mod:Defend","alterego_mod:Defend","alterego_mod:Defend+1","alterego_mod:Impale+1","alterego_mod:BigMeatyClaws","alterego_mod:BrynhildrsRune","alterego_mod:IdEs+1","alterego_mod:SakuraFive+1","alterego_mod:Birthday","alterego_mod:Valentines","alterego_mod:Mirror+1","alterego_mod:BiFurious","alterego_mod:Undulate","alterego_mod:Palingenesis+2","alterego_mod:Cushion+1","Hallownest:attackMasterCycloneSlash","alterego_mod:SideboobHour+1","alterego_mod:Antipathy","alterego_mod:PerceptionDisorder+1","alterego_mod:Rip+1","alterego_mod:BiFurious+1","alterego_mod:Mirror+1","alterego_mod:ClassAdvantage","CurseOfTheBell","alterego_mod:Lingerie+1","alterego_mod:Cooking","alterego_mod:Nekomimi+1","alterego_mod:BreastValley+1","alterego_mod:SakuraLabyrinth+1","alterego_mod:IndependentAction","alterego_mod:Undulate","alterego_mod:Rake","alterego_mod:VirginLaserPalladion","alterego_mod:Exercise"],"relics":["alterego_mod:MasochisticConstitution","White Beast Statue","Oddly Smooth Stone","Hallownest:SheosBrushRelic","Sundial","MerchantsRug","ReplayTheSpireMod:CursedCoin","ReplayTheSpireMod:Shallot","hubris:PeanutButter","Chameleon Ring","Boot","hubris:Towel","Bottled Lightning","Gambling Chip","Replay:WaspNest","Busted Crown","Replay:Bronze Core","Dream Catcher","Iron Hammer","Replay:PocketPolymizer","Onion Ring","Smiling Mask","Ornamental Fan"],"acts_visited":["Hallownest:Greenpath","Hallownest:CityofTears","TheBeyond","TheEnding"],"potions_floor_usage":[47,48,54,54,54,59,59,59],"damage_taken":[{"damage":11.0,"enemies":"Hallownest:2_Tiktiks_and_1_Crawlid","floor":1.0,"turns":6.0},{"damage":8.0,"enemies":"Hallownest:monsterHuskWarrior","floor":2.0,"turns":2.0},{"damage":15.0,"enemies":"Hallownest:monsterHuskGuard","floor":3.0,"turns":4.0},{"damage":12.0,"enemies":"Hallownest:eliteCrystalGuardian","floor":6.0,"turns":4.0},{"damage":32.0,"enemies":"Hallownest:eliteMossKnight","floor":8.0,"turns":8.0},{"damage":0.0,"enemies":"Hallownest:eliteVengeflyKing","floor":10.0,"turns":5.0},{"damage":3.0,"enemies":"Hallownest:monsterFoolEater","floor":11.0,"turns":5.0},{"damage":17.0,"enemies":"Hallownest:1_Ooma_and_2_Uuma","floor":12.0,"turns":4.0},{"damage":42.0,"enemies":"Hallownest:BossHornet","floor":16.0,"turns":8.0},{"damage":22.0,"enemies":"Hallownest:2_Mistakes","floor":18.0,"turns":7.0},{"damage":18.0,"enemies":"Hallownest:eliteSoulWarrior","floor":25.0,"turns":5.0},{"damage":4.0,"enemies":"Hallownest:Guard_and_Sentry","floor":26.0,"turns":4.0},{"damage":49.0,"enemies":"Hallownest:eliteWatcherKnight","floor":29.0,"turns":13.0},{"damage":0.0,"enemies":"Hallownest:3_Mistakes","floor":30.0,"turns":3.0},{"damage":8.0,"enemies":"Hallownest:Glutton_and_Coward","floor":31.0,"turns":4.0},{"damage":0.0,"enemies":"Hallownest:eliteSoulWarrior","floor":32.0,"turns":5.0},{"damage":0.0,"enemies":"Hallownest:monsterMisterMushroom","floor":33.0,"turns":2.0},{"damage":45.0,"enemies":"Hallownest:BossGrimm","floor":35.0,"turns":5.0},{"damage":1.0,"enemies":"3 Darklings","floor":37.0,"turns":5.0},{"damage":0.0,"enemies":"3 Shapes","floor":38.0,"turns":1.0},{"damage":14.0,"enemies":"Transient","floor":41.0,"turns":5.0},{"damage":12.0,"enemies":"Spire Growth","floor":43.0,"turns":4.0},{"damage":0.0,"enemies":"Reptomancer","floor":44.0,"turns":3.0},{"damage":0,"enemies":"Jaw Worm Horde","floor":47,"turns":5},{"damage":0,"enemies":"R_Hoarder","floor":48,"turns":4},{"damage":14,"enemies":"Replay:Hell Engine","floor":54,"turns":7},{"damage":0,"enemies":"Shield and Spear","floor":58,"turns":3},{"damage":49,"enemies":"The Heart","floor":59,"turns":6}],"seed_played":"6996341602123370952","potions_obtained":[{"floor":2.0,"key":"Strength Potion"},{"floor":3.0,"key":"BlessingOfTheForge"},{"floor":6.0,"key":"FearPotion"},{"floor":8.0,"key":"EssenceOfSteel"},{"floor":10.0,"key":"SpeedPotion"},{"floor":11.0,"key":"sneckomod:MuddlingPotion"},{"floor":12.0,"key":"ColorlessPotion"},{"floor":16.0,"key":"Fruit Juice"},{"floor":18.0,"key":"LiquidMemories"},{"floor":25.0,"key":"Elixir"},{"floor":26.0,"key":"ColorlessPotion"},{"floor":29.0,"key":"Strength Potion"},{"floor":30.0,"key":"Energy Potion"},{"floor":31.0,"key":"Block Potion"},{"floor":32.0,"key":"Reflective Coating"},{"floor":33.0,"key":"Languid Potion"},{"floor":35.0,"key":"PowerPotion"},{"floor":37.0,"key":"Reflective Coating"},{"floor":41.0,"key":"FearPotion"},{"floor":43.0,"key":"SkillPotion"},{"floor":44.0,"key":"Slimebound:ThreeZeroPotion"},{"floor":47,"key":"champ:CounterPotion"},{"floor":48,"key":"Block Potion"},{"floor":56,"key":"Flashbang"},{"floor":56,"key":"FearPotion"},{"floor":58,"key":"Adrenaline Potion"}],"is_trial":false,"path_per_floor":["M","M","M","?","$","E","R","E","T","E","M","M","R","?","R_BF","B",null,"M","?","$","?","PTL","PTL","$","E","M","?","T","E","M","M","E","M","R","B",null,"M","M","$","?","M","R","M","E","T","?","M","E","$","?","PTL","PTL","R","B",null,"R","$","E","B",null],"character_chosen":"The_Alterego","items_purchased":["MerchantsRug","ReplayTheSpireMod:CursedCoin","ReplayTheSpireMod:Shallot","hubris:PeanutButter","alterego_mod:SideboobHour+1","Chameleon Ring","Fruit Juice","Slimebound:ThreeZeroPotion","BargainBundle","alterego_mod:Rake","Explosive Potion"],"campfire_rested":1,"item_purchase_floors":[20,20,20,20,24,24,39,39,49,49,57],"current_hp_per_floor":[71,64,59,59,59,51,51,32,32,41,48,41,67,67,67,35,88,74,94,94,94,94,94,94,84,92,92,92,62,64,73,73,73,73,31,99,99,99,106,106,95,95,89,109,109,82,108,108,108,104,104,104,104,105,105,105,105,105,64],"gold":69,"neow_bonus":"ONE_RANDOM_RARE_CARD","is_daily":false,"chose_seed":false,"campfire_upgraded":3,"win_rate":0.0,"timestamp":1610178489,"path_taken":["M","?","?","?","?","E","R","E","T","E","?","M","R","?","R_BF","BOSS","M","?","$","?","PTL","PTL","$","E","M","?","T","E","M","M","E","?","R","BOSS","M","M","$","?","?","R","M","E","T","?","M","E","$","?","PTL","PTL","R","BOSS","R","$","E","BOSS"],"items_purchased_type":["Relic","Relic","Relic","Relic","Card","Relic","Potion","Potion","Relic","Card","Potion"],"build_version":"2020-12-22","purchased_purges":6,"victory":true,"max_hp_per_floor":[71,72,73,73,73,74,74,85,85,85,86,87,87,87,87,88,88,94,94,94,94,94,94,94,95,96,96,96,97,97,98,98,98,98,99,99,100,100,107,107,108,108,109,109,109,109,109,109,109,104,104,104,104,105,105,105,105,105,106],"card_choices":[{"not_picked":["alterego_mod:GoddessCore","alterego_mod:Support"],"picked":"alterego_mod:SakuraFive","floor":1.0},{"not_picked":["alterego_mod:Undulate","alterego_mod:Maid"],"picked":"alterego_mod:Birthday","floor":2.0},{"not_picked":["alterego_mod:MagicResistance","alterego_mod:DeftHands"],"picked":"alterego_mod:PurpleHair","floor":3.0},{"not_picked":["alterego_mod:Antipathy","alterego_mod:Santa"],"picked":"alterego_mod:Valentines","floor":6.0},{"not_picked":["alterego_mod:Valentines","alterego_mod:Bounce"],"picked":"alterego_mod:Smother","floor":8.0},{"not_picked":["alterego_mod:DiscoLights","alterego_mod:Maid"],"picked":"alterego_mod:Mirror","floor":10.0},{"not_picked":["alterego_mod:Mirror","alterego_mod:GoddessCore"],"picked":"alterego_mod:BiFurious","floor":11.0},{"not_picked":["alterego_mod:Punishment","alterego_mod:Table"],"picked":"alterego_mod:Undulate","floor":12.0},{"not_picked":["alterego_mod:Valkyrie","alterego_mod:TrickOrTreatment"],"picked":"alterego_mod:Palingenesis","floor":16.0},{"not_picked":["hubris:Sloth","ReplayTheSpireMod:Doomed"],"picked":"Injury","floor":17.0},{"not_picked":["hubris:Compulsion","Sickly"],"picked":"Clumsy","floor":17.0},{"not_picked":["Shame","Replay:UnknownCurse"],"picked":"Replay:Sluggish","floor":17.0},{"not_picked":["alterego_mod:Cooking+1","alterego_mod:TrashNCrash"],"picked":"alterego_mod:Cushion+1","floor":18.0},{"not_picked":["alterego_mod:RocketPunch","alterego_mod:Lift"],"picked":"alterego_mod:Antipathy","floor":25.0},{"not_picked":["alterego_mod:Exercise","alterego_mod:DiscoLights","alterego_mod:Cycle"],"picked":"SKIP","floor":26.0},{"not_picked":["alterego_mod:Palingenesis","alterego_mod:BreastValley"],"picked":"alterego_mod:PerceptionDisorder+1","floor":29.0},{"not_picked":["alterego_mod:SakuraPetals","alterego_mod:Cooking"],"picked":"alterego_mod:Rip+1","floor":30.0},{"not_picked":["alterego_mod:Pet","alterego_mod:MagicResistance"],"picked":"alterego_mod:BiFurious+1","floor":31.0},{"not_picked":["alterego_mod:Cooking","alterego_mod:Nekomimi","alterego_mod:Palingenesis"],"picked":"SKIP","floor":32.0},{"not_picked":["alterego_mod:PresenceConcealment","alterego_mod:Jiggle"],"picked":"alterego_mod:Mirror+1","floor":33.0},{"not_picked":["alterego_mod:Valkyrie","alterego_mod:Tantrum"],"picked":"alterego_mod:ClassAdvantage","floor":35.0},{"not_picked":[],"picked":"alterego_mod:Lingerie+1","floor":37.0},{"not_picked":["alterego_mod:Schoolgirl"],"picked":"SKIP","floor":38.0},{"not_picked":["alterego_mod:Jiggle"],"picked":"SKIP","floor":41.0},{"not_picked":["alterego_mod:Maid"],"picked":"SKIP","floor":43.0},{"not_picked":[],"picked":"alterego_mod:Nekomimi+1","floor":44.0},{"not_picked":[],"picked":"alterego_mod:BreastValley+1","floor":46},{"not_picked":[],"picked":"alterego_mod:SakuraLabyrinth+1","floor":46},{"not_picked":[],"picked":"alterego_mod:IndependentAction","floor":47},{"not_picked":[],"picked":"alterego_mod:Undulate","floor":48},{"not_picked":["alterego_mod:Exercise"],"picked":"SKIP","floor":58}],"player_experience":499384,"relics_obtained":[{"floor":6.0,"key":"White Beast Statue"},{"floor":8.0,"key":"Pear"},{"floor":9.0,"key":"Oddly Smooth Stone"},{"floor":10.0,"key":"Simple Rune"},{"floor":25.0,"key":"Boot"},{"floor":28.0,"key":"Bottled Lightning"},{"floor":29.0,"key":"Gambling Chip"},{"floor":32.0,"key":"Replay:WaspNest"},{"floor":36.0,"key":"Dream Catcher"},{"floor":36.0,"key":"Iron Hammer"},{"floor":36.0,"key":"Replay:PocketPolymizer"},{"floor":44.0,"key":"Onion Ring"},{"floor":48,"key":"Smiling Mask"},{"floor":58,"key":"Ornamental Fan"}],"event_choices":[{"cards_removed":["Replay:Sluggish"],"damage_healed":0.0,"max_hp_gain":0.0,"max_hp_loss":0.0,"gold_gain":0.0,"event_name":"Purifier","player_choice":"Purged","floor":40.0,"gold_loss":0.0,"damage_taken":0.0},{"damage_healed":0,"gold_gain":0,"player_choice":"Max HP","damage_taken":0,"max_hp_gain":0,"max_hp_loss":5,"event_name":"Winding Halls","floor":50,"gold_loss":0}],"is_beta":false,"boss_relics":[{"not_picked":["ReplayTheSpireMod:DimensionalGlitch","hubris:VirtuousBlindfold"],"picked":"Replay:Ancient Bell"},{"not_picked":["Juzu Bracelet","Replay:Baseball"],"picked":"War Paint"},{"not_picked":["Eternal Feather","ReplayTheSpireMod:Ninjato"],"picked":"Sundial"},{"not_picked":["Lizard Tail","Girya"],"picked":"Old Coin"},{"not_picked":["Coffee Dripper","Replay:Wanted Poster"],"picked":"Replay:Grab Bag"},{"not_picked":["Velvet Choker","hubris:TerracottaHorce"],"picked":"Busted Crown"},{"not_picked":["Cursed Key","Painkiller Herb"],"picked":"Replay:Bronze Core"},{"not_picked":["hubris:Stopwatch","Runic Pyramid"],"picked":"Calling Bell"}],"items_purged_floors":[20,24,39,49,57,57],"is_endless":false,"potions_floor_spawned":[2,3,6,8,10,11,12,16,18,25,26,29,30,31,32,33,35,37,38,41,43,44,47,48,58],"ascension_level":1}}