{"host":"n9oz7eo077gsfu2d","time":1610171794,"event":{"mods":["2.2 Compatiblity","BaseMod","Colored Map","Custom Start","DeckTracker","KOR Keyword Fix","Minty Spire (QoL Compilation)","StSLib","SuperFastMode"],"gold_per_floor":[110,126,126,126,126,126,169,3,78,78,78,78,97,112,112,232,232,255,238,43,43,142,178,178,192,192,205,205,205,205,218,218,338,338,351,369,193,193,256,289,309,328,328,203,203,226,246,265,265,265],"floor_reached":51,"playtime":2235,"items_purged":["Strike_G","Defend_G","Strike_G"],"score":772,"play_id":"691068cc-7211-41fc-a499-dddc133a6059","local_time":"20210109145634","is_ascension_mode":false,"campfire_choices":[{"data":"Deflect","floor":6.0,"key":"SMITH"},{"data":"Catalyst","floor":10.0,"key":"SMITH"},{"data":"Catalyst","floor":15.0,"key":"SMITH"},{"floor":24.0,"key":"REST"},{"data":"Footwork","floor":29.0,"key":"SMITH"},{"data":"After Image","floor":32.0,"key":"SMITH"},{"data":"Footwork","floor":45.0,"key":"SMITH"},{"data":"Bouncing Flask","floor":49,"key":"SMITH"}],"circlet_count":0,"master_deck":["Defend_G","Survivor","Neutralize","Deflect+1","Backstab","Catalyst+1","Deflect","Deadly Poison","Catalyst+1","Slice+1","Catalyst+1","Backflip","Dodge and Roll","Footwork+1","After Image+1","Distraction","Deflect","Tools of the Trade","PiercingWail+1","Footwork+1","Bouncing Flask+1","Deflect+1","Parasite","After Image+1"],"relics":["Ring of the Snake","NeowsBlessing","Golden Idol","Meat on the Bone","WingedGreaves","Bottled Lightning","Empty Cage","DollysMirror","Toy Ornithopter","Bag of Marbles","Runic Pyramid","Bird Faced Urn","Frozen Egg 2","Prayer Wheel"],"acts_visited":["Exordium","TheCity","TheBeyond"],"potions_floor_usage":[46],"damage_taken":[{"damage":0.0,"enemies":"Cultist","floor":1.0,"turns":1.0},{"damage":0.0,"enemies":"2 Louse","floor":2.0,"turns":1.0},{"damage":0.0,"enemies":"3 Sentries","floor":7.0,"turns":2.0},{"damage":0.0,"enemies":"Small Slimes","floor":13.0,"turns":4.0},{"damage":0.0,"enemies":"Blue Slaver","floor":14.0,"turns":3.0},{"damage":47.0,"enemies":"Slime Boss","floor":16.0,"turns":12.0},{"damage":0.0,"enemies":"Shell Parasite","floor":18.0,"turns":2.0},{"damage":8.0,"enemies":"2 Thieves","floor":19.0,"turns":4.0},{"damage":56.0,"enemies":"Slavers","floor":23.0,"turns":9.0},{"damage":13.0,"enemies":"Centurion and Healer","floor":25.0,"turns":6.0},{"damage":12.0,"enemies":"Shelled Parasite and Fungi","floor":27.0,"turns":4.0},{"damage":0.0,"enemies":"Snake Plant","floor":31.0,"turns":5.0},{"damage":35.0,"enemies":"Automaton","floor":33.0,"turns":11.0},{"damage":9.0,"enemies":"3 Darklings","floor":35.0,"turns":11.0},{"damage":0.0,"enemies":"3 Shapes","floor":36.0,"turns":6.0},{"damage":7.0,"enemies":"Mind Bloom Boss Battle","floor":39.0,"turns":4.0},{"damage":11.0,"enemies":"Nemesis","floor":40.0,"turns":7.0},{"damage":8.0,"enemies":"Transient","floor":41.0,"turns":5.0},{"damage":25.0,"enemies":"Jaw Worm Horde","floor":42.0,"turns":5.0},{"damage":38,"enemies":"Sphere and 2 Shapes","floor":46,"turns":5},{"damage":5,"enemies":"Maw","floor":47,"turns":4},{"damage":0,"enemies":"Writhing Mass","floor":48,"turns":4},{"damage":5,"enemies":"Donu and Deca","floor":50,"turns":12}],"seed_played":"-5514708496634761331","potions_obtained":[{"floor":2.0,"key":"Regen Potion"},{"floor":7.0,"key":"LiquidMemories"},{"floor":13.0,"key":"Poison Potion"},{"floor":16.0,"key":"DuplicationPotion"},{"floor":19.0,"key":"Energy Potion"},{"floor":23.0,"key":"Regen Potion"},{"floor":31.0,"key":"Fire Potion"},{"floor":39.0,"key":"Block Potion"},{"floor":40.0,"key":"Swift Potion"},{"floor":46,"key":"Block Potion"},{"floor":47,"key":"Weak Potion"}],"is_trial":false,"path_per_floor":["M","M","?","?","T","R","E","$","T","R","$","?","M","M","R","B",null,"M","M","$","?","?","E","R","M","T","M","?","R","?","M","R","B",null,"M","M","$","?","?","E","M","M","T","$","R","M","M","M","R","B",null],"character_chosen":"THE_SILENT","items_purchased":["Catalyst","Deflect","DollysMirror","Backflip","Footwork"],"campfire_rested":1,"item_purchase_floors":[8,8,20,20,37],"current_hp_per_floor":[70,70,53,46,46,46,46,46,46,46,46,46,46,46,46,26,70,70,62,62,62,62,18,39,45,45,45,45,45,45,45,45,22,70,61,61,61,61,54,56,59,40,40,40,40,27,38,44,44,49],"gold":265,"neow_bonus":"THREE_ENEMY_KILL","is_daily":false,"chose_seed":false,"campfire_upgraded":7,"win_rate":0.0,"timestamp":1610171794,"path_taken":["M","?","?","?","?","R","E","$","T","R","$","?","M","M","R","BOSS","M","?","$","?","?","E","R","M","T","M","?","R","?","M","R","BOSS","M","M","$","?","?","E","M","M","T","$","R","M","M","M","R","BOSS"],"items_purchased_type":["Card","Card","Relic","Card","Card"],"build_version":"2020-12-22","purchased_purges":3,"victory":true,"max_hp_per_floor":[70,70,70,70,70,70,70,70,70,70,70,70,70,70,70,70,70,70,70,70,70,70,70,70,70,70,70,70,70,70,70,70,70,70,70,70,70,70,70,70,70,70,70,70,70,70,70,70,70,70],"card_choices":[{"not_picked":["Blade Dance","Quick Slash","Acrobatics"],"picked":"SKIP","floor":1.0},{"not_picked":["Blade Dance","Backstab"],"picked":"Deflect","floor":2.0},{"not_picked":["Wraith Form v2","Outmaneuver"],"picked":"Backstab","floor":7.0},{"not_picked":["Deflect","Acrobatics"],"picked":"Deadly Poison","floor":13.0},{"not_picked":["PiercingWail","Acrobatics"],"picked":"Catalyst","floor":14.0},{"not_picked":["Sucker Punch+1","Outmaneuver","All Out Attack"],"picked":"SKIP","floor":18.0},{"not_picked":["Poisoned Stab","Outmaneuver+1"],"picked":"Slice+1","floor":19.0},{"not_picked":["Skewer+1","Caltrops+1","Distraction"],"picked":"SKIP","floor":23.0},{"not_picked":["Blade Dance","Sucker Punch"],"picked":"Dodge and Roll","floor":25.0},{"not_picked":["Bane+1","Tactician","All Out Attack"],"picked":"SKIP","floor":27.0},{"not_picked":["Cloak And Dagger","Dodge and Roll"],"picked":"Deflect","floor":31.0},{"not_picked":["Wraith Form v2","Die Die Die"],"picked":"Tools of the Trade","floor":33.0},{"not_picked":["Blade Dance","Underhanded Strike+1"],"picked":"PiercingWail+1","floor":35.0},{"not_picked":["Poisoned Stab+1","Masterful Stab+1","Accuracy+1"],"picked":"SKIP","floor":36.0},{"not_picked":["Unload","Endless Agony","Underhanded Strike+1"],"picked":"SKIP","floor":40.0},{"not_picked":["Flechettes","Sucker Punch+1","Flying Knee"],"picked":"SKIP","floor":41.0},{"not_picked":["Flechettes","Sucker Punch+1","Flying Knee"],"picked":"SKIP","floor":41.0},{"not_picked":["Well Laid Plans+1","Endless Agony"],"picked":"Bouncing Flask","floor":42.0},{"not_picked":["Masterful Stab","Flying Knee","PiercingWail+1"],"picked":"SKIP","floor":46},{"not_picked":["Cloak And Dagger","Acrobatics","Finisher"],"picked":"SKIP","floor":46},{"not_picked":["Poisoned Stab+1","Flying Knee+1"],"picked":"Deflect+1","floor":47},{"not_picked":["Outmaneuver","Dodge and Roll","Dagger Spray"],"picked":"SKIP","floor":47},{"not_picked":["Masterful Stab+1","Slice+1"],"picked":"After Image+1","floor":48},{"not_picked":["Outmaneuver+1","Predator","PiercingWail+1"],"picked":"SKIP","floor":48}],"player_experience":100236,"relics_obtained":[{"floor":5.0,"key":"Meat on the Bone"},{"floor":7.0,"key":"WingedGreaves"},{"floor":9.0,"key":"Bottled Lightning"},{"floor":23.0,"key":"Toy Ornithopter"},{"floor":26.0,"key":"Bag of Marbles"},{"floor":39.0,"key":"Bird Faced Urn"},{"floor":40.0,"key":"Frozen Egg 2"},{"floor":43.0,"key":"Prayer Wheel"}],"event_choices":[{"damage_healed":0.0,"max_hp_gain":0.0,"max_hp_loss":0.0,"gold_gain":0.0,"event_name":"Golden Idol","player_choice":"Take Damage","floor":3.0,"gold_loss":0.0,"damage_taken":17.0,"relics_obtained":["Golden Idol"]},{"cards_removed":["Strike_G"],"damage_healed":0.0,"max_hp_gain":0.0,"max_hp_loss":0.0,"gold_gain":0.0,"event_name":"Golden Wing","player_choice":"Card Removal","floor":4.0,"gold_loss":0.0,"damage_taken":7.0},{"cards_removed":["Defend_G"],"damage_healed":0.0,"max_hp_gain":0.0,"max_hp_loss":0.0,"gold_gain":0.0,"event_name":"Bonfire Elementals","player_choice":"Offered Basic","floor":12.0,"gold_loss":0.0,"damage_taken":0.0},{"damage_healed":0.0,"max_hp_gain":0.0,"max_hp_loss":0.0,"gold_gain":0.0,"event_name":"Ghosts","player_choice":"Ignored","floor":21.0,"gold_loss":0.0,"damage_taken":0.0},{"damage_healed":0.0,"max_hp_gain":0.0,"max_hp_loss":0.0,"gold_gain":99.0,"event_name":"Nest","player_choice":"Stole From Cult","floor":22.0,"gold_loss":0.0,"damage_taken":0.0},{"damage_healed":0.0,"max_hp_gain":0.0,"max_hp_loss":0.0,"gold_gain":0.0,"event_name":"The Library","player_choice":"Read","floor":28.0,"gold_loss":0.0,"damage_taken":0.0,"cards_obtained":["Footwork"]},{"damage_healed":0.0,"max_hp_gain":0.0,"max_hp_loss":0.0,"gold_gain":0.0,"cards_transformed":["Strike_G","Strike_G"],"event_name":"Drug Dealer","player_choice":"Became Test Subject","floor":30.0,"gold_loss":0.0,"damage_taken":0.0,"cards_obtained":["After Image","Distraction"]},{"damage_healed":0.0,"max_hp_gain":0.0,"max_hp_loss":0.0,"gold_gain":0.0,"event_name":"Tomb of Lord Red Mask","player_choice":"Ignored","floor":38.0,"gold_loss":0.0,"damage_taken":0.0},{"damage_healed":0.0,"max_hp_gain":0.0,"max_hp_loss":0.0,"gold_gain":0.0,"event_name":"MindBloom","player_choice":"Fight","floor":39.0,"gold_loss":0.0,"damage_taken":0.0}],"is_beta":false,"boss_relics":[{"not_picked":["Calling Bell","Tiny House"],"picked":"Empty Cage"},{"not_picked":["Runic Dome","Ring of the Serpent"],"picked":"Runic Pyramid"}],"items_purged_floors":[8,37,44],"is_endless":false,"potions_floor_spawned":[2,7,13,16,19,23,31,39,40,46,47],"ascension_level":0}}