{"host":"l60rmjjsfi0fipmi","time":1610153647,"event":{"mods":["BaseMod","Colored Map","DeckTracker","Highlight Path","Minty Spire (QoL Compilation)"],"gold_per_floor":[112,112,15,29,39,64,83,98,122,122,133,167,167,190,190,298,298,327,104,32,38,52,89,89,89],"floor_reached":24,"playtime":2250,"items_purged":["Strike_G"],"score":242,"play_id":"0916f0fb-1a12-460c-9344-b8b8340cc03b","local_time":"20210108195407","is_ascension_mode":true,"campfire_choices":[{"floor":10,"key":"REST"},{"data":"Footwork","floor":15,"key":"SMITH"}],"circlet_count":0,"master_deck":["Strike_G","Defend_G","Defend_G+1","Defend_G","Defend_G+1","Defend_G","Survivor","Neutralize","Dagger Throw","Dagger Spray","PiercingWail","Footwork+1","Well Laid Plans","Caltrops+1","Dash","Noxious Fumes+1","Backflip","Infinite Blades+1","Setup","Malaise","Deadly Poison","JustLucky+1","Backstab+1"],"relics":["Ring of the Snake","Frozen Egg 2","War Paint","CeramicFish","Empty Cage","PrismaticShard","Bag of Marbles","Orichalcum"],"acts_visited":["Exordium","TheCity"],"potions_floor_usage":[22,23,24],"damage_taken":[{"damage":0,"enemies":"Cultist","floor":1,"turns":5},{"damage":0,"enemies":"2 Louse","floor":4,"turns":3},{"damage":0,"enemies":"Small Slimes","floor":5,"turns":4},{"damage":24,"enemies":"Lagavulin","floor":6,"turns":15},{"damage":10,"enemies":"Exordium Thugs","floor":7,"turns":4},{"damage":1,"enemies":"Blue Slaver","floor":8,"turns":5},{"damage":13,"enemies":"3 Louse","floor":11,"turns":4},{"damage":14,"enemies":"3 Sentries","floor":12,"turns":7},{"damage":2,"enemies":"Red Slaver","floor":14,"turns":5},{"damage":6,"enemies":"Hexaghost","floor":16,"turns":10},{"damage":5,"enemies":"Shell Parasite","floor":18,"turns":7},{"damage":29,"enemies":"2 Thieves","floor":21,"turns":5},{"damage":5,"enemies":"Centurion and Healer","floor":22,"turns":9},{"damage":22,"enemies":"Book of Stabbing","floor":23,"turns":7},{"damage":21,"enemies":"Sentry and Sphere","floor":24,"turns":4}],"seed_played":"-825456451794022462","potions_obtained":[{"floor":6,"key":"LiquidMemories"},{"floor":11,"key":"LiquidBronze"},{"floor":12,"key":"Ancient Potion"},{"floor":22,"key":"PowerPotion"},{"floor":23,"key":"SpeedPotion"}],"is_trial":false,"path_per_floor":["M","?","$","M","M","E","M","M","T","R","M","E","?","M","R","B",null,"M","$","?","M","M","E","M"],"character_chosen":"THE_SILENT","items_purchased":["Dagger Spray","PiercingWail","PrismaticShard"],"campfire_rested":1,"item_purchase_floors":[3,3,19],"current_hp_per_floor":[77,82,82,82,82,58,48,47,47,71,58,44,44,42,42,36,82,77,77,77,48,43,21,0,0],"gold":89,"neow_bonus":"TEN_PERCENT_HP_BONUS","is_daily":false,"chose_seed":false,"campfire_upgraded":1,"win_rate":0.0,"timestamp":1610153647,"path_taken":["M","?","$","M","M","E","M","M","T","R","M","E","?","?","R","BOSS","M","$","?","?","M","E","M"],"items_purchased_type":["Card","Card","Relic"],"build_version":"2020-12-22","purchased_purges":1,"victory":false,"max_hp_per_floor":[77,82,82,82,82,82,82,82,82,82,82,82,82,82,82,82,82,82,82,82,82,82,82,82,82],"card_choices":[{"not_picked":["Slice","PiercingWail"],"picked":"Dagger Throw","floor":1},{"not_picked":["Underhanded Strike","PiercingWail"],"picked":"Footwork","floor":4},{"not_picked":["Dagger Spray","Dodge and Roll"],"picked":"Well Laid Plans","floor":5},{"not_picked":["Outmaneuver","Poisoned Stab"],"picked":"Caltrops+1","floor":6},{"not_picked":["Wraith Form v2+1","Slice"],"picked":"Dash","floor":7},{"not_picked":["Quick Slash","Dash"],"picked":"Noxious Fumes+1","floor":8},{"not_picked":["Bane","Cloak And Dagger"],"picked":"Backflip","floor":11},{"not_picked":["Riddle With Holes","Eviscerate"],"picked":"Infinite Blades+1","floor":12},{"not_picked":["Quick Slash","Backflip"],"picked":"Setup","floor":14},{"not_picked":["Unload","Envenom+1"],"picked":"Malaise","floor":16},{"not_picked":["Bane","Distraction"],"picked":"Deadly Poison","floor":18},{"not_picked":["Redo","Tempest"],"picked":"JustLucky+1","floor":21},{"not_picked":["Intimidate","Rupture+1","Deadly Poison"],"picked":"SKIP","floor":22},{"not_picked":["Machine Learning+1","Barrage"],"picked":"Backstab+1","floor":23}],"player_experience":279939,"relics_obtained":[{"floor":6,"key":"Frozen Egg 2"},{"floor":9,"key":"War Paint"},{"floor":12,"key":"CeramicFish"},{"floor":23,"key":"Orichalcum"}],"event_choices":[{"damage_healed":0,"gold_gain":0,"player_choice":"Donut","damage_taken":0,"max_hp_gain":5,"max_hp_loss":0,"event_name":"Big Fish","floor":2,"gold_loss":0},{"cards_removed":["Strike_G"],"damage_healed":0,"gold_gain":0,"player_choice":"Purged","damage_taken":0,"max_hp_gain":0,"max_hp_loss":0,"event_name":"Purifier","floor":13,"gold_loss":0},{"damage_healed":0,"gold_gain":0,"player_choice":"Paid Gold","damage_taken":0,"relics_obtained":["Bag of Marbles"],"max_hp_gain":0,"max_hp_loss":0,"event_name":"WeMeetAgain","floor":20,"gold_loss":72}],"is_beta":false,"boss_relics":[{"not_picked":["Philosopher\u0027s Stone","Tiny House"],"picked":"Empty Cage"}],"items_purged_floors":[19],"is_endless":false,"potions_floor_spawned":[6,11,12,14,22,23],"killed_by":"Sentry and Sphere","ascension_level":1}}