{"host":"byizzf0lry06owoh","time":1610175239,"event":{"mods":["Act Like it!","Aspiration","BaseMod","BetterRewards","Card Forge","Conspire","Downfall","Friendly Minions","GifTheSpireLib","Hallownest","Hubris","Infinite Spire","Minty Spire (QoL Compilation)","Relic Sorter","Replay The Spire","SIMod","StSLib","Wandering Minibosses"],"gold_per_floor":[111,111,165,178,194,194,224,238,238,238,238,258,273,306,306,401,401,414,414,414,429,43,43,76,89,89,89,89,106,118,131,131,230,230,245,99,0,50,50,50,66,66,66,79,110,110,142,242,242,242],"floor_reached":51,"playtime":12722,"items_purged":["Injury"],"score":860,"play_id":"74b9b325-4c6c-487e-8535-1ce2ca026b7d","local_time":"20210108225359","is_ascension_mode":false,"campfire_choices":[{"data":"hubris:ReadiedAction","floor":6,"key":"SMITH"},{"floor":10,"key":"REST"},{"data":"Rage","floor":15,"key":"SMITH"},{"data":"Genetic Algorithm","floor":23,"key":"SMITH"},{"floor":27,"key":"REST"},{"data":"Double Tap","floor":40,"key":"SMITH"},{"data":"ReplayTheSpireMod:Muscle Training","floor":42,"key":"SMITH"},{"data":"Disarm","floor":46,"key":"SMITH"},{"data":"Armaments","floor":49,"key":"SMITH"}],"circlet_count":0,"master_deck":["Thunderclap","Pommel Strike+1","Battle Trance","hubris:ReadiedAction+1","Iron Wave+1","Shrug It Off","Rage+1","Neutralize+1","infinitespire:OneForAll+1","Headbutt+1","Clash+1","Double Tap+1","Replay:Undeath\u0027s Touch+1","Genetic Algorithm+1","Body Slam+1","Inflame","Ghostly Armor+1","Iron Wave+1","Seeing Red+1","Reaper+1","Cold Snap+1","Replay:Undeath\u0027s Touch+1","ReplayTheSpireMod:Muscle Training+1","Combust+1","Disarm+1","Armaments+1"],"relics":["Burning Blood","Seething Fire","hubris:Icosahedron","Hammer of Thor","Anvil of the Gods","aspiration:Nostalgia","Guardian:ModeShifter","Molten Egg 2","Mercury Hourglass","Pear","hubris:DisguiseKit","HornCleat","Honey Jar","Membership Card","conspire:GlowingRock","Meat on the Bone","Centennial Puzzle","infinitespire:PuzzleCube","wanderingMiniBosses:Inkheart","Painkiller Herb","ReplayTheSpireMod:TigerMarble","King of Hearts","Red Mask","hubris:Spice","infinitespire:Broken Mirror","Replay:Rubber Ducky","ReplayTheSpireMod:Lightbulb"],"acts_visited":["Exordium","TheCity","TheBeyond"],"potions_floor_usage":[24,33,50],"damage_taken":[{"damage":12,"enemies":"Small Slimes","floor":1,"turns":4},{"damage":6,"enemies":"Jaw Worm","floor":4,"turns":3},{"damage":6,"enemies":"2 Louse","floor":5,"turns":2},{"damage":19,"enemies":"Gremlin Nob","floor":7,"turns":4},{"damage":9,"enemies":"Exordium Wildlife","floor":8,"turns":4},{"damage":0,"enemies":"Exordium Thugs","floor":12,"turns":3},{"damage":0,"enemies":"3 Louse","floor":13,"turns":6},{"damage":22,"enemies":"3 Sentries","floor":14,"turns":7},{"damage":27,"enemies":"Fading Forest","floor":16,"turns":11},{"damage":10,"enemies":"2 Thieves","floor":18,"turns":3},{"damage":0,"enemies":"3 Byrds","floor":21,"turns":5},{"damage":14,"enemies":"Book of Stabbing","floor":24,"turns":4},{"damage":7,"enemies":"Centurion and Healer","floor":25,"turns":4},{"damage":0,"enemies":"Chosen and Byrds","floor":29,"turns":7},{"damage":0,"enemies":"Snecko","floor":30,"turns":4},{"damage":0,"enemies":"conspire:HollyBat","floor":31,"turns":6},{"damage":15,"enemies":"hubris:MusketHawk","floor":33,"turns":5},{"damage":0,"enemies":"3 Darklings","floor":35,"turns":2},{"damage":0,"enemies":"Mind Bloom Boss Battle","floor":38,"turns":3},{"damage":6,"enemies":"Orb Walker","floor":41,"turns":2},{"damage":1,"enemies":"Spire Growth","floor":44,"turns":1},{"damage":1,"enemies":"Nemesis","floor":45,"turns":3},{"damage":3,"enemies":"Nightmare","floor":47,"turns":4},{"damage":10,"enemies":"Awakened One","floor":50,"turns":5}],"seed_played":"-5943548490000637628","potions_obtained":[{"floor":4,"key":"Guardian:BlockOnCardUsePotion"},{"floor":5,"key":"Venom Potion"},{"floor":12,"key":"SneckoOil"},{"floor":16,"key":"AttackPotion"},{"floor":24,"key":"Explosive Potion"},{"floor":29,"key":"Ancient Potion"},{"floor":31,"key":"sneckomod:MuddlingPotion"},{"floor":33,"key":"Elixir"},{"floor":35,"key":"LifebloodPotion"},{"floor":44,"key":"GamblersBrew"},{"floor":45,"key":"champ:CounterPotion"},{"floor":47,"key":"CultistPotion"}],"is_trial":false,"path_per_floor":["M","?","?","M","M","R","E","M","T","R","?","M","M","E","R","B",null,"M","?","?","M","$","R","E","M","T","R","?","M","M","M","R","B",null,"?","T","?","?","?","T","?","T","T","?","E","T","NM","?","T","B",null],"character_chosen":"IRONCLAD","items_purchased":["Body Slam+1","Membership Card","conspire:GlowingRock","ReplayTheSpireMod:TigerMarble","King of Hearts"],"campfire_rested":2,"item_purchase_floors":[22,22,22,36,36],"current_hp_per_floor":[74,74,54,54,54,54,51,48,48,75,75,81,87,71,71,58,90,86,86,68,74,74,74,66,65,65,93,93,95,95,95,95,86,95,95,95,95,103,103,103,103,103,103,103,103,103,103,103,103,99],"gold":242,"neow_bonus":"NOSTALGIA","is_daily":false,"chose_seed":false,"campfire_upgraded":7,"win_rate":0.0,"timestamp":1610175239,"path_taken":["M","?","?","M","M","R","E","M","T","R","?","?","M","E","R","BOSS","M","?","?","M","$","R","E","?","T","R","?","M","M","M","R","BOSS","?","T","?","?","?","T","?","T","T","?","E","T","NM","?","T","BOSS"],"items_purchased_type":["Card","Relic","Relic","Relic","Relic"],"build_version":"2020-12-22","purchased_purges":1,"victory":true,"max_hp_per_floor":[80,80,80,80,80,80,90,90,90,90,90,90,90,90,90,90,90,90,90,95,95,95,95,95,95,95,95,95,95,95,95,95,95,95,95,95,95,103,103,103,103,103,103,103,103,103,103,103,103,103],"card_choices":[{"not_picked":["Metallicize","hubris:ReadiedAction"],"picked":"Thunderclap","floor":1},{"not_picked":["Life Link","Dual Wield"],"picked":"Pommel Strike+1","floor":3},{"not_picked":["Burning Pact","Sword Boomerang+1"],"picked":"Battle Trance","floor":3},{"not_picked":["ReplayTheSpireMod:Strike From Hell+1","Headbutt+1"],"picked":"hubris:ReadiedAction","floor":4},{"not_picked":["Run Through+1","Barricade"],"picked":"Iron Wave+1","floor":5},{"not_picked":["Cleave+1","Massacre+1"],"picked":"Shrug It Off","floor":7},{"not_picked":["Twin Strike+1","ReplayTheSpireMod:Strike From Hell+1"],"picked":"Rage","floor":8},{"not_picked":["Flex","Eclipse","hubris:PowerSurge"],"picked":"infinitespire:OneForAll+1","floor":12},{"not_picked":["hubris:ReadiedAction","Sword Boomerang+1","Compile Driver"],"picked":"Headbutt+1","floor":13},{"not_picked":["Battle Trance","Ghostly Armor","ReplayTheSpireMod:GoodbyeWorld"],"picked":"Clash+1","floor":14},{"not_picked":["Offering","Brutality","Reboot"],"picked":"Double Tap","floor":16},{"not_picked":["Shrug It Off","Clothesline+1","Entrench","Panic Button"],"picked":"Replay:Undeath\u0027s Touch+1","floor":18},{"not_picked":["Perfected Strike+1","Disarm","Bloodletting+1","Cleave+1"],"picked":"Genetic Algorithm","floor":21},{"not_picked":["Replay:Undeath\u0027s Touch+1","Thunderclap+1","Sword Boomerang+1","Amplify"],"picked":"Inflame","floor":24},{"not_picked":["Pommel Strike+1","Corruption","Clash+1","BasicCrystalCard"],"picked":"Ghostly Armor","floor":25},{"not_picked":["Twin Strike+1","Headbutt+1","hubris:SharpeningStone","Rage+1"],"picked":"Stack","floor":29},{"not_picked":["Cleave+1","Battle Trance+1","Sever Soul+1","Barrage"],"picked":"Iron Wave+1","floor":30},{"not_picked":["Shockwave","Intimidate","Sword Boomerang+1","Conserve Battery"],"picked":"Seeing Red+1","floor":31},{"not_picked":["conspire:Purge","Corruption","Impervious","Fission"],"picked":"Reaper+1","floor":33},{"not_picked":["Perfected Strike+1","Fire Breathing","Clash+1","Flex"],"picked":"Cold Snap","floor":35},{"not_picked":["Anger+1","ReplayTheSpireMod:Strike From Hell+1","hubris:CleavingFinish+1","Genetic Algorithm"],"picked":"Replay:Undeath\u0027s Touch+1","floor":38},{"not_picked":["Dark Embrace+1","Pommel Strike+1","Headbutt+1","Coolheaded"],"picked":"ReplayTheSpireMod:Muscle Training","floor":41},{"not_picked":["Double Tap","Reckless Charge+1","Burning Pact","Hologram"],"picked":"Combust+1","floor":44},{"not_picked":["Reckless Charge+1","Warcry+1","Offering","Gash"],"picked":"Disarm","floor":45},{"not_picked":["Corruption","Life Link","Iron Wave+1","Leap"],"picked":"Armaments","floor":47}],"player_experience":11167,"relics_obtained":[{"floor":3,"key":"Mercury Hourglass"},{"floor":7,"key":"Pear"},{"floor":9,"key":"hubris:DisguiseKit"},{"floor":14,"key":"HornCleat"},{"floor":24,"key":"Meat on the Bone"},{"floor":26,"key":"Centennial Puzzle"},{"floor":31,"key":"wanderingMiniBosses:Inkheart"},{"floor":38,"key":"hubris:Spice"},{"floor":43,"key":"infinitespire:Broken Mirror"},{"floor":45,"key":"Replay:Rubber Ducky"},{"floor":47,"key":"ReplayTheSpireMod:Lightbulb"}],"event_choices":[{"damage_healed":0,"gold_gain":0,"player_choice":"Shed Blood","damage_taken":23,"max_hp_gain":5,"max_hp_loss":0,"event_name":"Forgotten Altar","floor":20,"gold_loss":0},{"damage_healed":0,"gold_gain":0,"player_choice":"Gave Potion","damage_taken":0,"relics_obtained":["infinitespire:PuzzleCube"],"max_hp_gain":0,"max_hp_loss":0,"event_name":"WeMeetAgain","floor":28,"gold_loss":0},{"damage_healed":0,"gold_gain":0,"player_choice":"Paid","damage_taken":0,"relics_obtained":["Red Mask"],"max_hp_gain":0,"max_hp_loss":0,"event_name":"Tomb of Lord Red Mask","floor":37,"gold_loss":99},{"damage_healed":0,"gold_gain":0,"player_choice":"Fight","damage_taken":0,"max_hp_gain":0,"max_hp_loss":0,"event_name":"MindBloom","floor":38,"gold_loss":0},{"damage_healed":0,"gold_gain":100,"player_choice":"Pray","damage_taken":0,"max_hp_gain":0,"max_hp_loss":0,"event_name":"Golden Shrine","floor":48,"gold_loss":0}],"is_beta":false,"boss_relics":[{"not_picked":["aspiration:DefectSkillbook","ChewingGum"],"picked":"Honey Jar"},{"not_picked":["infinitespire:Burning Sword","infinitespire:Cupcake"],"picked":"Painkiller Herb"}],"items_purged_floors":[22],"is_endless":false,"potions_floor_spawned":[4,5,12,13,16,24,29,31,33,35,44,45,47],"ascension_level":0}}