{"host":"2se5dq1do2gp0x9k","time":1610162020,"event":{"mods":["AchievementEnabler","BaseMod","Block Reminder","Colored Map","Colored Powertips","Minty Spire (QoL Compilation)","Relic Stats","StSLib","SuperFastMode"],"gold_per_floor":[110,110,121,196,98,129,60,90,90],"floor_reached":8,"playtime":1684,"items_purged":[],"score":112,"play_id":"20bc19d4-cd1d-4c5d-981d-cee7d1cb7952","local_time":"20210108191340","is_ascension_mode":true,"campfire_choices":[],"circlet_count":0,"master_deck":["AscendersBane","Strike_P","Strike_P","Strike_P","Strike_P","Defend_P","Defend_P","Defend_P","Defend_P","Eruption","Vigilance","Swift Strike","TalkToTheHand","FlyingSleeves","Nirvana","FollowUp","Evaluate+1","TalkToTheHand"],"relics":["PureWater","Toxic Egg 2","Eternal Feather"],"acts_visited":["Exordium"],"potions_floor_usage":[],"damage_taken":[{"damage":2,"enemies":"Jaw Worm","floor":1,"turns":2},{"damage":0,"enemies":"2 Louse","floor":3,"turns":4},{"damage":8,"enemies":"Lagavulin","floor":6,"turns":7},{"damage":20,"enemies":"3 Sentries","floor":8,"turns":13}],"seed_played":"-3070900666284136803","potions_obtained":[{"floor":1,"key":"Explosive Potion"},{"floor":3,"key":"LiquidBronze"}],"is_trial":false,"path_per_floor":["M","?","M","?","$","E","$","E"],"character_chosen":"WATCHER","items_purchased":["Nirvana","FollowUp","TalkToTheHand"],"campfire_rested":0,"item_purchase_floors":[5,5,7],"current_hp_per_floor":[59,64,64,53,53,45,45,25,25],"gold":90,"neow_bonus":"RANDOM_COLORLESS","is_daily":false,"chose_seed":false,"campfire_upgraded":0,"win_rate":0.0,"timestamp":1610162020,"path_taken":["M","?","M","?","$","E","$","E"],"items_purchased_type":["Card","Card","Card"],"build_version":"2020-12-22","purchased_purges":0,"victory":false,"max_hp_per_floor":[68,73,73,73,73,73,73,73,73],"relic_stats":{"counters":[4,26],"Eternal Feather":0,"obtain_stats":[{"Eternal Feather":8,"PureWater":0,"Toxic Egg 2":6},{"Eternal Feather":4,"PureWater":0,"Toxic Egg 2":3},{"Eternal Feather":26,"PureWater":0,"Toxic Egg 2":13}]},"card_choices":[{"not_picked":["Forethought","Madness"],"picked":"Swift Strike","floor":0},{"not_picked":["FollowUp","Conclude"],"picked":"TalkToTheHand","floor":1},{"not_picked":["WindmillStrike","Adaptation"],"picked":"FlyingSleeves","floor":3},{"not_picked":["WheelKick","Pray+1"],"picked":"Evaluate+1","floor":6}],"player_experience":3804750,"relics_obtained":[{"floor":6,"key":"Toxic Egg 2"},{"floor":8,"key":"Eternal Feather"}],"event_choices":[{"damage_healed":0,"gold_gain":0,"player_choice":"Donut","damage_taken":0,"max_hp_gain":5,"max_hp_loss":0,"event_name":"Big Fish","floor":2,"gold_loss":0},{"damage_healed":0,"gold_gain":75,"player_choice":"Gather Gold","damage_taken":11,"max_hp_gain":0,"max_hp_loss":0,"event_name":"World of Goop","floor":4,"gold_loss":0}],"is_beta":false,"boss_relics":[],"items_purged_floors":[],"is_endless":false,"potions_floor_spawned":[1,3],"killed_by":"3 Sentries","ascension_level":15}}