{"host":"08t08ld674si40tv","time":1610189084,"event":{"mods":["AchievementEnabler","BaseMod","Colored Map","Minty Spire (QoL Compilation)","StSLib","SuperFastMode"],"gold_per_floor":[113,163,182,202,44,44,378,378,378,395,406,432,432,466,466,542,542,557,557,570,570,587,612,612,640,640,640,640,640],"floor_reached":28,"playtime":685,"items_purged":[],"score":602,"play_id":"145ee0d6-2434-48d4-adf2-5b9e4639c03c","local_time":"20210109194444","is_ascension_mode":true,"campfire_choices":[{"data":"Armaments","floor":6.0,"key":"SMITH"},{"data":"Body Slam","floor":8,"key":"SMITH"},{"data":"Inflame","floor":13,"key":"SMITH"},{"data":"Barricade","floor":15,"key":"SMITH"},{"data":"Corruption","floor":24,"key":"SMITH"}],"circlet_count":0,"master_deck":["AscendersBane","Strike_R","Strike_R","Strike_R+1","Strike_R","Strike_R","Defend_R","Defend_R","Defend_R","Defend_R","Bash+1","Wild Strike","Body Slam+1","Armaments+1","Burning Pact","Seeing Red","Disarm","Inflame+1","Barricade+1","Corruption+1","Disarm","Feel No Pain"],"relics":["Black Blood","Black Star","PreservedInsect","Blue Candle","Old Coin","Self Forming Clay","Potion Belt","Strawberry","Singing Bowl","Whetstone","Runic Dome","Pear","Regal Pillow","Pen Nib","Mango","Toxic Egg 2"],"acts_visited":["Exordium","TheCity"],"potions_floor_usage":[12,16,22,22,23,23,23,25,25,27],"damage_taken":[{"damage":4.0,"enemies":"2 Louse","floor":1.0,"turns":3.0},{"damage":6.0,"enemies":"Cultist","floor":3.0,"turns":3.0},{"damage":7.0,"enemies":"Small Slimes","floor":4.0,"turns":3.0},{"damage":8.0,"enemies":"Gremlin Nob","floor":7.0,"turns":3.0},{"damage":6,"enemies":"Looter","floor":10,"turns":3},{"damage":8,"enemies":"Blue Slaver","floor":11,"turns":3},{"damage":12,"enemies":"3 Sentries","floor":12,"turns":6},{"damage":21,"enemies":"Lagavulin","floor":14,"turns":8},{"damage":40,"enemies":"The Guardian","floor":16,"turns":10},{"damage":24,"enemies":"Shell Parasite","floor":18,"turns":5},{"damage":14,"enemies":"3 Byrds","floor":20,"turns":6},{"damage":11,"enemies":"Centurion and Healer","floor":22,"turns":7},{"damage":3,"enemies":"Slavers","floor":23,"turns":4},{"damage":29,"enemies":"Gremlin Leader","floor":25,"turns":7},{"damage":43,"enemies":"Colosseum Slavers","floor":27,"turns":6},{"damage":29,"enemies":"Sentry and Sphere","floor":28,"turns":5}],"seed_played":"8636280770857174358","potions_obtained":[{"floor":3.0,"key":"SteroidPotion"},{"floor":7,"key":"Fire Potion"},{"floor":14,"key":"AttackPotion"},{"floor":16,"key":"EntropicBrew"},{"floor":22,"key":"HeartOfIron"},{"floor":23,"key":"AttackPotion"},{"floor":25,"key":"Block Potion"}],"is_trial":false,"path_per_floor":["M","?","M","M","$","R","E","R","T","M","M","E","R","E","R","B",null,"M","?","M","?","M","E","R","E","T","?","M"],"character_chosen":"IRONCLAD","items_purchased":["PreservedInsect"],"campfire_rested":0,"item_purchase_floors":[5],"current_hp_per_floor":[75,75,75,75,75,75,75,75,75,75,75,82,82,73,73,45,73,63,63,63,38,39,58,58,57,57,26,0,0],"gold":640,"neow_bonus":"BOSS_RELIC","is_daily":false,"chose_seed":false,"campfire_upgraded":5,"win_rate":0.0,"timestamp":1610189084,"path_taken":["M","?","M","M","$","R","E","R","T","M","M","E","R","E","R","BOSS","M","?","M","?","M","E","R","E","T","?","M"],"items_purchased_type":["Relic"],"build_version":"2020-12-22","purchased_purges":0,"victory":false,"max_hp_per_floor":[75,75,75,75,75,75,75,75,75,75,75,82,82,82,82,82,82,84,84,86,91,91,101,101,117,117,117,117,117],"card_choices":[{"not_picked":["Headbutt","Entrench"],"picked":"Wild Strike","floor":1.0},{"not_picked":["Thunderclap","Sword Boomerang"],"picked":"Body Slam","floor":3.0},{"not_picked":["Clash","Searing Blow"],"picked":"Armaments","floor":4.0},{"not_picked":["Berserk","Havoc"],"picked":"Burning Pact","floor":7},{"not_picked":["Body Slam","Clash"],"picked":"Seeing Red","floor":10},{"not_picked":["Twin Strike","Iron Wave"],"picked":"Disarm","floor":11},{"not_picked":["Warcry","Carnage"],"picked":"Inflame","floor":12},{"not_picked":["Entrench","Ghostly Armor"],"picked":"Barricade","floor":14},{"not_picked":["Fiend Fire","Barricade"],"picked":"Corruption","floor":16},{"not_picked":["Cleave","Wild Strike","Headbutt+1"],"picked":"Singing Bowl","floor":18},{"not_picked":["Iron Wave","Seeing Red","Cleave+1"],"picked":"Singing Bowl","floor":20},{"not_picked":["Cleave","Pommel Strike"],"picked":"Disarm","floor":22},{"not_picked":["Clash","Bludgeon"],"picked":"Feel No Pain","floor":23},{"not_picked":["Pommel Strike","Body Slam","True Grit+1"],"picked":"Singing Bowl","floor":25}],"player_experience":210179,"relics_obtained":[{"floor":7,"key":"Blue Candle"},{"floor":7,"key":"Old Coin"},{"floor":9,"key":"Self Forming Clay"},{"floor":12,"key":"Potion Belt"},{"floor":12,"key":"Strawberry"},{"floor":14,"key":"Singing Bowl"},{"floor":14,"key":"Whetstone"},{"floor":23,"key":"Pear"},{"floor":23,"key":"Regal Pillow"},{"floor":25,"key":"Pen Nib"},{"floor":25,"key":"Mango"},{"floor":26,"key":"Toxic Egg 2"}],"event_choices":[{"damage_healed":0.0,"max_hp_gain":0.0,"max_hp_loss":0.0,"gold_gain":50.0,"event_name":"Golden Shrine","player_choice":"Pray","floor":2.0,"gold_loss":0.0,"damage_taken":0.0},{"damage_healed":0,"gold_gain":0,"player_choice":"Ignored","damage_taken":0,"max_hp_gain":0,"max_hp_loss":0,"event_name":"Vampires","floor":19,"gold_loss":0},{"damage_healed":0,"gold_gain":0,"player_choice":"Shed Blood","damage_taken":30,"max_hp_gain":5,"max_hp_loss":0,"event_name":"Forgotten Altar","floor":21,"gold_loss":0},{"damage_healed":0,"gold_gain":0,"player_choice":"Fight","damage_taken":0,"max_hp_gain":0,"max_hp_loss":0,"event_name":"Colosseum","floor":27,"gold_loss":0},{"damage_healed":0,"gold_gain":0,"player_choice":"Fled From Nobs","damage_taken":0,"max_hp_gain":0,"max_hp_loss":0,"event_name":"Colosseum","floor":27,"gold_loss":0}],"is_beta":false,"boss_relics":[{"not_picked":["Calling Bell","Astrolabe"],"picked":"Runic Dome"}],"items_purged_floors":[],"is_endless":false,"potions_floor_spawned":[3,7,14,16,22,23,25],"killed_by":"Sentry and Sphere","ascension_level":20}}