{"host":"ixtszv54kd1m8623","time":1610224870,"event":{"mods":["Act Like it!","Aspiration","Bard","BaseMod","Beaked The Cultist","ChefMod","Colored Map","Colored Powertips","Conspire","Downfall","Duelist Mod","Gensokyo","GifTheSpireLib","Halation","Hermit","Hubris","Infinite Spire","Jorbs\u0027s Wanderer Trilogy","Lobotomy","Minty Spire (QoL Compilation)","Replay The Spire","Robot Space Explorer","Shade Mod","StSLib","The Animator","The Blackbeard","The Bug Knight","The Cursed","The Disciple","The Dragon Tamer","The Marked","The Runesmith","The Servant 0.9.4"],"gold_per_floor":[385,398,30,30,42,75,75,91,161,179,192,192,219,219,219,319,319,332,186,196,196],"floor_reached":20,"playtime":1167,"items_purged":[],"score":232,"play_id":"8b964cfa-51aa-48c1-aaae-181bdc7459b1","local_time":"20210109124110","is_ascension_mode":true,"campfire_choices":[{"data":"expansioncontent:CaCaw","floor":7,"key":"SMITH"},{"floor":12,"key":"REST"},{"data":"theDuelist:BerserkerCrush","floor":15,"key":"SMITH"}],"circlet_count":0,"master_deck":["theDuelist:BeaverWarrior","theDuelist:BeaverWarrior","theDuelist:CastleWalls","theDuelist:CastleWalls","theDuelist:FinalFlame","theDuelist:GiantSoldier","theDuelist:GiantSoldier","theDuelist:ScrapFactory","theDuelist:Sparks","theDuelist:Sparks","theDuelist:ElectromagneticShield","theDuelist:ImperialOrder","theDuelist:MillenniumShield","expansioncontent:CaCaw+1","theDuelist:SangaEarth","theDuelist:ImperialOrder","theDuelist:Raigeki","theDuelist:MiraculousDescent","theDuelist:BerserkerCrush+1","theDuelist:AssaultArmor","theDuelist:RainbowKuriboh","theDuelist:SilverApples"],"relics":["theDuelist:MillenniumPuzzle","theDuelist:CardPoolRelic","theDuelist:CardPoolBasicRelic","theDuelist:BoosterPackPoolRelic","theDuelist:CardPoolAddRelic","theDuelist:CardPoolMinusRelic","theDuelist:CardPoolSaveRelic","theDuelist:CardPoolOptionsRelic","Anchor","Simple Rune","Pen Nib","theDuelist:MonsterEggRelic","hubris:AstralHammer","conspire:RunicOctahedron","Anchor"],"acts_visited":["Exordium","TheCity"],"potions_floor_usage":[13],"damage_taken":[{"damage":6,"enemies":"Cultist","floor":1,"turns":5},{"damage":7,"enemies":"2 Louse","floor":2,"turns":3},{"damage":0,"enemies":"Jaw Worm","floor":5,"turns":4},{"damage":22,"enemies":"Replay:BlueRogue","floor":6,"turns":7},{"damage":0,"enemies":"Looter","floor":8,"turns":4},{"damage":0,"enemies":"3 Louse","floor":10,"turns":3},{"damage":0,"enemies":"Red Slaver","floor":11,"turns":3},{"damage":0,"enemies":"Lagavulin","floor":13,"turns":6},{"damage":28,"enemies":"Hexaghost","floor":16,"turns":22},{"damage":16,"enemies":"2 Thieves","floor":18,"turns":4},{"damage":31,"enemies":"conspire:FuzzyDice","floor":20,"turns":5}],"seed_played":"-572183345110310126","potions_obtained":[{"floor":2,"key":"Strength Potion"},{"floor":6,"key":"FairyPotion"},{"floor":11,"key":"theDuelist:ReducerPotion"},{"floor":18,"key":"theDuelist:WaterBottle"}],"is_trial":false,"path_per_floor":["M","M","$","T","M","E","R","M","T","M","M","R","E","?","R","B",null,"M","?","M"],"character_chosen":"THE_DUELIST","items_purchased":["Anchor","theDuelist:MillenniumShield","expansioncontent:CaCaw"],"campfire_rested":1,"item_purchase_floors":[3,3,3],"current_hp_per_floor":[50,43,43,43,43,21,21,21,21,21,21,45,45,69,69,41,80,64,64,33,33],"gold":196,"neow_bonus":"TWO_FIFTY_GOLD","is_daily":false,"chose_seed":false,"campfire_upgraded":2,"win_rate":0.0,"timestamp":1610224870,"path_taken":["M","M","$","?","M","E","R","M","T","M","M","R","E","?","R","BOSS","M","?","M"],"items_purchased_type":["Relic","Card","Card"],"build_version":"2020-12-22","purchased_purges":0,"victory":false,"max_hp_per_floor":[80,80,80,80,80,80,80,80,80,80,80,80,80,80,80,80,80,80,80,80,80],"card_choices":[{"not_picked":["theDuelist:WhiteHowling","theDuelist:Electrowhip","theDuelist:MiraculousDescent"],"picked":"theDuelist:ElectromagneticShield","floor":1},{"not_picked":["theDuelist:WhiteHowling","theDuelist:GravityAxe","theDuelist:Electrowhip"],"picked":"theDuelist:ImperialOrder","floor":2},{"not_picked":["theDuelist:SpellShatteringArrow","theDuelist:VenomShot","theDuelist:GravityBlaster","theDuelist:GravityLash"],"picked":"theDuelist:SangaEarth","floor":5},{"not_picked":["theDuelist:WhiteHowling","theDuelist:GravityAxe","theDuelist:ElectromagneticShield"],"picked":"theDuelist:ImperialOrder","floor":6},{"not_picked":["theDuelist:SwordsRevealing","theDuelist:PineappleBlast"],"picked":"theDuelist:Raigeki","floor":8},{"not_picked":["theDuelist:WhiteHowling","theDuelist:ImperialOrder","theDuelist:ElectromagneticShield"],"picked":"theDuelist:MiraculousDescent","floor":10},{"not_picked":["theDuelist:LegendHeart","theDuelist:FrontierWiseman","theDuelist:BlackPendant","theDuelist:LegendarySword"],"picked":"theDuelist:BerserkerCrush","floor":11},{"not_picked":["theDuelist:WhiteMagicalHat","theDuelist:MythicalBeast","theDuelist:LightningVortex","theDuelist:LegendarySword"],"picked":"theDuelist:AssaultArmor","floor":13},{"not_picked":["theDuelist:KamionTimelord","theDuelist:HappyLover","theDuelist:Eva","theDuelist:RainbowOverdragon"],"picked":"theDuelist:RainbowKuriboh","floor":16},{"not_picked":["theDuelist:Hinotama","theDuelist:EgoBoost+1","theDuelist:SpiritHarp","theDuelist:BlackPendant"],"picked":"theDuelist:SilverApples","floor":18}],"player_experience":193368,"relics_obtained":[{"floor":4,"key":"Simple Rune"},{"floor":6,"key":"Pen Nib"},{"floor":9,"key":"theDuelist:MonsterEggRelic"},{"floor":13,"key":"hubris:AstralHammer"}],"event_choices":[{"damage_healed":0,"gold_gain":0,"player_choice":"Duplicated Relic - Anchor","duelist":true,"damage_taken":0,"max_hp_gain":0,"max_hp_loss":0,"event_name":"Relic Duplicator","floor":19,"gold_loss":0}],"is_beta":false,"boss_relics":[{"not_picked":["halation:CatFaceCupcake","Cursed Key"],"picked":"conspire:RunicOctahedron"}],"items_purged_floors":[],"is_endless":false,"potions_floor_spawned":[2,6,11,18,20],"killed_by":"conspire:FuzzyDice","ascension_level":2}}