{"host":"l15sdf2mmi0nobpi","time":1610186332,"event":{"mods":["ATMod(°¢èªMod)","BaseMod","Highlight Path","Minty Spire (QoL Compilation)","Quick Restart","StSLib","¡¾¹¦ÄÜMod¡¿Neow½±Àø"],"gold_per_floor":[15,15,15,36,36,67,85,85,85,85,104,29,63,88,88,186,186,206,206,222,147,160,160,160,199,199,353,353,376,407,431,431,525,525,543,564,584,597,597,630,653,377,377,400,416,447,462,478,478,478,478,478,478,35,69,69],"floor_reached":57,"playtime":2552,"items_purged":["Strike_R","AT_Dispersion","Heavy Blade"],"score":2956,"play_id":"2a075d96-a168-44d7-ad37-86fab26cfc32","local_time":"20210109175852","is_ascension_mode":true,"campfire_choices":[{"data":"Burning Pact","floor":10.0,"key":"SMITH"},{"data":"Armaments","floor":15.0,"key":"SMITH"},{"data":"Barricade","floor":23.0,"key":"SMITH"},{"data":"Entrench","floor":28.0,"key":"SMITH"},{"floor":32.0,"key":"RECALL"},{"data":"Battle Trance","floor":49,"key":"SMITH"},{"data":"Offering","floor":53,"key":"SMITH"}],"circlet_count":0,"master_deck":["AscendersBane","AT_KneejerkReflex+1","Bloodletting","Burning Pact+1","Offering+1","Barricade+1","Armaments+1","AT_BodySlamDance","AT_ShrugMaster","Entrench+1","Battle Trance+1","Impervious","AT_ShrugMaster","Offering","Shrug It Off+1","Offering"],"relics":["Burning Blood","AT_ATBox","Du-Vu Doll","Golden Idol","Question Card","AT_ImmortalShieldbow","Mercury Hourglass","Pandora\u0027s Box","Frozen Egg 2","Paper Frog","AT_BladeRuinedKing","Oddly Smooth Stone","Empty Cage","Art of War","Mummified Hand","Shuriken","AT_GoldPhoenixTree","Akabeko"],"acts_visited":["Exordium","TheCity","TheBeyond","TheEnding"],"potions_floor_usage":[],"damage_taken":[{"damage":6.0,"enemies":"2 Louse","floor":1.0,"turns":3.0},{"damage":17.0,"enemies":"Jaw Worm","floor":4.0,"turns":4.0},{"damage":28.0,"enemies":"3 Sentries","floor":6.0,"turns":8.0},{"damage":2.0,"enemies":"Cultist","floor":7.0,"turns":4.0},{"damage":0.0,"enemies":"Gremlin Nob","floor":8.0,"turns":1.0},{"damage":23.0,"enemies":"Exordium Wildlife","floor":11.0,"turns":5.0},{"damage":11.0,"enemies":"3 Sentries","floor":13.0,"turns":9.0},{"damage":12.0,"enemies":"2 Fungi Beasts","floor":14.0,"turns":3.0},{"damage":17.0,"enemies":"Hexaghost","floor":16.0,"turns":8.0},{"damage":23.0,"enemies":"2 Thieves","floor":18.0,"turns":2.0},{"damage":12.0,"enemies":"Spheric Guardian","floor":20.0,"turns":3.0},{"damage":19.0,"enemies":"Centurion and Healer","floor":22.0,"turns":4.0},{"damage":49.0,"enemies":"Slavers","floor":25.0,"turns":2.0},{"damage":47.0,"enemies":"Colosseum Slavers","floor":27.0,"turns":3.0},{"damage":9.0,"enemies":"Colosseum Nobs","floor":27.0,"turns":3.0},{"damage":6.0,"enemies":"Cultist and Chosen","floor":29.0,"turns":6.0},{"damage":46.0,"enemies":"Gremlin Leader","floor":30.0,"turns":3.0},{"damage":18.0,"enemies":"Snake Plant","floor":31.0,"turns":3.0},{"damage":30.0,"enemies":"Champ","floor":33.0,"turns":4.0},{"damage":18.0,"enemies":"Orb Walker","floor":35.0,"turns":2.0},{"damage":15.0,"enemies":"3 Darklings","floor":36.0,"turns":2.0},{"damage":21.0,"enemies":"Sphere and 2 Shapes","floor":37.0,"turns":3.0},{"damage":15.0,"enemies":"Jaw Worm Horde","floor":38.0,"turns":2.0},{"damage":15.0,"enemies":"Reptomancer","floor":40.0,"turns":2.0},{"damage":15.0,"enemies":"3 Darklings","floor":41.0,"turns":2.0},{"damage":36,"enemies":"4 Shapes","floor":44,"turns":2},{"damage":12,"enemies":"Sphere and 2 Shapes","floor":45,"turns":3},{"damage":12,"enemies":"Giant Head","floor":46,"turns":1},{"damage":15,"enemies":"Jaw Worm Horde","floor":47,"turns":1},{"damage":33,"enemies":"Transient","floor":48,"turns":3},{"damage":25,"enemies":"Awakened One","floor":50,"turns":3},{"damage":30,"enemies":"Donu and Deca","floor":51,"turns":2},{"damage":29,"enemies":"Shield and Spear","floor":55,"turns":2},{"damage":32,"enemies":"The Heart","floor":56,"turns":5}],"seed_played":"-509371250842823854","potions_obtained":[{"floor":1.0,"key":"BloodPotion"},{"floor":6.0,"key":"SmokeBomb"},{"floor":11.0,"key":"Regen Potion"},{"floor":16.0,"key":"FearPotion"},{"floor":22.0,"key":"ElixirPotion"},{"floor":30.0,"key":"Fruit Juice"},{"floor":40.0,"key":"EssenceOfSteel"},{"floor":41.0,"key":"FairyPotion"},{"floor":45,"key":"GamblersBrew"}],"is_trial":false,"path_per_floor":["M","?","?","M","$","E","M","E","T","R","M","$","E","M","R","B",null,"M","?","M","?","M","R","?","E","T","?","R","M","E","M","R","B",null,"M","M","M","M","?","E","M","$","T","M","M","E","M","M","R","B","B",null,"R","$","E","B",null],"character_chosen":"IRONCLAD","items_purchased":["Offering","AT_GoldPhoenixTree"],"campfire_rested":0,"item_purchase_floors":[42,54],"current_hp_per_floor":[68,68,68,57,57,48,52,58,58,58,41,41,36,30,30,31,59,42,42,36,36,68,68,68,68,68,66,66,66,73,61,61,37,64,52,43,28,73,73,64,55,55,55,73,67,61,52,73,73,54,30,62,62,62,39,73],"gold":69,"neow_bonus":"ONE_RARE_RELIC","is_daily":false,"chose_seed":false,"campfire_upgraded":6,"win_rate":0.0,"timestamp":1610186332,"path_taken":["M","?","?","M","$","E","?","E","T","R","M","$","E","M","R","BOSS","M","?","M","?","M","R","?","E","T","?","R","?","E","M","R","BOSS","M","M","M","M","?","E","?","$","T","M","M","E","M","M","R","BOSS","BOSS","R","$","E","BOSS"],"items_purchased_type":["Card","Relic"],"build_version":"2020-12-22","purchased_purges":3,"victory":true,"max_hp_per_floor":[75,68,68,68,68,68,68,68,68,68,68,68,68,68,68,68,68,68,68,68,68,68,68,68,68,68,68,68,68,73,73,73,73,73,73,73,73,73,73,73,73,73,73,73,73,73,73,73,73,73,73,73,73,73,73,73],"card_choices":[{"not_picked":["Burning Pact","Ghostly Armor"],"picked":"Bloodletting","floor":1.0},{"not_picked":["Anger","Wild Strike"],"picked":"Burning Pact","floor":4.0},{"not_picked":["Pummel","Hemokinesis","Warcry"],"picked":"SKIP","floor":6.0},{"not_picked":["AT_IchimonjiDouble","Sword Boomerang","Clothesline","Cleave"],"picked":"SKIP","floor":7.0},{"not_picked":["Pommel Strike","Headbutt","Body Slam"],"picked":"Offering","floor":11.0},{"not_picked":["Heavy Blade","Iron Wave","Havoc"],"picked":"Barricade","floor":13.0},{"not_picked":["Combust","AT_GerminateFire","Pommel Strike"],"picked":"Armaments","floor":14.0},{"not_picked":["Demon Form","Brutality","Corruption"],"picked":"AT_Dispersion","floor":16.0},{"not_picked":["Intimidate","Clothesline","Rupture","AT_DrawKnifeCut"],"picked":"SKIP","floor":18.0},{"not_picked":["Twin Strike","Heavy Blade+1","Perfected Strike"],"picked":"Entrench","floor":20.0},{"not_picked":["Sword Boomerang","Thunderclap","Body Slam"],"picked":"Battle Trance","floor":22.0},{"not_picked":["Sentinel","Clash","Seeing Red","Perfected Strike"],"picked":"SKIP","floor":25.0},{"not_picked":["Twin Strike","Iron Wave","Hemokinesis","Inflame+1"],"picked":"SKIP","floor":29.0},{"not_picked":["Havoc","Intimidate+1","Searing Blow","Wild Strike"],"picked":"SKIP","floor":30.0},{"not_picked":["Twin Strike","Sword Boomerang","Armaments","Perfected Strike"],"picked":"SKIP","floor":31.0},{"not_picked":["Immolate","AT_Dispersion+1","Reaper"],"picked":"Offering","floor":33.0},{"not_picked":["Sword Boomerang","AT_IchimonjiDouble","Dropkick","Uppercut+1"],"picked":"SKIP","floor":35.0},{"not_picked":["Thunderclap","AT_ManFootWork","Twin Strike","Evolve+1"],"picked":"SKIP","floor":36.0},{"not_picked":["Hemokinesis+1","Immolate","Pummel","Perfected Strike"],"picked":"SKIP","floor":37.0},{"not_picked":["Havoc","Warcry","Sentinel"],"picked":"Shrug It Off+1","floor":38.0},{"not_picked":["Evolve+1","Iron Wave","Reckless Charge","Perfected Strike"],"picked":"SKIP","floor":40.0},{"not_picked":["Pommel Strike","Metallicize+1","Twin Strike","Wild Strike+1"],"picked":"SKIP","floor":41.0},{"not_picked":["AT_CaressingTears+1","Cleave","AT_ManFootWork","Second Wind"],"picked":"SKIP","floor":44},{"not_picked":["Headbutt","Warcry","Heavy Blade","Iron Wave"],"picked":"SKIP","floor":45},{"not_picked":["AT_Dispersion+1","Twin Strike","Flex","Reckless Charge"],"picked":"SKIP","floor":46},{"not_picked":["Rupture+1","Body Slam","AT_IchimonjiDouble","Searing Blow"],"picked":"SKIP","floor":47},{"not_picked":["Wild Strike","Sentinel","Clothesline","Double Tap"],"picked":"SKIP","floor":48},{"not_picked":["Searing Blow","Reckless Charge","Spot Weakness+1","Sever Soul"],"picked":"SKIP","floor":55}],"player_experience":441251,"relics_obtained":[{"floor":6.0,"key":"Question Card"},{"floor":9.0,"key":"AT_ImmortalShieldbow"},{"floor":13.0,"key":"Mercury Hourglass"},{"floor":25.0,"key":"Frozen Egg 2"},{"floor":27.0,"key":"Paper Frog"},{"floor":27.0,"key":"AT_BladeRuinedKing"},{"floor":30.0,"key":"Oddly Smooth Stone"},{"floor":40.0,"key":"Art of War"},{"floor":43,"key":"Mummified Hand"},{"floor":46,"key":"Shuriken"},{"floor":55,"key":"Akabeko"}],"event_choices":[{"damage_healed":0.0,"max_hp_gain":0.0,"max_hp_loss":7.0,"gold_gain":0.0,"event_name":"Golden Idol","player_choice":"Lose Max HP","floor":2.0,"gold_loss":0.0,"damage_taken":0.0,"relics_obtained":["Golden Idol"]},{"damage_healed":0.0,"max_hp_gain":0.0,"max_hp_loss":0.0,"gold_gain":0.0,"event_name":"Upgrade Shrine","player_choice":"Upgraded","floor":3.0,"gold_loss":0.0,"damage_taken":0.0,"cards_upgraded":["AT_KneejerkReflex"]},{"damage_healed":0.0,"max_hp_gain":0.0,"max_hp_loss":0.0,"gold_gain":0.0,"event_name":"Vampires","player_choice":"Ignored","floor":19.0,"gold_loss":0.0,"damage_taken":0.0},{"cards_removed":["Bash"],"damage_healed":0.0,"max_hp_gain":0.0,"max_hp_loss":0.0,"gold_gain":0.0,"event_name":"Beggar","player_choice":"Gave Gold","floor":21.0,"gold_loss":75.0,"damage_taken":0.0},{"damage_healed":0.0,"max_hp_gain":0.0,"max_hp_loss":0.0,"gold_gain":0.0,"cards_transformed":["AT_CaressingTears","AT_DiedThrough"],"event_name":"Drug Dealer","player_choice":"Became Test Subject","floor":24.0,"gold_loss":0.0,"damage_taken":0.0,"cards_obtained":["Impervious","AT_ShrugMaster"]},{"damage_healed":0.0,"max_hp_gain":0.0,"max_hp_loss":0.0,"gold_gain":0.0,"event_name":"Colosseum","player_choice":"Fight","floor":27.0,"gold_loss":0.0,"damage_taken":0.0},{"damage_healed":0.0,"max_hp_gain":0.0,"max_hp_loss":0.0,"gold_gain":0.0,"event_name":"Colosseum","player_choice":"Fought Nobs","floor":27.0,"gold_loss":0.0,"damage_taken":0.0},{"cards_removed":["Rupture"],"damage_healed":0.0,"max_hp_gain":0.0,"max_hp_loss":0.0,"gold_gain":0.0,"event_name":"Purifier","player_choice":"Purged","floor":39.0,"gold_loss":0.0,"damage_taken":0.0}],"is_beta":false,"boss_relics":[{"not_picked":["AT_MortalBlade","Tiny House"],"picked":"Pandora\u0027s Box"},{"not_picked":["Snecko Eye","SacredBark"],"picked":"Empty Cage"}],"items_purged_floors":[12,42,54],"is_endless":false,"potions_floor_spawned":[1,6,11,16,22,27,30,40,41,45,46,55],"ascension_level":20}}