{"host":"ekyl8r8j8fco3zlk","time":1610171925,"event":{"mods":["ATMod(∞¢Ë™Mod)","Act Like it!","Arknights The Spire","BaseMod","CapriCore","Decade(Õı–°√˜)","Friendly Minions","Gensokyo","Hallownest","Lobotomy","LobotomyExtend","Marisa£®ÏF”Í°°ƒß¿Ì…≥£©","Minty Spire (QoL Compilation)","READ ME - Guardian Mod","Rare Cards Sparkle","Reimu£®≤©¿ˆ¡È√Œ£©","StSLib","The Alterego","The Animator","The Bug Knight","The Immortal","The Jungle","Waifu the Spire","WarShipGirlsR/’ΩΩ¢…Ÿ≈ÆR mod","°æ“≈ŒÔø®≈∆°øREMEMod"],"gold_per_floor":[109,128,128,88,98,131,147,166,211,223,252,275,314,326,338,472,484,515,527,567,590,616,628,7,7,7,7,32,132,132,143,143,246,246,257,307,307,326,15,49,65,95,95,95,95,95],"floor_reached":45,"playtime":1860,"items_purged":[],"score":580,"play_id":"887f92fa-bee7-49e5-946b-7c70b8b4cb7a","local_time":"20210109135845","is_ascension_mode":false,"campfire_choices":[{"data":"ats:Part Time Job","floor":10,"key":"SMITH"},{"floor":15,"key":"REST"},{"data":"ats:Childhood Dance","floor":23,"key":"SMITH"},{"data":"ats:Roar Of Ursus","floor":27,"key":"SMITH"},{"data":"ats:Composite Medical Shells","floor":30,"key":"SMITH"},{"data":"ats:Demon Strength","floor":32,"key":"SMITH"}],"circlet_count":0,"master_deck":["ats:Strike C","ats:Strike G","ats:Strike S","ats:Strike V","ats:Armor Crushing Shot","ats:Defend","ats:Defend","ats:Defend","ats:Defend","ats:Emotion Absorption","ats:Powerful Strike","ats:Explosion Area Strengthen","ats:Hammer On","ats:Leaping Hammer","ats:Support Order","ats:Part Time Job+1","ats:Chain Hook","ats:Magnetic Hammer","ats:Charging Defense","ats:Shadow Assault","ats:Roar Of Ursus+1","AT_EmpoweredMortalDraw","ats:Childhood Dance+1","ats:Wolf Pack","ats:Healing Drone","ats:Composite Medical Shells+1","ats:Disruption Kick","ats:Demon Strength+1","ats:Healing Drone+1","ats:Poison Spread+1","ats:True Silver Slash","ats:Defend Order","ats:Sword Rain","ats:Steam Pump+1","ats:Thorns+1","ats:Counter Healing Mode","ats:Soul Absorption","ats:Apocalypse+1"],"relics":["ats:Sanity","AT_ATBox","REME_ComplimentaryCards","LetterFromLob","RuthlessExorcism:ReiMu","ats:Originium","Kunai","MawBank","REME_PuzzleBoxRelic","AT_MortalBlade","Eternal Feather","Bag of Marbles","AT_DeathDance","ats:Rhine Circuitry","AT_TrinityForce","Mango","Letter Opener","AT_GoldPhoenixTree","Bottled Flame","The Courier"],"acts_visited":["Exordium","TheCity","TheBeyond"],"potions_floor_usage":[6,6,28,28,45],"damage_taken":[{"damage":6,"enemies":"Small Slimes","floor":1,"turns":3},{"damage":0,"enemies":"2 Louse","floor":2,"turns":2},{"damage":6,"enemies":"Cultist","floor":5,"turns":3},{"damage":18,"enemies":"Lagavulin","floor":6,"turns":3},{"damage":9,"enemies":"2 Fungi Beasts","floor":7,"turns":2},{"damage":10,"enemies":"Looter","floor":8,"turns":3},{"damage":0,"enemies":"Exordium Thugs","floor":11,"turns":3},{"damage":0,"enemies":"Lots of Slimes","floor":12,"turns":2},{"damage":15,"enemies":"3 Sentries","floor":13,"turns":6},{"damage":14,"enemies":"Slime Boss","floor":16,"turns":8},{"damage":3,"enemies":"2 Thieves","floor":18,"turns":2},{"damage":0,"enemies":"Spheric Guardian","floor":20,"turns":2},{"damage":16,"enemies":"Cultist and Chosen","floor":21,"turns":5},{"damage":19,"enemies":"Sentry and Sphere","floor":22,"turns":4},{"damage":0,"enemies":"Slavers","floor":28,"turns":1},{"damage":0,"enemies":"Snecko","floor":31,"turns":2},{"damage":54,"enemies":"Collector","floor":33,"turns":7},{"damage":1,"enemies":"3 Darklings","floor":35,"turns":2},{"damage":0,"enemies":"Mind Bloom Boss Battle","floor":36,"turns":4},{"damage":2,"enemies":"Orb Walker","floor":38,"turns":2},{"damage":48,"enemies":"Giant Head","floor":40,"turns":8},{"damage":21,"enemies":"Spire Growth","floor":41,"turns":3},{"damage":22,"enemies":"Reptomancer","floor":42,"turns":5},{"damage":13,"enemies":"Writhing Mass","floor":45,"turns":3}],"seed_played":"-6083706560236754421","potions_obtained":[{"floor":4,"key":"Weak Potion"},{"floor":4,"key":"Strength Potion"},{"floor":4,"key":"FearPotion"},{"floor":8,"key":"GrandPatriotsElixir:ReiMu"},{"floor":11,"key":"Explosive Potion"},{"floor":12,"key":"Ancient Potion"},{"floor":20,"key":"EssenceOfSteel"},{"floor":20,"key":"CultistPotion"},{"floor":21,"key":"DuplicationPotion"},{"floor":31,"key":"ZuzhouPotion:ReiMu"},{"floor":38,"key":"GamblersBrew"},{"floor":40,"key":"LiquidMemories"},{"floor":42,"key":"Energy Potion"}],"is_trial":false,"path_per_floor":["M","M","?","?","M","E","M","M","T","R","M","M","E","?","R","B",null,"M","?","M","M","M","R","$","E","T","R","E","?","R","M","R","B",null,"M","?","?","M","$","E","M","E","T","?","M"],"character_chosen":"DOCTOR_CLASS","items_purchased":["Eternal Feather","Bag of Marbles","ats:Disruption Kick","ats:Demon Strength","ats:Counter Healing Mode","Letter Opener"],"campfire_rested":1,"item_purchase_floors":[24,24,24,24,39,39],"current_hp_per_floor":[66,66,63,63,57,39,30,20,20,20,22,22,17,17,38,38,72,69,69,69,65,58,58,58,58,58,72,72,72,72,72,72,29,72,72,86,78,76,76,46,31,9,9,9,0,0],"gold":95,"neow_bonus":"THREE_CARDS","is_daily":false,"chose_seed":false,"campfire_upgraded":5,"win_rate":0.0,"timestamp":1610171925,"path_taken":["M","M","?","?","?","E","M","M","T","R","M","M","E","?","R","BOSS","M","?","M","?","?","R","$","E","T","R","E","?","R","?","R","BOSS","M","?","?","?","$","E","M","E","T","?","?"],"items_purchased_type":["Relic","Relic","Card","Card","Card","Relic"],"build_version":"2020-12-22","purchased_purges":0,"victory":false,"max_hp_per_floor":[72,72,72,72,72,72,72,72,72,72,72,72,72,72,72,72,72,72,72,72,72,72,72,72,72,72,72,72,72,72,72,72,72,72,72,86,86,86,86,86,86,86,86,86,86,86],"card_choices":[{"not_picked":["ats:Sunburst","ats:Guardian Obelisk"],"picked":"ats:Powerful Strike","floor":0},{"not_picked":["ats:Revitalization","ats:Magnetic Hammer"],"picked":"ats:Explosion Area Strengthen","floor":1},{"not_picked":["ats:Leaping Hammer","ats:Curse Doll"],"picked":"ats:Hammer On","floor":2},{"not_picked":["ats:Guardian Obelisk","ats:Ignite"],"picked":"ats:Leaping Hammer","floor":5},{"not_picked":["ats:Ignite","ats:Flexible Camouflage"],"picked":"ats:Support Order","floor":6},{"not_picked":["ats:Counter Healing Mode","ats:Cat Scratch"],"picked":"ats:Part Time Job","floor":7},{"not_picked":["ats:Shadow Raid","ats:Revitalization"],"picked":"ats:Chain Hook","floor":8},{"not_picked":["ats:Revitalization","ats:Shell Defense"],"picked":"ats:Magnetic Hammer","floor":11},{"not_picked":["ats:Curse Doll","ats:Spore Proliferation"],"picked":"ats:Charging Defense","floor":12},{"not_picked":["ats:Revitalization","ats:Demon Strength"],"picked":"ats:Shadow Assault","floor":13},{"not_picked":["ats:Volcano","ats:Shadow Assault"],"picked":"ats:Roar Of Ursus","floor":16},{"not_picked":["ats:Powerful Strike+1","ats:Shadow Raid"],"picked":"ats:Childhood Dance","floor":18},{"not_picked":["ats:Leaping Hammer","ats:Steam Pump"],"picked":"ats:Healing Drone","floor":20},{"not_picked":["ats:Explosion Area Strengthen","ats:Revitalization"],"picked":"ats:Composite Medical Shells","floor":21},{"not_picked":["ats:Red Shift","ats:Childhood Dance","ats:Support Order"],"picked":"SKIP","floor":22},{"not_picked":["ats:Beaten Up","ats:Overload"],"picked":"ats:Healing Drone+1","floor":28},{"not_picked":["ats:Red Shift","ats:Explosion Area Strengthen"],"picked":"ats:Poison Spread+1","floor":31},{"not_picked":["ats:Volcano","ats:Soul Rend"],"picked":"ats:True Silver Slash","floor":33},{"not_picked":["ats:Chain Hook+1","ats:Cat Scratch+1"],"picked":"ats:Sword Rain","floor":35},{"not_picked":["ats:Cat Scratch","ats:Apocalypse"],"picked":"ats:Steam Pump+1","floor":36},{"not_picked":["ats:Nebulous Foxfire","ats:Assault Order+1"],"picked":"ats:Thorns+1","floor":38},{"not_picked":["ats:Cat Scratch+1","ats:Sword Rain+1"],"picked":"ats:Soul Absorption","floor":40},{"not_picked":["ats:Thorns","ats:Hammer On","ats:Poison Spread+1"],"picked":"SKIP","floor":41},{"not_picked":["ats:Ignite+1","ats:Cat Scratch"],"picked":"ats:Apocalypse+1","floor":42}],"player_experience":839248,"relics_obtained":[{"floor":1,"key":"LetterFromLob"},{"floor":6,"key":"ats:Originium"},{"floor":6,"key":"Kunai"},{"floor":9,"key":"MawBank"},{"floor":13,"key":"ats:Originium"},{"floor":13,"key":"REME_PuzzleBoxRelic"},{"floor":26,"key":"AT_DeathDance"},{"floor":28,"key":"ats:Originium"},{"floor":28,"key":"ats:Rhine Circuitry"},{"floor":36,"key":"Mango"},{"floor":40,"key":"AT_GoldPhoenixTree"},{"floor":42,"key":"Bottled Flame"},{"floor":43,"key":"The Courier"}],"event_choices":[{"damage_healed":0,"gold_gain":0,"player_choice":"Success","damage_taken":3,"relics_obtained":["RuthlessExorcism:ReiMu"],"max_hp_gain":0,"max_hp_loss":0,"event_name":"Scrap Ooze","floor":3,"gold_loss":0},{"damage_healed":0,"gold_gain":0,"player_choice":"Bought 3 Potions","damage_taken":0,"max_hp_gain":0,"max_hp_loss":0,"event_name":"The Woman in Blue","floor":4,"gold_loss":0},{"damage_healed":0,"gold_gain":0,"player_choice":"1 cards matched","damage_taken":0,"max_hp_gain":0,"max_hp_loss":0,"event_name":"Match and Keep!","floor":19,"gold_loss":0,"cards_obtained":["ats:Wolf Pack"]},{"damage_healed":0,"gold_gain":100,"player_choice":"Pray","damage_taken":0,"max_hp_gain":0,"max_hp_loss":0,"event_name":"Golden Shrine","floor":29,"gold_loss":0},{"damage_healed":0,"gold_gain":0,"player_choice":"Fight","damage_taken":0,"max_hp_gain":0,"max_hp_loss":0,"event_name":"MindBloom","floor":36,"gold_loss":0},{"damage_healed":0,"gold_gain":0,"player_choice":"Damaged","damage_taken":8,"max_hp_gain":0,"max_hp_loss":0,"event_name":"Wheel of Change","floor":37,"gold_loss":0},{"damage_healed":0,"gold_gain":0,"player_choice":"Got Potions","damage_taken":0,"max_hp_gain":0,"max_hp_loss":0,"event_name":"Lab","floor":44,"gold_loss":0}],"is_beta":false,"boss_relics":[{"not_picked":["Tiny House","Sozu"],"picked":"AT_MortalBlade"},{"not_picked":["Busted Crown","REME_ChargedStone"],"picked":"AT_TrinityForce"}],"items_purged_floors":[],"is_endless":false,"potions_floor_spawned":[5,8,11,12,20,21,22,31,38,40,42],"killed_by":"Writhing Mass","ascension_level":0}}