{"host":"ao4lxi9bhtts409i","time":1610217381,"event":{"mods":["AchievementEnabler","BaseMod","Colored Map","Colored Powertips","Minty Spire (QoL Compilation)","SuperFastMode"],"gold_per_floor":[113,63,63,63,76,104,104,131,131,131,131,150,150,180,180,281,281,301,320,245,245,263,295,295,313,313,313,343,361,373,403,403,501,501,520,575,208,178,188,236,236,263,263,263,263,263,22,48,48,48,48,48,48,80,80,80],"floor_reached":55,"playtime":3422,"items_purged":["Strike_P"],"score":1073,"play_id":"97e9cef5-bdbd-415e-b749-e9f20525fb55","local_time":"20210109193621","is_ascension_mode":true,"campfire_choices":[{"data":"ReachHeaven","floor":7,"key":"SMITH"},{"data":"Eruption","floor":10,"key":"SMITH"},{"data":"ForeignInfluence","floor":15,"key":"SMITH"},{"floor":27,"key":"REST"},{"floor":32,"key":"REST"},{"floor":45,"key":"RECALL"},{"floor":49,"key":"REST"},{"floor":52,"key":"REST"}],"circlet_count":0,"master_deck":["Defend_P","Defend_P","Defend_P","Eruption+1","Vigilance","FlurryOfBlows","Meditate","ReachHeaven+1","Tantrum+1","MasterReality","InnerPeace","FlurryOfBlows+1","Halt+1","ClearTheMind+1","Pray","Tantrum+1","EmptyFist+1","TalkToTheHand+1","SandsOfTime+1","TalkToTheHand+1","CutThroughFate+1","Alpha","FlurryOfBlows+1","FlurryOfBlows+1","Vault","FlurryOfBlows+1"],"relics":["PureWater","NeowsBlessing","Dead Branch","Letter Opener","Molten Egg 2","Mercury Hourglass","MealTicket","Fusion Hammer","Prayer Wheel","Pantograph","Sundial","Dream Catcher","Question Card","Black Star","Ginger","TungstenRod","Bottled Lightning","Gremlin Horn","Bag of Marbles","Toxic Egg 2","Mummified Hand","Eternal Feather","Bronze Scales","Kunai","Pear"],"acts_visited":["Exordium","TheCity","TheBeyond","TheEnding"],"potions_floor_usage":[23,23,31,31,31,40,42,50,50,50,50,55],"damage_taken":[{"damage":0,"enemies":"Cultist","floor":1,"turns":1},{"damage":0,"enemies":"Jaw Worm","floor":5,"turns":1},{"damage":0,"enemies":"Lagavulin","floor":6,"turns":2},{"damage":9,"enemies":"3 Sentries","floor":8,"turns":5},{"damage":0,"enemies":"2 Louse","floor":12,"turns":2},{"damage":0,"enemies":"Gremlin Nob","floor":14,"turns":2},{"damage":0,"enemies":"Slime Boss","floor":16,"turns":3},{"damage":0,"enemies":"2 Thieves","floor":18,"turns":2},{"damage":5,"enemies":"3 Byrds","floor":19,"turns":3},{"damage":5,"enemies":"Sentry and Sphere","floor":22,"turns":3},{"damage":19,"enemies":"Slavers","floor":23,"turns":3},{"damage":17,"enemies":"Snake Plant","floor":25,"turns":3},{"damage":2,"enemies":"Book of Stabbing","floor":28,"turns":3},{"damage":0,"enemies":"Snecko","floor":29,"turns":3},{"damage":17,"enemies":"Shelled Parasite and Fungi","floor":30,"turns":3},{"damage":19,"enemies":"Slavers","floor":31,"turns":2},{"damage":22,"enemies":"Automaton","floor":33,"turns":4},{"damage":0,"enemies":"Orb Walker","floor":35,"turns":2},{"damage":0,"enemies":"2 Orb Walkers","floor":36,"turns":2},{"damage":0,"enemies":"3 Shapes","floor":39,"turns":3},{"damage":0,"enemies":"Reptomancer","floor":40,"turns":3},{"damage":2,"enemies":"Nemesis","floor":42,"turns":5},{"damage":0,"enemies":"Reptomancer","floor":48,"turns":3},{"damage":30,"enemies":"Time Eater","floor":50,"turns":6},{"damage":16,"enemies":"Shield and Spear","floor":54,"turns":5},{"damage":172,"enemies":"The Heart","floor":55,"turns":7}],"seed_played":"1027101939630311649","potions_obtained":[{"floor":8,"key":"BottledMiracle"},{"floor":11,"key":"Swift Potion"},{"floor":11,"key":"Ancient Potion"},{"floor":12,"key":"Ancient Potion"},{"floor":16,"key":"Regen Potion"},{"floor":28,"key":"FearPotion"},{"floor":30,"key":"ColorlessPotion"},{"floor":31,"key":"SpeedPotion"},{"floor":33,"key":"Dexterity Potion"},{"floor":36,"key":"ColorlessPotion"},{"floor":38,"key":"FearPotion"},{"floor":38,"key":"EntropicBrew"},{"floor":40,"key":"Swift Potion"},{"floor":48,"key":"Fire Potion"}],"is_trial":false,"path_per_floor":["M","?","?","?","M","E","R","E","T","R","?","M","T","E","R","B",null,"M","M","?","?","M","E","T","M","T","R","E","M","M","E","R","B",null,"M","?","$","?","M","E","?","E","T","?","R","?","$","E","R","B",null,"R","$","E","B"],"character_chosen":"WATCHER","items_purchased":["TungstenRod","Mummified Hand"],"campfire_rested":4,"item_purchase_floors":[37,47],"current_hp_per_floor":[72,72,65,65,65,65,65,56,56,56,56,56,56,56,56,56,72,72,67,67,67,62,52,52,35,35,56,54,54,37,18,39,42,72,72,72,72,72,72,72,72,70,70,70,70,70,72,72,72,42,72,72,72,66,0,0],"gold":80,"neow_bonus":"THREE_ENEMY_KILL","is_daily":false,"chose_seed":false,"campfire_upgraded":3,"win_rate":0.0,"timestamp":1610217381,"path_taken":["M","?","?","?","M","E","R","E","T","R","?","?","?","E","R","BOSS","M","M","?","?","M","E","?","M","T","R","E","M","?","E","R","BOSS","M","?","$","?","?","E","?","E","T","?","R","?","$","E","R","BOSS","R","$","E","BOSS"],"items_purchased_type":["Relic","Relic"],"build_version":"2020-12-22","purchased_purges":1,"victory":false,"max_hp_per_floor":[72,72,72,72,72,72,72,72,72,72,72,72,72,72,72,72,72,72,72,72,72,72,72,72,72,72,72,72,72,72,72,72,72,72,72,72,72,72,72,72,72,72,72,72,72,72,72,72,72,72,72,72,72,82,82,82],"card_choices":[{"not_picked":["Evaluate","FearNoEvil"],"picked":"FlurryOfBlows","floor":1},{"not_picked":["Worship","PathToVictory"],"picked":"Meditate","floor":5},{"not_picked":["Prostrate","SashWhip"],"picked":"ReachHeaven","floor":6},{"not_picked":["Protect","CrushJoints"],"picked":"ForeignInfluence","floor":8},{"not_picked":["Evaluate","ForeignInfluence","WaveOfTheHand"],"picked":"SKIP","floor":12},{"not_picked":["Establishment","BowlingBash+1"],"picked":"Tantrum+1","floor":14},{"not_picked":["Judgement","Omniscience"],"picked":"MasterReality","floor":16},{"not_picked":["Protect+1","JustLucky+1"],"picked":"InnerPeace","floor":18},{"not_picked":["FollowUp+1","ClearTheMind+1"],"picked":"FlurryOfBlows+1","floor":19},{"not_picked":["Evaluate","PathToVictory"],"picked":"Halt+1","floor":22},{"not_picked":["DevaForm","Vengeance"],"picked":"ClearTheMind+1","floor":23},{"not_picked":["ThirdEye","EmptyBody"],"picked":"Pray","floor":25},{"not_picked":["Meditate+1","ThirdEye","ForeignInfluence"],"picked":"SKIP","floor":25},{"not_picked":["Indignation","ClearTheMind","BowlingBash+1"],"picked":"SKIP","floor":28},{"not_picked":["Halt","Consecrate+1"],"picked":"Tantrum+1","floor":29},{"not_picked":["Meditate","DeceiveReality"],"picked":"EmptyFist+1","floor":29},{"not_picked":["WaveOfTheHand+1","EmptyBody"],"picked":"TalkToTheHand+1","floor":30},{"not_picked":["PathToVictory","InnerPeace+1"],"picked":"SandsOfTime+1","floor":30},{"not_picked":["Halt+1","BowlingBash+1"],"picked":"TalkToTheHand+1","floor":31},{"not_picked":["ClearTheMind","FlyingSleeves+1","SashWhip+1"],"picked":"CutThroughFate+1","floor":32},{"not_picked":["Judgement","Ragnarok+1","DevaForm"],"picked":"Alpha","floor":33},{"not_picked":["EmptyBody","InnerPeace","BowlingBash+1"],"picked":"FlurryOfBlows+1","floor":35},{"not_picked":["BowlingBash+1","CarveReality+1","FearNoEvil+1"],"picked":"FlurryOfBlows+1","floor":35},{"not_picked":["JustLucky+1","Consecrate+1","Fasting2"],"picked":"Vault","floor":36},{"not_picked":["EmptyFist+1","Wallop+1","ThirdEye+1","EmptyBody+1"],"picked":"SKIP","floor":39},{"not_picked":["Crescendo","CutThroughFate+1","JustLucky+1","FollowUp+1"],"picked":"SKIP","floor":39},{"not_picked":["Blasphemy","Evaluate+1","LessonLearned+1","Halt"],"picked":"SKIP","floor":40},{"not_picked":["Collect+1","Consecrate+1","BowlingBash+1","SashWhip+1"],"picked":"SKIP","floor":42},{"not_picked":["Vengeance+1","JustLucky+1","Protect+1","Halt+1"],"picked":"SKIP","floor":48},{"not_picked":["CrushJoints+1","Consecrate+1","CutThroughFate+1"],"picked":"FlurryOfBlows+1","floor":49},{"not_picked":["EmptyFist+1","FlyingSleeves+1","Ragnarok+1","InnerPeace+1"],"picked":"SKIP","floor":54}],"player_experience":191586,"relics_obtained":[{"floor":6,"key":"Dead Branch"},{"floor":8,"key":"Letter Opener"},{"floor":9,"key":"Molten Egg 2"},{"floor":13,"key":"Mercury Hourglass"},{"floor":14,"key":"MealTicket"},{"floor":23,"key":"Prayer Wheel"},{"floor":24,"key":"Pantograph"},{"floor":26,"key":"Sundial"},{"floor":28,"key":"Dream Catcher"},{"floor":31,"key":"Question Card"},{"floor":36,"key":"Ginger"},{"floor":40,"key":"Bottled Lightning"},{"floor":40,"key":"Gremlin Horn"},{"floor":42,"key":"Bag of Marbles"},{"floor":42,"key":"Toxic Egg 2"},{"floor":48,"key":"Eternal Feather"},{"floor":48,"key":"Bronze Scales"},{"floor":54,"key":"Kunai"},{"floor":54,"key":"Pear"}],"event_choices":[{"cards_removed":["Strike_P"],"damage_healed":0,"gold_gain":0,"player_choice":"Card Removal","damage_taken":0,"max_hp_gain":0,"max_hp_loss":0,"event_name":"The Cleric","floor":2,"gold_loss":50},{"cards_removed":["Strike_P"],"damage_healed":0,"gold_gain":0,"player_choice":"Card Removal","damage_taken":7,"max_hp_gain":0,"max_hp_loss":0,"event_name":"Golden Wing","floor":3,"gold_loss":0},{"damage_healed":0,"gold_gain":0,"player_choice":"Ignored","damage_taken":0,"max_hp_gain":0,"max_hp_loss":0,"event_name":"Liars Game","floor":4,"gold_loss":0},{"damage_healed":0,"gold_gain":0,"player_choice":"Got Potions","damage_taken":0,"max_hp_gain":0,"max_hp_loss":0,"event_name":"Lab","floor":11,"gold_loss":0},{"cards_removed":["Strike_P"],"damage_healed":0,"gold_gain":0,"player_choice":"Gave Gold","damage_taken":0,"max_hp_gain":0,"max_hp_loss":0,"event_name":"Beggar","floor":20,"gold_loss":75},{"damage_healed":0,"gold_gain":0,"player_choice":"Ignored","damage_taken":0,"max_hp_gain":0,"max_hp_loss":0,"event_name":"Ghosts","floor":21,"gold_loss":0},{"damage_healed":0,"gold_gain":0,"player_choice":"Fight","damage_taken":0,"max_hp_gain":0,"max_hp_loss":0,"event_name":"Mysterious Sphere","floor":36,"gold_loss":0},{"damage_healed":0,"gold_gain":0,"player_choice":"Bought 2 Potions","damage_taken":0,"max_hp_gain":0,"max_hp_loss":0,"event_name":"The Woman in Blue","floor":38,"gold_loss":0},{"damage_healed":0,"gold_gain":0,"player_choice":"Memory 1","damage_taken":0,"max_hp_gain":0,"max_hp_loss":0,"event_name":"SensoryStone","floor":41,"gold_loss":0},{"cards_removed":["ForeignInfluence"],"damage_healed":0,"gold_gain":0,"player_choice":"Removed Skill","damage_taken":0,"max_hp_gain":0,"max_hp_loss":0,"event_name":"Falling","floor":44,"gold_loss":0},{"cards_removed":["Defend_P"],"damage_healed":0,"gold_gain":0,"player_choice":"Offered Basic","damage_taken":0,"max_hp_gain":0,"max_hp_loss":0,"event_name":"Bonfire Elementals","floor":46,"gold_loss":0}],"is_beta":false,"boss_relics":[{"not_picked":["Coffee Dripper","SlaversCollar"],"picked":"Fusion Hammer"},{"not_picked":["Calling Bell","Tiny House"],"picked":"Black Star"}],"items_purged_floors":[37],"is_endless":false,"potions_floor_spawned":[8,12,16,28,30,31,33,36,40,48],"killed_by":"The Heart","ascension_level":1}}