{"host":"newqdrzxfhh2im9e","time":1610166563,"event":{"mods":["AchievementEnabler","BaseMod","BetterRewards","Block Reminder","Colored Map","Jorbs\u0027s Wanderer Trilogy","Minty Spire (QoL Compilation)","Rare Cards Sparkle","Shop Mod","StSLib"],"gold_per_floor":[210,210,16,26,26,53,53,64,64,76,91,103,118,153,153,153,153],"floor_reached":16,"playtime":377,"items_purged":[],"score":131,"play_id":"b31bacc3-2313-43af-a1b8-d1ac645a6deb","local_time":"20210108202923","is_ascension_mode":false,"campfire_choices":[{"data":"Ragnarok","floor":7,"key":"SMITH"},{"floor":15,"key":"REST"}],"circlet_count":0,"master_deck":["Strike_P","Strike_P","Strike_P","Strike_P+1","Defend_P","Defend_P","Defend_P","Eruption","Vigilance","Tantrum+1","Defend_G","Ragnarok+1","WindmillStrike","Conclude","WreathOfFlame","Indignation","SignatureMove","BattleHymn"],"relics":["PureWater","Oddly Smooth Stone","ClockworkSouvenir","Whetstone","Bottled Flame"],"acts_visited":["Exordium"],"potions_floor_usage":[4,6,8,13,14,16],"damage_taken":[{"damage":1,"enemies":"Cultist","floor":1,"turns":4},{"damage":4,"enemies":"2 Louse","floor":4,"turns":2},{"damage":0,"enemies":"Lagavulin","floor":6,"turns":2},{"damage":0,"enemies":"Small Slimes","floor":8,"turns":1},{"damage":0,"enemies":"3 Louse","floor":10,"turns":1},{"damage":6,"enemies":"Blue Slaver","floor":11,"turns":2},{"damage":10,"enemies":"Lots of Slimes","floor":12,"turns":2},{"damage":0,"enemies":"Looter","floor":13,"turns":1},{"damage":4,"enemies":"Gremlin Gang","floor":14,"turns":2},{"damage":52,"enemies":"The Guardian","floor":16,"turns":6}],"seed_played":"4072459901009271847","potions_obtained":[{"floor":4,"key":"SteroidPotion"},{"floor":6,"key":"Swift Potion"},{"floor":10,"key":"Dexterity Potion"},{"floor":12,"key":"GamblersBrew"},{"floor":13,"key":"ColorlessPotion"}],"is_trial":false,"path_per_floor":["M","?","$","M","?","E","R","M","T","M","M","M","M","M","R","B"],"character_chosen":"WATCHER","items_purchased":["ClockworkSouvenir","SkillPotion"],"campfire_rested":1,"item_purchase_floors":[3,3],"current_hp_per_floor":[71,53,53,49,49,49,49,49,49,49,43,33,33,29,50,0,0],"gold":153,"neow_bonus":"HUNDRED_GOLD","is_daily":false,"chose_seed":false,"campfire_upgraded":1,"win_rate":0.0,"timestamp":1610166563,"path_taken":["M","?","$","M","?","E","R","M","T","?","M","?","M","M","R","BOSS"],"items_purchased_type":["Relic","Potion"],"build_version":"2020-12-22","purchased_purges":0,"victory":false,"max_hp_per_floor":[72,72,72,72,72,72,72,72,72,72,72,72,72,72,72,72,72],"card_choices":[{"not_picked":["EmptyFist","FlyingSleeves","PathToVictory"],"picked":"SKIP","floor":1},{"not_picked":["Crescendo","Consecrate"],"picked":"Tantrum","floor":4},{"not_picked":["ThirdEye","EmptyMind"],"picked":"Ragnarok","floor":6},{"not_picked":["Crescendo","BowlingBash"],"picked":"WindmillStrike","floor":8},{"not_picked":["SashWhip","CutThroughFate"],"picked":"Conclude","floor":10},{"not_picked":["Halt","JustLucky"],"picked":"WreathOfFlame","floor":11},{"not_picked":["BowlingBash","Halt"],"picked":"Indignation","floor":12},{"not_picked":["FlyingSleeves","SashWhip"],"picked":"SignatureMove","floor":13},{"not_picked":["EmptyBody","Evaluate"],"picked":"BattleHymn","floor":14}],"player_experience":709036,"relics_obtained":[{"floor":6,"key":"Whetstone"},{"floor":9,"key":"Bottled Flame"}],"event_choices":[{"damage_healed":0,"gold_gain":0,"player_choice":"Success","damage_taken":18,"relics_obtained":["Oddly Smooth Stone"],"max_hp_gain":0,"max_hp_loss":0,"event_name":"Scrap Ooze","floor":2,"gold_loss":0},{"cards_removed":["Defend_P"],"damage_healed":0,"gold_gain":0,"player_choice":"Took Card","damage_taken":0,"max_hp_gain":0,"max_hp_loss":0,"event_name":"NoteForYourself","floor":5,"gold_loss":0,"cards_obtained":["Defend_G"]}],"is_beta":false,"boss_relics":[],"items_purged_floors":[],"is_endless":false,"potions_floor_spawned":[4,6,10,12,13],"killed_by":"The Guardian","ascension_level":0}}