{"host":"gg","time":1610225026,"event":{"mods":["BaseMod","Colored Map","Googly Eyes","Minty Spire (QoL Compilation)","Permanent Neow","Relic Stats","The IronCluck"],"gold_per_floor":[111,121,271,271,271,271,306,326,326,356,417,446,446,463,463,541,541,552,552,149,167,217,217,267,267,293,343,393,419,419,489,489,563,563,574,678,697,747,765,792,792,823,869,881,968,1030,1077,1139,1151,1163,1175,1187,1199,32,64,64],"floor_reached":57,"playtime":5292,"items_purged":["Strike_P"],"score":3073,"play_id":"53f720bb-e235-4c73-a938-ead83d8103de","local_time":"20210109124346","is_ascension_mode":true,"campfire_choices":[{"data":"Consecrate","floor":6.0,"key":"SMITH"},{"data":"Wallop","floor":13.0,"key":"SMITH"},{"data":"EmptyFist","floor":15.0,"key":"SMITH"},{"data":"Blasphemy","floor":23.0,"key":"SMITH"},{"data":"Eruption","floor":25.0,"key":"SMITH"},{"data":"RitualDagger","floor":30.0,"key":"SMITH"},{"data":"Vigilance","floor":32.0,"key":"SMITH"},{"data":"SignatureMove","floor":41.0,"key":"SMITH"},{"floor":44.0,"key":"RECALL"},{"data":"MentalFortress","floor":49.0,"key":"SMITH"},{"data":"Wireheading","floor":53.0,"key":"SMITH"}],"circlet_count":0,"master_deck":["AscendersBane","Strike_P","Strike_P","Strike_P","Defend_P","Eruption+1","Vigilance+1","Consecrate+1","CutThroughFate","Wallop+1","DevaForm","EmptyFist+1","Blasphemy+1","ForeignInfluence+1","Consecrate+1","WaveOfTheHand+1","MentalFortress+1","FlurryOfBlows","RitualDagger+1","CutThroughFate","MasterReality","Wallop+1","Meditate+1","Fasting2+1","Wireheading+1","Dark Shackles","Master of Strategy","Wallop","Vengeance"],"relics":["Coffee Dripper","SsserpentHead","Mango","Matryoshka","Omamori","Mummified Hand","Astrolabe","MealTicket","Bag of Marbles","MutagenicStrength","Bottled Flame","Potion Belt","WarpedTongs","FossilizedHelix","Philosopher\u0027s Stone","Thread and Needle","Juzu Bracelet","Sundial","MawBank","GoldenEye","Anchor","TungstenRod","Lantern","Lee\u0027s Waffle","Oddly Smooth Stone"],"acts_visited":["Exordium","TheCity","TheBeyond","TheEnding"],"potions_floor_usage":[56,56,56,56],"damage_taken":[{"damage":0.0,"enemies":"Cultist","floor":1.0,"turns":2.0},{"damage":0.0,"enemies":"2 Louse","floor":2.0,"turns":3.0},{"damage":22.0,"enemies":"Lagavulin","floor":7.0,"turns":7.0},{"damage":5.0,"enemies":"Small Slimes","floor":8.0,"turns":2.0},{"damage":0.0,"enemies":"Gremlin Nob","floor":10.0,"turns":3.0},{"damage":0.0,"enemies":"3 Louse","floor":11.0,"turns":3.0},{"damage":21.0,"enemies":"3 Sentries","floor":12.0,"turns":5.0},{"damage":0.0,"enemies":"Large Slime","floor":14.0,"turns":3.0},{"damage":14.0,"enemies":"Slime Boss","floor":16.0,"turns":7.0},{"damage":0.0,"enemies":"Spheric Guardian","floor":18.0,"turns":1.0},{"damage":4.0,"enemies":"Shell Parasite","floor":19.0,"turns":3.0},{"damage":0.0,"enemies":"Centurion and Healer","floor":21.0,"turns":5.0},{"damage":6.0,"enemies":"Book of Stabbing","floor":29.0,"turns":2.0},{"damage":0.0,"enemies":"Cultist and Chosen","floor":31.0,"turns":3.0},{"damage":18.0,"enemies":"Automaton","floor":33.0,"turns":6.0},{"damage":0.0,"enemies":"3 Darklings","floor":35.0,"turns":2.0},{"damage":24.0,"enemies":"2 Orb Walkers","floor":36.0,"turns":2.0},{"damage":0.0,"enemies":"Orb Walker","floor":37.0,"turns":1.0},{"damage":0.0,"enemies":"4 Shapes","floor":39.0,"turns":2.0},{"damage":0.0,"enemies":"Reptomancer","floor":40.0,"turns":1.0},{"damage":0.0,"enemies":"Nemesis","floor":42.0,"turns":1.0},{"damage":0.0,"enemies":"Mind Bloom Boss Battle","floor":45.0,"turns":2.0},{"damage":0.0,"enemies":"Reptomancer","floor":47.0,"turns":3.0},{"damage":30.0,"enemies":"Awakened One","floor":50.0,"turns":9.0},{"damage":11.0,"enemies":"Time Eater","floor":51.0,"turns":7.0},{"damage":0.0,"enemies":"Shield and Spear","floor":55.0,"turns":6.0},{"damage":92,"enemies":"The Heart","floor":56,"turns":9}],"seed_played":"1084342477336973794","potions_obtained":[{"floor":1.0,"key":"StancePotion"},{"floor":2.0,"key":"SmokeBomb"},{"floor":8.0,"key":"Swift Potion"},{"floor":12.0,"key":"Fruit Juice"},{"floor":16.0,"key":"BottledMiracle"},{"floor":29.0,"key":"Swift Potion"},{"floor":33.0,"key":"SmokeBomb"},{"floor":35.0,"key":"Fruit Juice"},{"floor":40.0,"key":"FearPotion"},{"floor":45.0,"key":"FearPotion"},{"floor":47.0,"key":"Block Potion"}],"is_trial":false,"path_per_floor":["M","M","?","?","?","R","E","M","T","E","M","E","R","M","R","B",null,"M","M","$","M","?","R","?","R","T","?","?","E","R","M","R","B",null,"M","?","M","?","M","E","R","E","T","R","?","?","E","?","R","B","B",null,"R","$","E","B",null],"character_chosen":"WATCHER","items_purchased":["MealTicket","Bag of Marbles","TungstenRod","Lantern","Lee\u0027s Waffle","Dark Shackles","Master of Strategy","Strength Potion","FearPotion","Wallop","Dexterity Potion"],"campfire_rested":0,"item_purchase_floors":[20,20,54,54,54,54,54,54,54,54,54],"current_hp_per_floor":[61,61,61,61,61,61,53,48,48,48,48,27,27,27,27,18,70,70,66,66,66,66,66,66,66,66,60,60,54,54,54,54,36,74,74,50,50,50,50,50,50,50,50,50,50,50,55,55,55,25,14,70,70,95,95,3],"gold":64,"neow_bonus":"BOSS_RELIC","is_daily":false,"chose_seed":false,"campfire_upgraded":10,"win_rate":0.0,"timestamp":1610225026,"path_taken":["M","?","?","?","?","R","E","M","T","E","?","E","R","M","R","BOSS","M","M","$","M","?","R","?","R","T","?","?","E","R","?","R","BOSS","M","?","M","?","M","E","R","E","T","R","?","?","E","?","R","BOSS","BOSS","R","$","E","BOSS"],"items_purchased_type":["Relic","Relic","Relic","Relic","Relic","Card","Card","Potion","Potion","Card","Potion"],"build_version":"2020-12-18","purchased_purges":1,"victory":true,"max_hp_per_floor":[68,68,68,68,68,68,82,82,82,82,82,82,82,82,82,87,87,87,87,87,87,87,87,87,87,87,87,87,87,87,87,87,87,87,87,87,87,87,87,87,87,87,87,87,87,83,88,88,88,88,88,88,88,95,95,95],"relic_stats":{"Lee\u0027s Waffle":10,"counters":[27,100],"Astrolabe":["ForeignInfluence","Consecrate","WaveOfTheHand"],"Juzu Bracelet":1,"MawBank":132,"GoldenEye":[66],"WarpedTongs":[51],"SsserpentHead":550,"Mummified Hand":[36],"Sundial":[6],"MealTicket":15,"obtain_stats":[{"Lantern":54,"Mango":7,"Juzu Bracelet":40,"SsserpentHead":5,"Matryoshka":9,"Mummified Hand":12,"Sundial":42,"MealTicket":20,"Philosopher\u0027s Stone":34,"Potion Belt":26,"Lee\u0027s Waffle":54,"Astrolabe":17,"Oddly Smooth Stone":55,"Thread and Needle":36,"Omamori":10,"MawBank":43,"GoldenEye":45,"WarpedTongs":28,"Bottled Flame":26,"Anchor":47,"MutagenicStrength":22,"Coffee Dripper":0,"Bag of Marbles":20,"PureWater":0,"FossilizedHelix":29,"TungstenRod":54},{"Lantern":25,"Mango":3,"Juzu Bracelet":20,"SsserpentHead":2,"Matryoshka":4,"Mummified Hand":7,"Sundial":21,"MealTicket":11,"Philosopher\u0027s Stone":15,"Potion Belt":12,"Lee\u0027s Waffle":25,"Astrolabe":9,"Oddly Smooth Stone":26,"Thread and Needle":17,"Omamori":5,"MawBank":21,"GoldenEye":22,"WarpedTongs":12,"Bottled Flame":12,"Anchor":23,"MutagenicStrength":12,"Coffee Dripper":0,"Bag of Marbles":11,"PureWater":0,"FossilizedHelix":13,"TungstenRod":25},{"Lantern":85,"Mango":12,"Juzu Bracelet":63,"SsserpentHead":5,"Matryoshka":14,"Mummified Hand":25,"Sundial":64,"MealTicket":39,"Philosopher\u0027s Stone":55,"Potion Belt":44,"Lee\u0027s Waffle":85,"Astrolabe":35,"Oddly Smooth Stone":91,"Thread and Needle":59,"Omamori":17,"MawBank":64,"GoldenEye":66,"WarpedTongs":44,"Bottled Flame":44,"Anchor":69,"MutagenicStrength":44,"Coffee Dripper":0,"Bag of Marbles":39,"PureWater":0,"FossilizedHelix":46,"TungstenRod":85}],"TungstenRod":21},"card_choices":[{"not_picked":["WaveOfTheHand","Study","LikeWater"],"picked":"SKIP","floor":1.0},{"not_picked":["Crescendo","Indignation"],"picked":"Consecrate","floor":2.0},{"not_picked":["CarveReality","ClearTheMind"],"picked":"CutThroughFate","floor":7.0},{"not_picked":["SandsOfTime","Conclude"],"picked":"Wallop","floor":8.0},{"not_picked":["Evaluate","Crescendo","MasterReality"],"picked":"SKIP","floor":10.0},{"not_picked":["ThirdEye","Pray","EmptyMind"],"picked":"SKIP","floor":11.0},{"not_picked":["InnerPeace","SashWhip"],"picked":"DevaForm","floor":12.0},{"not_picked":["Consecrate","WindmillStrike"],"picked":"EmptyFist","floor":14.0},{"not_picked":["DeusExMachina","SpiritShield"],"picked":"Blasphemy","floor":16.0},{"not_picked":["FlurryOfBlows","WindmillStrike+1"],"picked":"MentalFortress","floor":18.0},{"not_picked":["ThirdEye","FlyingSleeves"],"picked":"FlurryOfBlows","floor":21.0},{"not_picked":["JustLucky","Perseverance+1","FollowUp"],"picked":"SKIP","floor":29.0},{"not_picked":["JustLucky","Perseverance+1","FollowUp"],"picked":"SKIP","floor":29.0},{"not_picked":["SashWhip","FlyingSleeves"],"picked":"CutThroughFate","floor":31.0},{"not_picked":["ConjureBlade","Alpha"],"picked":"MasterReality","floor":33.0},{"not_picked":["JustLucky+1","Halt","Prostrate"],"picked":"SKIP","floor":35.0},{"not_picked":["CutThroughFate","SandsOfTime"],"picked":"SignatureMove","floor":37.0},{"not_picked":["PathToVictory","BattleHymn+1","BowlingBash"],"picked":"SKIP","floor":39.0},{"not_picked":["Evaluate","Crescendo"],"picked":"Wallop+1","floor":40.0},{"not_picked":["Omniscience","FlurryOfBlows"],"picked":"Meditate+1","floor":42.0},{"not_picked":["EmptyFist","EmptyBody"],"picked":"Fasting2+1","floor":45.0},{"not_picked":["FlurryOfBlows","Prostrate"],"picked":"Wireheading","floor":47.0},{"not_picked":["ReachHeaven","EmptyBody"],"picked":"Vengeance","floor":55.0}],"player_experience":1129100,"relics_obtained":[{"floor":7.0,"key":"Mango"},{"floor":9.0,"key":"Matryoshka"},{"floor":10.0,"key":"Omamori"},{"floor":12.0,"key":"Mummified Hand"},{"floor":26.0,"key":"Bottled Flame"},{"floor":26.0,"key":"Potion Belt"},{"floor":29.0,"key":"FossilizedHelix"},{"floor":36.0,"key":"Thread and Needle"},{"floor":40.0,"key":"Juzu Bracelet"},{"floor":42.0,"key":"Sundial"},{"floor":43.0,"key":"MawBank"},{"floor":45.0,"key":"GoldenEye"},{"floor":47.0,"key":"Anchor"},{"floor":55.0,"key":"Oddly Smooth Stone"}],"event_choices":[{"damage_healed":0.0,"max_hp_gain":0.0,"max_hp_loss":0.0,"gold_gain":150.0,"event_name":"Liars Game","player_choice":"AGREE","floor":3.0,"gold_loss":0.0,"damage_taken":0.0,"cards_obtained":["Doubt"]},{"cards_removed":["Doubt"],"damage_healed":0.0,"max_hp_gain":0.0,"max_hp_loss":0.0,"gold_gain":0.0,"event_name":"Living Wall","player_choice":"Forget","floor":4.0,"gold_loss":0.0,"damage_taken":0.0},{"damage_healed":0.0,"max_hp_gain":0.0,"max_hp_loss":0.0,"gold_gain":0.0,"event_name":"FaceTrader","player_choice":"Trade","floor":5.0,"gold_loss":0.0,"damage_taken":0.0,"relics_obtained":["SsserpentHead"]},{"damage_healed":0.0,"max_hp_gain":0.0,"max_hp_loss":0.0,"gold_gain":0.0,"event_name":"Drug Dealer","player_choice":"Inject Mutagens","floor":22.0,"gold_loss":0.0,"damage_taken":0.0,"relics_obtained":["MutagenicStrength"]},{"damage_healed":0.0,"max_hp_gain":0.0,"max_hp_loss":0.0,"gold_gain":0.0,"event_name":"Forgotten Altar","player_choice":"Smashed Altar","floor":24.0,"gold_loss":0.0,"damage_taken":0.0,"cards_obtained":["Decay"]},{"damage_healed":0.0,"max_hp_gain":0.0,"max_hp_loss":0.0,"gold_gain":0.0,"event_name":"Nest","player_choice":"Joined the Cult","floor":27.0,"gold_loss":0.0,"damage_taken":6.0,"cards_obtained":["RitualDagger"]},{"damage_healed":0.0,"max_hp_gain":0.0,"max_hp_loss":0.0,"gold_gain":0.0,"event_name":"Accursed Blacksmith","player_choice":"Rummage","floor":28.0,"gold_loss":0.0,"damage_taken":0.0,"relics_obtained":["WarpedTongs"],"cards_obtained":["Pain"]},{"damage_healed":0.0,"max_hp_gain":0.0,"max_hp_loss":0.0,"gold_gain":0.0,"event_name":"Mysterious Sphere","player_choice":"Fight","floor":36.0,"gold_loss":0.0,"damage_taken":0.0},{"damage_healed":0.0,"max_hp_gain":0.0,"max_hp_loss":0.0,"gold_gain":0.0,"event_name":"SecretPortal","player_choice":"Ignored","floor":38.0,"gold_loss":0.0,"damage_taken":0.0},{"damage_healed":0.0,"max_hp_gain":0.0,"max_hp_loss":0.0,"gold_gain":0.0,"event_name":"MindBloom","player_choice":"Fight","floor":45.0,"gold_loss":0.0,"damage_taken":0.0},{"damage_healed":0.0,"max_hp_gain":0.0,"max_hp_loss":4.0,"gold_gain":0.0,"event_name":"Winding Halls","player_choice":"Max HP","floor":46.0,"gold_loss":0.0,"damage_taken":0.0},{"cards_removed":["SignatureMove"],"damage_healed":0.0,"max_hp_gain":0.0,"max_hp_loss":0.0,"gold_gain":0.0,"event_name":"Falling","player_choice":"Removed Attack","floor":48.0,"gold_loss":0.0,"damage_taken":0.0}],"is_beta":true,"boss_relics":[{"not_picked":["SacredBark","Runic Dome"],"picked":"Astrolabe"},{"not_picked":["Tiny House","VioletLotus"],"picked":"Philosopher\u0027s Stone"}],"items_purged_floors":[20],"is_endless":false,"potions_floor_spawned":[1,2,8,12,16,19,29,33,35,40,45,47],"ascension_level":20}}