{"host":"52jmisti11ysmja4","time":1610223424,"event":{"mods":["Aspiration","BaseMod","Better Third Choice","Minty Spire (QoL Compilation)","Remove Card Discount Mod","StSLib"],"gold_per_floor":[114,114,28,53,77,118,118,162,162,162,203,225,245,273,273,356,356,376,395,209,227,123,159,159,185,211,252,252,273,273,303,303,386,386,398,398,407,176,196,225,253,297,370,420,449,472,502,521,521,521],"floor_reached":51,"playtime":4893,"items_purged":["Defend_G","Defend_G","Defend_G","Defend_G","Defend_G","Strike_G","Strike_G","Strike_G","Strike_G","Strike_G","Writhe"],"score":1667,"play_id":"3817ff84-0b83-4805-a1d1-5f2c6dca555a","local_time":"20210109121704","is_ascension_mode":true,"campfire_choices":[{"data":"Blade Dance","floor":7,"key":"SMITH"},{"data":"Finisher","floor":10,"key":"SMITH"},{"floor":15,"key":"REST"},{"data":"Envenom","floor":24,"key":"SMITH"},{"data":"Blade Dance","floor":28,"key":"SMITH"},{"data":"Cloak And Dagger","floor":30,"key":"SMITH"},{"data":"Inflame","floor":32,"key":"SMITH"},{"floor":49,"key":"REST"}],"circlet_count":0,"master_deck":["AscendersBane","Survivor","Neutralize","Flying Knee+1","Finisher+1","Flying Knee","Blade Dance+1","Backflip","Bane","Cloak And Dagger+1","Blade Dance+1","Noxious Fumes","Envenom+1","Finisher+1","Inflame+1","Flash of Steel","Endless Agony","Cloak And Dagger+1","Rage","Die Die Die","Envenom","Accuracy","Adrenaline","Endless Agony+1","Double Tap+1","Accuracy","Quick Slash+1"],"relics":["Ring of the Snake","NeowsBlessing","CeramicFish","Mummified Hand","Bronze Scales","Vajra","The Specimen","aspiration:IroncladSkillbook","Membership Card","TwistedFunnel","Blood Vial","Ginger","Sundial","Dream Catcher","WristBlade","Centennial Puzzle","Strawberry","Paper Crane","aspiration:ChemicalBlood","Molten Egg 2","War Paint","MealTicket"],"acts_visited":["Exordium","TheCity","TheBeyond"],"potions_floor_usage":[11,16,23,25,25,29,33,47,50,50,50],"damage_taken":[{"damage":0,"enemies":"Jaw Worm","floor":1,"turns":1},{"damage":0,"enemies":"Cultist","floor":5,"turns":1},{"damage":0,"enemies":"Gremlin Nob","floor":6,"turns":1},{"damage":12,"enemies":"Lagavulin","floor":8,"turns":3},{"damage":0,"enemies":"3 Sentries","floor":11,"turns":2},{"damage":8,"enemies":"Small Slimes","floor":12,"turns":2},{"damage":1,"enemies":"Blue Slaver","floor":13,"turns":2},{"damage":5,"enemies":"Looter","floor":14,"turns":2},{"damage":30,"enemies":"Hexaghost","floor":16,"turns":3},{"damage":27,"enemies":"2 Thieves","floor":18,"turns":3},{"damage":0,"enemies":"Spheric Guardian","floor":19,"turns":1},{"damage":4,"enemies":"Centurion and Healer","floor":21,"turns":3},{"damage":0,"enemies":"Gremlin Leader","floor":23,"turns":1},{"damage":4,"enemies":"Book of Stabbing","floor":25,"turns":1},{"damage":14,"enemies":"Slavers","floor":27,"turns":2},{"damage":0,"enemies":"3 Cultists","floor":29,"turns":2},{"damage":0,"enemies":"Gremlin Leader","floor":31,"turns":3},{"damage":13,"enemies":"Champ","floor":33,"turns":4},{"damage":0,"enemies":"Orb Walker","floor":35,"turns":1},{"damage":0,"enemies":"3 Darklings","floor":39,"turns":2},{"damage":10,"enemies":"Reptomancer","floor":40,"turns":2},{"damage":14,"enemies":"Writhing Mass","floor":41,"turns":2},{"damage":7,"enemies":"Giant Head","floor":42,"turns":3},{"damage":18,"enemies":"Reptomancer","floor":45,"turns":2},{"damage":46,"enemies":"Sphere and 2 Shapes","floor":46,"turns":2},{"damage":0,"enemies":"Giant Head","floor":47,"turns":3},{"damage":9,"enemies":"3 Darklings","floor":48,"turns":2},{"damage":25,"enemies":"Donu and Deca","floor":50,"turns":4}],"seed_played":"-7128857211695774873","potions_obtained":[{"floor":6,"key":"GamblersBrew"},{"floor":8,"key":"AttackPotion"},{"floor":12,"key":"BlessingOfTheForge"},{"floor":13,"key":"DuplicationPotion"},{"floor":21,"key":"SteroidPotion"},{"floor":23,"key":"CunningPotion"},{"floor":25,"key":"Poison Potion"},{"floor":31,"key":"Ancient Potion"},{"floor":35,"key":"Weak Potion"},{"floor":41,"key":"SneckoOil"},{"floor":45,"key":"FearPotion"},{"floor":47,"key":"Regen Potion"},{"floor":47,"key":"Fire Potion"},{"floor":47,"key":"BlessingOfTheForge"},{"floor":48,"key":"AttackPotion"}],"is_trial":false,"path_per_floor":["M","?","$","T","M","E","R","E","T","R","E","M","M","M","R","B",null,"M","M","$","M","$","E","R","E","T","E","R","M","R","E","R","B",null,"M","?","?","$","M","E","M","E","T","?","E","M","E","M","R","B",null],"character_chosen":"THE_SILENT","items_purchased":["Finisher","Membership Card","Flash of Steel","TwistedFunnel","Endless Agony","Accuracy","Adrenaline","Centennial Puzzle","Strawberry"],"campfire_rested":2,"item_purchase_floors":[3,20,20,22,22,38,38,38,38],"current_hp_per_floor":[59,59,59,59,59,59,59,47,47,47,47,39,38,33,52,22,55,32,36,36,36,36,40,40,42,42,34,34,40,40,46,46,39,59,65,65,66,73,73,67,59,58,58,58,46,6,21,18,39,20],"gold":521,"neow_bonus":"THREE_ENEMY_KILL","is_daily":false,"chose_seed":false,"campfire_upgraded":6,"win_rate":0.0,"timestamp":1610223424,"path_taken":["M","?","$","?","M","E","R","E","T","R","E","M","M","M","R","BOSS","M","M","$","M","$","E","R","E","T","E","R","M","R","E","R","BOSS","M","?","?","$","M","E","M","E","T","?","E","M","E","?","R","BOSS"],"items_purchased_type":["Card","Relic","Card","Relic","Card","Card","Card","Relic","Relic"],"build_version":"2020-12-22","purchased_purges":11,"victory":true,"max_hp_per_floor":[66,66,66,66,66,66,66,66,66,66,66,66,66,66,66,66,66,66,66,66,66,66,66,66,66,66,66,66,66,66,66,66,66,66,66,66,66,73,73,73,73,73,73,73,73,73,73,73,73,73],"card_choices":[{"not_picked":["Dodge and Roll","Caltrops"],"picked":"Flying Knee","floor":1},{"not_picked":["Poisoned Stab","Sucker Punch"],"picked":"Flying Knee","floor":5},{"not_picked":["Expertise","Backstab"],"picked":"Blade Dance","floor":6},{"not_picked":["Blur","aspiration:Lunge"],"picked":"Backflip","floor":8},{"not_picked":["Catalyst","Prepared"],"picked":"Bane","floor":11},{"not_picked":["Glass Knife","Flechettes"],"picked":"Cloak And Dagger","floor":12},{"not_picked":["Deadly Poison","Eviscerate"],"picked":"Blade Dance","floor":13},{"not_picked":["Bane","Dodge and Roll"],"picked":"Noxious Fumes","floor":14},{"not_picked":["Night Terror","Glass Knife"],"picked":"Envenom","floor":16},{"not_picked":["Sentinel","Deadly Poison+1","Dagger Throw+1"],"picked":"Finisher+1","floor":18},{"not_picked":["Backflip","Perfected Strike","Iron Wave"],"picked":"Inflame","floor":19},{"not_picked":["Sucker Punch","Battle Trance","Heel Hook","Predator"],"picked":"SKIP","floor":21},{"not_picked":["Eviscerate","Clash+1","Slice"],"picked":"Cloak And Dagger","floor":23},{"not_picked":["Combust","PiercingWail","Burning Pact","Sword Boomerang"],"picked":"SKIP","floor":25},{"not_picked":["Flying Knee","Flex","Deflect"],"picked":"Rage","floor":27},{"not_picked":["Headbutt","Underhanded Strike","Dash"],"picked":"Die Die Die","floor":29},{"not_picked":["Reflex","Distraction","Bouncing Flask","Setup"],"picked":"SKIP","floor":31},{"not_picked":["Glass Knife","Fiend Fire","Malaise"],"picked":"Envenom","floor":33},{"not_picked":["Iron Wave+1","Armaments+1","Second Wind","Underhanded Strike"],"picked":"SKIP","floor":35},{"not_picked":["Iron Wave","Sucker Punch","Clash","Heavy Blade+1"],"picked":"SKIP","floor":39},{"not_picked":["Riddle With Holes","Outmaneuver+1","Clash","Shrug It Off"],"picked":"SKIP","floor":40},{"not_picked":["Slice","Cloak And Dagger+1","Blade Dance"],"picked":"Endless Agony+1","floor":41},{"not_picked":["Expertise","Slice","Sucker Punch"],"picked":"Double Tap","floor":42},{"not_picked":["Poisoned Stab+1","Rupture","Acrobatics","Body Slam+1"],"picked":"SKIP","floor":45},{"not_picked":["Warcry","Dash+1","Dagger Spray+1"],"picked":"Accuracy","floor":46},{"not_picked":["Flame Barrier","Metallicize","Heavy Blade+1","Dodge and Roll"],"picked":"SKIP","floor":47},{"not_picked":["Sever Soul+1","Twin Strike+1","Noxious Fumes+1"],"picked":"Quick Slash+1","floor":48}],"player_experience":464647,"relics_obtained":[{"floor":4,"key":"CeramicFish"},{"floor":6,"key":"Mummified Hand"},{"floor":8,"key":"Bronze Scales"},{"floor":9,"key":"Vajra"},{"floor":11,"key":"The Specimen"},{"floor":23,"key":"Blood Vial"},{"floor":25,"key":"Ginger"},{"floor":27,"key":"Sundial"},{"floor":31,"key":"Dream Catcher"},{"floor":40,"key":"Paper Crane"},{"floor":42,"key":"aspiration:ChemicalBlood"},{"floor":43,"key":"Molten Egg 2"},{"floor":45,"key":"War Paint"},{"floor":47,"key":"MealTicket"}],"event_choices":[{"damage_healed":0,"gold_gain":0,"player_choice":"Upgraded","damage_taken":0,"max_hp_gain":0,"max_hp_loss":0,"event_name":"Upgrade Shrine","floor":2,"gold_loss":0,"cards_upgraded":["Flying Knee"]},{"damage_healed":0,"gold_gain":0,"player_choice":"Ignored","damage_taken":0,"max_hp_gain":0,"max_hp_loss":0,"event_name":"Tomb of Lord Red Mask","floor":36,"gold_loss":0},{"damage_healed":13,"gold_gain":0,"player_choice":"Writhe","damage_taken":0,"max_hp_gain":0,"max_hp_loss":0,"event_name":"Winding Halls","floor":37,"gold_loss":0,"cards_obtained":["Writhe"]},{"damage_healed":0,"gold_gain":50,"player_choice":"Pray","damage_taken":0,"max_hp_gain":0,"max_hp_loss":0,"event_name":"Golden Shrine","floor":44,"gold_loss":0}],"is_beta":false,"boss_relics":[{"not_picked":["Empty Cage","Black Star"],"picked":"aspiration:IroncladSkillbook"},{"not_picked":["Philosopher\u0027s Stone","aspiration:FutureDiary"],"picked":"WristBlade"}],"items_purged_floors":[3,3,3,3,3,3,3,3,20,20,38],"is_endless":false,"potions_floor_spawned":[6,8,12,13,21,23,25,31,35,41,46,47],"ascension_level":15}}