{"host":"d8hh7rr4yzitjeuj","time":1610166894,"event":{"mods":["2.2 Compatiblity","AchievementEnabler","Act Like it!","BaseMod","Colored Map","Colored Powertips","Highlight Path","Keyboard Shortcuts","Minty Spire (QoL Compilation)","Permanent Neow","Quick Restart","StSLib","SuperFastMode"],"gold_per_floor":[115,134,152,172,172,207,207,235,235,15,15,41,41,58,58,58,58],"floor_reached":16,"playtime":380,"items_purged":[],"score":240,"play_id":"05d38504-b373-4d3c-88a9-faa44031008f","local_time":"20210109133454","is_ascension_mode":true,"campfire_choices":[{"floor":13,"key":"REST"},{"data":"Reprogram","floor":15,"key":"SMITH"}],"circlet_count":0,"master_deck":["AscendersBane","Strike_B","Strike_B","Strike_B","Strike_B","Defend_B","Defend_B","Defend_B","Defend_B","Zap","Dualcast","Hyperbeam","Genetic Algorithm","Self Repair","Compile Driver","Aggregate","Conserve Battery","Parasite","Fusion","Rebound","Recycle","Rip and Tear","Reprogram+1"],"relics":["Cracked Core","Bottled Tornado","MealTicket","Pear","CultistMask","Frozen Egg 2"],"acts_visited":["Exordium"],"potions_floor_usage":[12],"damage_taken":[{"damage":1.0,"enemies":"Small Slimes","floor":1.0,"turns":3.0},{"damage":0.0,"enemies":"2 Louse","floor":2.0,"turns":1.0},{"damage":1.0,"enemies":"Cultist","floor":3.0,"turns":3.0},{"damage":11.0,"enemies":"Blue Slaver","floor":4.0,"turns":4.0},{"damage":38.0,"enemies":"Gremlin Nob","floor":6.0,"turns":4.0},{"damage":10.0,"enemies":"3 Sentries","floor":8.0,"turns":2.0},{"damage":32,"enemies":"Gremlin Nob","floor":12,"turns":4},{"damage":11,"enemies":"3 Louse","floor":14,"turns":3},{"damage":37,"enemies":"Hexaghost","floor":16,"turns":9}],"seed_played":"8135915964369654","potions_obtained":[{"floor":1.0,"key":"Strength Potion"},{"floor":2.0,"key":"PowerPotion"},{"floor":8.0,"key":"Swift Potion"}],"is_trial":false,"path_per_floor":["M","M","M","M","?","E","?","E","T","$","?","E","R","M","R","B"],"character_chosen":"DEFECT","items_purchased":["Rebound","Recycle","Rip and Tear"],"campfire_rested":1,"item_purchase_floors":[10,10,10],"current_hp_per_floor":[45,45,51,47,47,9,26,23,33,48,48,16,40,36,36,0,0],"gold":58,"neow_bonus":"THREE_RARE_CARDS","is_daily":false,"chose_seed":false,"campfire_upgraded":1,"win_rate":0.0,"timestamp":1610166894,"path_taken":["M","M","M","M","?","E","?","E","T","$","?","E","R","M","R","BOSS"],"items_purchased_type":["Card","Card","Card"],"build_version":"2020-12-22","purchased_purges":0,"victory":false,"max_hp_per_floor":[71,71,71,71,71,71,71,71,81,81,81,81,81,81,81,81,81],"card_choices":[{"not_picked":["Seek","Reboot"],"picked":"Hyperbeam","floor":0.0},{"not_picked":["Barrage","Heatsinks"],"picked":"Genetic Algorithm","floor":1.0},{"not_picked":["Loop","Streamline"],"picked":"Self Repair","floor":2.0},{"not_picked":["Coolheaded","Barrage"],"picked":"Compile Driver","floor":3.0},{"not_picked":["Steam","Storm"],"picked":"Aggregate","floor":4.0},{"not_picked":["Stack","Turbo"],"picked":"Conserve Battery","floor":6.0},{"not_picked":["Doom and Gloom","Aggregate"],"picked":"Fusion","floor":8.0},{"not_picked":["Static Discharge+1","Chaos","Coolheaded"],"picked":"SKIP","floor":12},{"not_picked":["Doom and Gloom","Blizzard"],"picked":"Reprogram","floor":14}],"player_experience":1430768,"relics_obtained":[{"floor":6.0,"key":"Bottled Tornado"},{"floor":8.0,"key":"MealTicket"},{"floor":9.0,"key":"Pear"},{"floor":12,"key":"Frozen Egg 2"}],"event_choices":[{"damage_healed":0.0,"max_hp_gain":0.0,"max_hp_loss":0.0,"gold_gain":0.0,"event_name":"Liars Game","player_choice":"Ignored","floor":5.0,"gold_loss":0.0,"damage_taken":0.0},{"damage_healed":17.0,"max_hp_gain":0.0,"max_hp_loss":0.0,"gold_gain":0.0,"event_name":"Mushrooms","player_choice":"Healed and dodged fight","floor":7.0,"gold_loss":0.0,"damage_taken":0.0,"cards_obtained":["Parasite"]},{"damage_healed":0.0,"max_hp_gain":0.0,"max_hp_loss":0.0,"gold_gain":0.0,"event_name":"FaceTrader","player_choice":"Trade","floor":11.0,"gold_loss":0.0,"damage_taken":0.0,"relics_obtained":["CultistMask"]}],"is_beta":false,"boss_relics":[],"items_purged_floors":[],"is_endless":false,"potions_floor_spawned":[1,2,8],"killed_by":"Hexaghost","ascension_level":20}}