{"host":"0e6ybu7maraz26aa","time":1610191271,"event":{"mods":["BaseMod","BetterRewards","Colored Powertips","Downfall","Duelist Mod","Jorbs\u0027s Wanderer Trilogy","Marisa????????","Minty Spire (QoL Compilation)","Replay The Spire","StSLib","The Blackbeard","The Bladedancer","The Cursed","The Hierophant","The Necromancer","The Servant 0.9.4","Unceasing Turn Reminder"],"gold_per_floor":[114,289,67,67,142,176,191,211,211,211,222,251,262,274,274,274,274],"floor_reached":16,"playtime":809,"items_purged":["Doubt"],"score":112,"play_id":"0b9b3c0b-fcbb-42bb-935a-4da7454fe643","local_time":"20210109212111","is_ascension_mode":false,"campfire_choices":[],"circlet_count":0,"master_deck":["Strike_MRS","Strike_MRS","Strike_MRS","Strike_MRS","Defend_MRS","Defend_MRS","Defend_MRS","Defend_MRS","MasterSpark","UpSweep","MilkyWay","Singularity","NonDirectionalLaser+1","IllusionStar","PowerUp","LuminesStrike","DarkSpark"],"relics":["Pet Ghost","Eternal Feather","m_SpellCore","Bag of Preparation"],"acts_visited":["Exordium"],"potions_floor_usage":[13],"damage_taken":[{"damage":1,"enemies":"2 Louse","floor":1,"turns":3},{"damage":45,"enemies":"Lagavulin","floor":6,"turns":7},{"damage":1,"enemies":"Jaw Worm","floor":7,"turns":3},{"damage":0,"enemies":"Small Slimes","floor":8,"turns":2},{"damage":14,"enemies":"Blue Slaver","floor":11,"turns":3},{"damage":6,"enemies":"Gremlin Nob","floor":12,"turns":3},{"damage":0,"enemies":"Large Slime","floor":13,"turns":3},{"damage":0,"enemies":"2 Fungi Beasts","floor":14,"turns":2},{"damage":51,"enemies":"The Guardian","floor":16,"turns":9}],"seed_played":"-2063029957120788592","potions_obtained":[{"floor":12,"key":"Regen Potion"},{"floor":13,"key":"Elixir"},{"floor":14,"key":"Ancient Potion"}],"is_trial":false,"path_per_floor":["M","?","$","?","?","E","M","M","T","?","M","E","M","M","R","B"],"character_chosen":"MARISA","items_purchased":["Pet Ghost"],"campfire_rested":0,"item_purchase_floors":[3],"current_hp_per_floor":[81,81,81,81,70,25,24,24,24,24,10,4,13,13,46,0,0],"gold":274,"neow_bonus":"TEN_PERCENT_HP_BONUS","is_daily":false,"chose_seed":false,"campfire_upgraded":0,"win_rate":0.0,"timestamp":1610191271,"path_taken":["M","?","$","?","?","E","M","?","T","?","M","E","M","M","R","BOSS"],"items_purchased_type":["Relic"],"build_version":"2020-12-22","purchased_purges":1,"victory":false,"max_hp_per_floor":[82,82,82,82,82,82,82,82,82,82,82,82,82,82,82,82,82],"card_choices":[{"not_picked":["RefractionSpark","MysteriousBeam"],"picked":"MilkyWay","floor":1},{"not_picked":["UnstableBomb","ChargeUpSpray"],"picked":"Singularity","floor":6},{"not_picked":["MeteoricShower","ChargingUp"],"picked":"NonDirectionalLaser","floor":7},{"not_picked":["MilkyWay","AsteroidBelt"],"picked":"IllusionStar","floor":8},{"not_picked":["EarthLightRay","Singularity"],"picked":"PowerUp","floor":11},{"not_picked":["Defragment","FairyDestructionRay"],"picked":"LuminesStrike","floor":12},{"not_picked":["Acceleration","Conserve Battery"],"picked":"DarkSpark","floor":13},{"not_picked":["Conserve Battery","BasicCrystalCard","GalacticHalo"],"picked":"SKIP","floor":14}],"player_experience":132081,"relics_obtained":[{"floor":6,"key":"Eternal Feather"},{"floor":12,"key":"Bag of Preparation"}],"event_choices":[{"damage_healed":0,"gold_gain":175,"player_choice":"AGREE","damage_taken":0,"max_hp_gain":0,"max_hp_loss":0,"event_name":"Liars Game","floor":2,"gold_loss":0,"cards_obtained":["Doubt"]},{"damage_healed":0,"gold_gain":0,"player_choice":"Leave","damage_taken":0,"max_hp_gain":0,"max_hp_loss":0,"event_name":"The Cleric","floor":4,"gold_loss":0},{"damage_healed":0,"gold_gain":75,"player_choice":"Gather Gold","damage_taken":11,"max_hp_gain":0,"max_hp_loss":0,"event_name":"World of Goop","floor":5,"gold_loss":0}],"is_beta":false,"boss_relics":[],"items_purged_floors":[3],"is_endless":false,"potions_floor_spawned":[12,13,14],"killed_by":"The Guardian","ascension_level":0}}