{"host":"fjaupvxe7fzqrf4j","time":1610186424,"event":{"mods":["ATMod(°¢èªMod)","BaseMod","Minty Spire (QoL Compilation)","StSLib"],"gold_per_floor":[114,114,131,56,106,137,164,164,239,272,300,335,351,379,379,451,451,468,480,500,339,339,364,393,422,422,455,184,219,252,283,283,360,360,380,380,380,434,239,268,298,432,482,614,745,876,1011,1141,1141,1341,1541,1541,1541,1023,1248,1348],"floor_reached":57,"playtime":1086,"items_purged":["Prepared","Underhanded Strike","Dagger Throw","Slice"],"score":5028,"play_id":"aa7794e1-0eb7-414b-aa5e-6899c3e783a8","local_time":"20210109180024","daily_mods":["SealedDeck","Heirloom","Time Dilation","Flight","Elite Swarm"],"is_ascension_mode":true,"campfire_choices":[{"data":"Reflex","floor":8.0,"key":"SMITH"},{"data":"Blade Dance","floor":15.0,"key":"PURGE"},{"data":"Adrenaline","floor":32,"key":"SMITH"},{"floor":49,"key":"RECALL"},{"data":"AT_KingSlayer","floor":53,"key":"SMITH"}],"circlet_count":0,"master_deck":["AscendersBane","Reflex+1","Backflip","Prepared","Acrobatics","After Image","Adrenaline+1","AT_KingSlayer+1","AT_Desolate","Grand Finale","AT_WindRun"],"relics":["Ring of the Snake","AT_ATBox","AT_LudenTempest","AT_SpeedBoots","Art of War","Peace Pipe","Du-Vu Doll","Turnip","Empty Cage","Pen Nib","MutagenicStrength","Omamori","Nunchaku","Pear","Bird Faced Urn","FossilizedHelix","AT_BladeRuinedKing","HornCleat","Strawberry","Smiling Mask","SlaversCollar","Calipers","Matryoshka","AT_TheCollector","Bottled Lightning","InkBottle","Lantern","Prayer Wheel","Regal Pillow","Orichalcum","StoneCalendar","AT_RedNoBalance","Membership Card","Happy Flower","AT_GuinsooRageblade","AT_EbonyIvory"],"acts_visited":["Exordium","TheCity","TheBeyond","TheEnding"],"potions_floor_usage":[56],"damage_taken":[{"damage":0.0,"enemies":"2 Louse","floor":1.0,"turns":1.0},{"damage":0.0,"enemies":"Cultist","floor":3.0,"turns":1.0},{"damage":0.0,"enemies":"3 Sentries","floor":6.0,"turns":1.0},{"damage":0.0,"enemies":"Lagavulin","floor":7.0,"turns":1.0},{"damage":0.0,"enemies":"Gremlin Nob","floor":10.0,"turns":1.0},{"damage":0.0,"enemies":"3 Sentries","floor":11.0,"turns":1.0},{"damage":0.0,"enemies":"Lagavulin","floor":12.0,"turns":1.0},{"damage":0.0,"enemies":"Jaw Worm","floor":13.0,"turns":1.0},{"damage":0.0,"enemies":"Gremlin Nob","floor":14.0,"turns":1.0},{"damage":0.0,"enemies":"Slime Boss","floor":16.0,"turns":1.0},{"damage":0.0,"enemies":"2 Thieves","floor":18.0,"turns":1.0},{"damage":0.0,"enemies":"Shell Parasite","floor":19.0,"turns":1.0},{"damage":0.0,"enemies":"Chosen and Byrds","floor":20.0,"turns":1.0},{"damage":0.0,"enemies":"Book of Stabbing","floor":23.0,"turns":1.0},{"damage":0.0,"enemies":"Slavers","floor":24.0,"turns":1.0},{"damage":0,"enemies":"Gremlin Leader","floor":25,"turns":1},{"damage":0,"enemies":"Book of Stabbing","floor":27,"turns":1},{"damage":0,"enemies":"Slavers","floor":29,"turns":1},{"damage":0,"enemies":"Book of Stabbing","floor":30,"turns":1},{"damage":0,"enemies":"Slavers","floor":31,"turns":1},{"damage":0,"enemies":"Champ","floor":33,"turns":1},{"damage":0,"enemies":"3 Shapes","floor":35,"turns":1},{"damage":0,"enemies":"2 Orb Walkers","floor":38,"turns":2},{"damage":0,"enemies":"Giant Head","floor":40,"turns":1},{"damage":0,"enemies":"Nemesis","floor":41,"turns":1},{"damage":0,"enemies":"Giant Head","floor":42,"turns":1},{"damage":0,"enemies":"Reptomancer","floor":44,"turns":1},{"damage":0,"enemies":"Giant Head","floor":45,"turns":1},{"damage":0,"enemies":"Nemesis","floor":46,"turns":1},{"damage":0,"enemies":"Reptomancer","floor":47,"turns":1},{"damage":0,"enemies":"Giant Head","floor":48,"turns":1},{"damage":0,"enemies":"Awakened One","floor":50,"turns":3},{"damage":0,"enemies":"Donu and Deca","floor":51,"turns":1},{"damage":0,"enemies":"Shield and Spear","floor":55,"turns":1},{"damage":0,"enemies":"The Heart","floor":56,"turns":4}],"seed_played":"-3243098498947163126","potions_obtained":[{"floor":2.0,"key":"BlessingOfTheForge"},{"floor":2.0,"key":"Explosive Potion"},{"floor":10.0,"key":"Energy Potion"},{"floor":30,"key":"GamblersBrew"},{"floor":33,"key":"SkillPotion"}],"is_trial":true,"path_per_floor":["M","?","M","$","?","E","E","R","T","E","E","E","M","E","R","B",null,"M","M","M","$","?","E","E","E","T","E","$","E","E","E","R","B",null,"M","?","?","?","$","E","E","E","T","E","E","E","E","E","R","B","B",null,"R","$","E","B",null],"character_chosen":"THE_SILENT","items_purchased":["Pen Nib","AT_BladeRuinedKing","Slice","AT_Desolate","Membership Card","Happy Flower","AT_WindRun","DuplicationPotion","AT_GuinsooRageblade"],"campfire_rested":0,"item_purchase_floors":[21,28,39,39,54,54,54,54,54],"current_hp_per_floor":[59,59,59,59,53,53,53,53,53,53,53,53,53,53,53,53,63,63,63,63,63,63,63,63,73,73,73,73,75,82,83,83,83,83,83,83,83,83,83,83,83,83,83,83,83,83,83,83,83,45,45,74,74,74,43,49],"gold":1348,"neow_bonus":"","is_daily":false,"chose_seed":false,"campfire_upgraded":3,"win_rate":0.0,"timestamp":1610186424,"path_taken":["M","?","?","$","?","E","E","R","T","E","E","E","M","E","R","BOSS","M","?","M","$","?","E","E","E","T","E","$","E","E","E","R","BOSS","M","?","?","?","$","E","E","E","T","E","E","E","E","E","R","BOSS","BOSS","R","$","E","BOSS"],"items_purchased_type":["Relic","Relic","Card","Card","Relic","Relic","Card","Potion","Relic"],"build_version":"2020-12-22","purchased_purges":4,"victory":true,"max_hp_per_floor":[66,66,66,66,66,66,66,66,66,66,66,66,66,66,66,66,66,66,66,66,66,66,66,66,76,76,76,76,76,83,83,83,83,83,83,83,83,83,83,83,83,83,83,83,83,83,83,83,83,83,83,83,83,83,83,83],"card_choices":[{"not_picked":["Dagger Spray","AT_WindRun","Backflip"],"picked":"SKIP","floor":1.0},{"not_picked":["Prepared","Flechettes"],"picked":"Acrobatics","floor":3.0},{"not_picked":["Malaise","Burst","Night Terror"],"picked":"SKIP","floor":6.0},{"not_picked":["A Thousand Cuts","Storm of Steel","Wraith Form v2"],"picked":"SKIP","floor":7.0},{"not_picked":["Malaise","Bullet Time","A Thousand Cuts"],"picked":"SKIP","floor":10.0},{"not_picked":["Wraith Form v2","Burst"],"picked":"After Image","floor":11.0},{"not_picked":["Burst","Unload"],"picked":"Adrenaline","floor":12.0},{"not_picked":["Outmaneuver","Quick Slash","Expertise"],"picked":"SKIP","floor":13.0},{"not_picked":["Die Die Die","Adrenaline","AT_EssenceShift"],"picked":"SKIP","floor":14.0},{"not_picked":["Dagger Throw","Well Laid Plans","Poisoned Stab"],"picked":"SKIP","floor":18.0},{"not_picked":["Reflex","AT_TwilightShroud","AT_WindFlip"],"picked":"SKIP","floor":19.0},{"not_picked":["Footwork","Cloak And Dagger+1","Flying Knee"],"picked":"SKIP","floor":20.0},{"not_picked":["After Image","Corpse Explosion","AT_KingSlayer"],"picked":"SKIP","floor":23.0},{"not_picked":["After Image","Corpse Explosion"],"picked":"AT_KingSlayer","floor":23.0},{"not_picked":["Doppelganger","A Thousand Cuts","Die Die Die"],"picked":"SKIP","floor":24.0},{"not_picked":["Night Terror","Phantasmal Killer","Envenom"],"picked":"SKIP","floor":25},{"not_picked":["After Image","AT_KingSlayer","Phantasmal Killer"],"picked":"SKIP","floor":27},{"not_picked":["Phantasmal Killer","Tools of the Trade","Adrenaline"],"picked":"SKIP","floor":29},{"not_picked":["Night Terror","Adrenaline","Tools of the Trade"],"picked":"SKIP","floor":30},{"not_picked":["Adrenaline","Die Die Die","Corpse Explosion"],"picked":"SKIP","floor":31},{"not_picked":["Poisoned Stab+1","Masterful Stab","Flying Knee+1"],"picked":"SKIP","floor":35},{"not_picked":["After Image","A Thousand Cuts"],"picked":"Grand Finale","floor":40},{"not_picked":["Bullet Time","AT_KingSlayer","Grand Finale"],"picked":"SKIP","floor":41},{"not_picked":["After Image","Envenom","AT_EssenceShift"],"picked":"SKIP","floor":42},{"not_picked":["Unload","Wraith Form v2","Night Terror"],"picked":"SKIP","floor":44},{"not_picked":["After Image","Tools of the Trade","A Thousand Cuts"],"picked":"SKIP","floor":45},{"not_picked":["AT_MyraUnstableElement","Grand Finale","Bullet Time"],"picked":"SKIP","floor":46},{"not_picked":["A Thousand Cuts","AT_EssenceShift","Bullet Time"],"picked":"SKIP","floor":47},{"not_picked":["Night Terror","Grand Finale","Glass Knife"],"picked":"SKIP","floor":48},{"not_picked":["Bullet Time","After Image","AT_MyraUnstableElement"],"picked":"SKIP","floor":55}],"player_experience":372302,"relics_obtained":[{"floor":6.0,"key":"AT_SpeedBoots"},{"floor":7.0,"key":"Art of War"},{"floor":10.0,"key":"Peace Pipe"},{"floor":11.0,"key":"Du-Vu Doll"},{"floor":12.0,"key":"Turnip"},{"floor":23.0,"key":"Omamori"},{"floor":24.0,"key":"Nunchaku"},{"floor":25,"key":"Pear"},{"floor":26,"key":"Bird Faced Urn"},{"floor":27,"key":"FossilizedHelix"},{"floor":29,"key":"HornCleat"},{"floor":30,"key":"Strawberry"},{"floor":31,"key":"Smiling Mask"},{"floor":38,"key":"Calipers"},{"floor":40,"key":"Matryoshka"},{"floor":41,"key":"AT_TheCollector"},{"floor":42,"key":"Bottled Lightning"},{"floor":43,"key":"InkBottle"},{"floor":43,"key":"Lantern"},{"floor":44,"key":"Prayer Wheel"},{"floor":45,"key":"Regal Pillow"},{"floor":46,"key":"Orichalcum"},{"floor":47,"key":"StoneCalendar"},{"floor":48,"key":"AT_SilverBalance"},{"floor":55,"key":"AT_EbonyIvory"}],"event_choices":[{"damage_healed":0.0,"max_hp_gain":0.0,"max_hp_loss":0.0,"gold_gain":0.0,"event_name":"Lab","player_choice":"Got Potions","floor":2.0,"gold_loss":0.0,"damage_taken":0.0},{"damage_healed":0.0,"max_hp_gain":0.0,"max_hp_loss":0.0,"gold_gain":50.0,"event_name":"FaceTrader","player_choice":"Touch","floor":5.0,"gold_loss":0.0,"damage_taken":6.0},{"damage_healed":0.0,"max_hp_gain":0.0,"max_hp_loss":0.0,"gold_gain":0.0,"event_name":"Drug Dealer","player_choice":"Inject Mutagens","floor":22.0,"gold_loss":0.0,"damage_taken":0.0,"relics_obtained":["MutagenicStrength"]},{"cards_removed":["Underhanded Strike"],"damage_healed":0,"gold_gain":0,"player_choice":"Removed Attack","damage_taken":0,"max_hp_gain":0,"max_hp_loss":0,"event_name":"Falling","floor":36,"gold_loss":0},{"damage_healed":0,"gold_gain":0,"player_choice":"Memory 1","damage_taken":0,"max_hp_gain":0,"max_hp_loss":0,"event_name":"SensoryStone","floor":37,"gold_loss":0},{"damage_healed":0,"gold_gain":0,"player_choice":"Fight","damage_taken":0,"max_hp_gain":0,"max_hp_loss":0,"event_name":"Mysterious Sphere","floor":38,"gold_loss":0}],"is_beta":false,"boss_relics":[{"not_picked":["HoveringKite","Coffee Dripper"],"picked":"Empty Cage"},{"not_picked":["WristBlade","Sozu"],"picked":"SlaversCollar"}],"items_purged_floors":[4,28,39,54],"is_endless":false,"potions_floor_spawned":[3,10,14,19,24,30,33,40,44,45,46],"ascension_level":20}}