{"host":"odz7g4gpgch153rb","time":1610205820,"event":{"mods":["AchievementEnabler","BaseMod","Better Match","Better Third Choice","BetterRewards","GifTheSpireLib","Infinite Spire","Jedi Mod","Minty Spire (QoL Compilation)","Quick Restart","Replay The Spire","Spikes Relics","StSLib","Stuff the Spire","The Blue Laboratory","Trackpad"],"gold_per_floor":[213,6,106,126,139,139,153,179,228,239,239,239,258,285,285,357,357,373,373,373],"floor_reached":19,"playtime":1347,"items_purged":["Strike_B"],"score":359,"play_id":"458587b3-e20b-42f7-9b3f-ca1110898912","local_time":"20210109102340","is_ascension_mode":true,"campfire_choices":[{"data":"ReplayTheSpireMod:Brewmster","floor":6,"key":"SMITH"},{"floor":11,"key":"REST"},{"data":"DiskWipe","floor":15,"key":"SMITH"}],"circlet_count":0,"master_deck":["AscendersBane","Strike_B","Strike_B","Strike_B","Defend_B","Defend_B","Defend_B","Defend_B","Zap","Dualcast","Cold Snap","ReplayTheSpireMod:Brewmster+1","Panacea","The Bomb","StuffTheSpire:Coldhearted","DiskWipe+1","BootSequence","Rainbow"],"relics":["Cracked Core","ReplayTheSpireMod:ShopPack","Symbiotic Virus","StuffTheSpire:Mouthbags","Akabeko","Philosopher\u0027s Stone"],"acts_visited":["Exordium","TheCity"],"potions_floor_usage":[4,4,4,5,8,8,13,13,13,19,19,19],"damage_taken":[{"damage":0,"enemies":"Small Slimes","floor":1,"turns":3},{"damage":5,"enemies":"Cultist","floor":4,"turns":4},{"damage":0,"enemies":"Jaw Worm","floor":5,"turns":4},{"damage":33,"enemies":"Gremlin Gang","floor":7,"turns":8},{"damage":0,"enemies":"Lagavulin","floor":8,"turns":7},{"damage":0,"enemies":"Exordium Wildlife","floor":10,"turns":3},{"damage":1,"enemies":"Large Slime","floor":13,"turns":4},{"damage":14,"enemies":"Hexaghost","floor":16,"turns":11},{"damage":28,"enemies":"2 Thieves","floor":18,"turns":4},{"damage":160,"enemies":"Shell Parasite","floor":19,"turns":4}],"seed_played":"8442525981180874348","potions_obtained":[{"floor":1,"key":"blueLaboratory:BottledHope"},{"floor":7,"key":"DistilledChaos"},{"floor":16,"key":"blueLaboratory:FruitPreserves"}],"is_trial":false,"path_per_floor":["M","$","?","M","M","R","M","E","T","M","R","?","M","T","R","B",null,"M","M"],"character_chosen":"DEFECT","items_purchased":["ReplayTheSpireMod:ShopPack"],"campfire_rested":1,"item_purchase_floors":[2],"current_hp_per_floor":[64,64,64,59,59,59,26,26,26,26,47,47,46,46,46,32,61,33,0,0],"gold":373,"neow_bonus":"HUNDRED_GOLD","is_daily":false,"chose_seed":false,"campfire_upgraded":2,"win_rate":0.0,"timestamp":1610205820,"path_taken":["M","$","?","M","?","R","M","E","T","M","R","?","?","?","R","BOSS","M","M"],"items_purchased_type":["Relic"],"build_version":"2020-12-22","purchased_purges":1,"victory":false,"max_hp_per_floor":[71,71,71,71,71,71,71,71,71,71,71,71,71,71,71,71,71,71,71,71],"card_choices":[{"not_picked":["Go for the Eyes","Genetic Algorithm"],"picked":"Cold Snap","floor":1},{"not_picked":["Midas Touch","Master of Strategy"],"picked":"ReplayTheSpireMod:Brewmster","floor":2},{"not_picked":["Mind Blast","Discovery"],"picked":"Panacea","floor":2},{"not_picked":["Feint","Replay:Dark Deal"],"picked":"The Bomb","floor":2},{"not_picked":["BasicCrystalCard","Reinforced Body"],"picked":"StuffTheSpire:Coldhearted","floor":4},{"not_picked":["Hologram","jedi:overflow"],"picked":"BootSequence","floor":5},{"not_picked":["Streamline","Hologram"],"picked":"DiskWipe","floor":7},{"not_picked":["Genetic Algorithm","StuffTheSpire:NuclearReactor","Beam Cell"],"picked":"SKIP","floor":8},{"not_picked":["Tempest","jedi:BurstFrost","Darkness"],"picked":"SKIP","floor":10},{"not_picked":["Rip and Tear","Steam","Stack"],"picked":"SKIP","floor":13},{"not_picked":["Multi-Cast","StuffTheSpire:Purify"],"picked":"Rainbow","floor":16},{"not_picked":["jedi:BurstFrost","jedi:blockon","Panic Button"],"picked":"SKIP","floor":18}],"player_experience":1016489,"relics_obtained":[{"floor":8,"key":"Symbiotic Virus"},{"floor":9,"key":"StuffTheSpire:Mouthbags"},{"floor":14,"key":"Akabeko"}],"event_choices":[{"damage_healed":0,"gold_gain":100,"player_choice":"Gold","damage_taken":0,"max_hp_gain":0,"max_hp_loss":0,"event_name":"Wheel of Change","floor":3,"gold_loss":0},{"damage_healed":0,"gold_gain":0,"player_choice":"Ignored","damage_taken":0,"max_hp_gain":0,"max_hp_loss":0,"event_name":"Transmorgrifier","floor":12,"gold_loss":0}],"is_beta":false,"boss_relics":[{"not_picked":["Empty Cage","Pandora\u0027s Box"],"picked":"Philosopher\u0027s Stone"}],"items_purged_floors":[2],"is_endless":false,"potions_floor_spawned":[1,7,16],"killed_by":"Shell Parasite","ascension_level":17}}