{"host":"5mo0809oo9tcrmpl","time":1610156264,"event":{"mods":["BaseMod","Highlight Path","Minty Spire (QoL Compilation)","Relic Stats","Slay the Relics Exporter"],"gold_per_floor":[15,34,47,47,66,100,111,111,111,128,128,156,156,69,69,148,148,168,196,216,234,234,234,269,269,269,299,299,50,50,69,69,141,141,152,202,219,78,78,78,78,300,300,300,312,340,340,340,340],"floor_reached":48,"playtime":2405,"items_purged":["Strike_G","Strike_G"],"score":1062,"play_id":"4d65755f-21d4-4843-9e2a-225f4174ffa0","local_time":"20210108193744","is_ascension_mode":true,"campfire_choices":[{"floor":8.0,"key":"REST"},{"data":"Neutralize","floor":13.0,"key":"SMITH"},{"data":"Footwork","floor":15.0,"key":"SMITH"},{"data":"Catalyst","floor":23.0,"key":"SMITH"},{"data":"Venomology","floor":25.0,"key":"SMITH"},{"data":"Crippling Poison","floor":30.0,"key":"SMITH"},{"floor":32.0,"key":"REST"},{"data":"Footwork","floor":40.0,"key":"SMITH"},{"floor":44.0,"key":"RECALL"}],"circlet_count":0,"master_deck":["AscendersBane","Strike_G","Strike_G","Defend_G","Defend_G","Defend_G","Defend_G","Survivor","Neutralize+1","Venomology+1","Quick Slash","Cloak And Dagger","Bouncing Flask","Backstab","Deadly Poison","Die Die Die","Skewer","Footwork+1","Corpse Explosion","Catalyst+1","Dodge and Roll","Escape Plan+1","Clumsy","Caltrops","Crippling Poison+1","Blur","Escape Plan+1","Footwork+1","Caltrops","Leg Sweep"],"relics":["Ring of the Snake","CaptainsWheel","Pantograph","Oddly Smooth Stone","Tough Bandages","Cursed Key","Red Mask","Anchor","Pocketwatch","SacredBark","Question Card"],"acts_visited":["Exordium","TheCity","TheBeyond"],"potions_floor_usage":[],"damage_taken":[{"damage":3.0,"enemies":"Small Slimes","floor":1.0,"turns":6.0},{"damage":0.0,"enemies":"Cultist","floor":2.0,"turns":3.0},{"damage":0.0,"enemies":"2 Louse","floor":3.0,"turns":3.0},{"damage":9.0,"enemies":"Exordium Thugs","floor":5.0,"turns":4.0},{"damage":18.0,"enemies":"Lagavulin","floor":6.0,"turns":5.0},{"damage":7.0,"enemies":"3 Louse","floor":7.0,"turns":3.0},{"damage":0.0,"enemies":"2 Fungi Beasts","floor":10.0,"turns":4.0},{"damage":14.0,"enemies":"3 Sentries","floor":12.0,"turns":9.0},{"damage":3.0,"enemies":"The Guardian","floor":16.0,"turns":11.0},{"damage":0.0,"enemies":"Spheric Guardian","floor":18.0,"turns":5.0},{"damage":0.0,"enemies":"Masked Bandits","floor":19.0,"turns":2.0},{"damage":0.0,"enemies":"Chosen","floor":20.0,"turns":5.0},{"damage":0.0,"enemies":"Centurion and Healer","floor":21.0,"turns":4.0},{"damage":27.0,"enemies":"Book of Stabbing","floor":24.0,"turns":5.0},{"damage":5.0,"enemies":"Gremlin Leader","floor":27.0,"turns":6.0},{"damage":8.0,"enemies":"Snecko","floor":31.0,"turns":4.0},{"damage":30.0,"enemies":"Champ","floor":33.0,"turns":12.0},{"damage":0.0,"enemies":"3 Darklings","floor":35.0,"turns":4.0},{"damage":0.0,"enemies":"3 Shapes","floor":37.0,"turns":3.0},{"damage":13.0,"enemies":"Transient","floor":45.0,"turns":6.0},{"damage":11.0,"enemies":"Reptomancer","floor":46.0,"turns":8.0},{"damage":36,"enemies":"Nemesis","floor":48,"turns":6}],"seed_played":"-2228307645256761926","potions_obtained":[{"floor":1.0,"key":"CunningPotion"},{"floor":6.0,"key":"ColorlessPotion"},{"floor":21.0,"key":"CultistPotion"},{"floor":33.0,"key":"Explosive Potion"},{"floor":45.0,"key":"Fire Potion"}],"is_trial":false,"path_per_floor":["M","M","M","?","M","E","M","R","T","M","?","E","R","$","R","B",null,"M","?","M","M","?","R","E","R","T","E","?","$","R","M","R","B",null,"M","?","M","$","?","R","?","?","T","R","M","E","T","E"],"character_chosen":"THE_SILENT","items_purchased":["Footwork","Caltrops","Crippling Poison","Poison Potion","Footwork"],"campfire_rested":2,"item_purchase_floors":[14,29,29,29,38],"current_hp_per_floor":[56,56,56,56,47,29,22,41,41,41,41,27,27,27,27,49,62,62,62,62,62,62,62,35,35,35,30,30,30,30,22,41,36,59,59,59,59,59,59,59,59,59,59,59,46,35,35,0,0],"gold":340,"neow_bonus":"THREE_RARE_CARDS","is_daily":false,"chose_seed":false,"campfire_upgraded":6,"win_rate":0.0,"timestamp":1610156264,"path_taken":["M","M","M","?","?","E","M","R","T","M","?","E","R","?","R","BOSS","M","?","M","M","?","R","E","R","T","E","?","?","R","M","R","BOSS","M","?","M","?","?","R","?","?","T","R","M","E","?","E"],"items_purchased_type":["Card","Card","Card","Potion","Card"],"build_version":"2020-12-22","purchased_purges":2,"victory":false,"max_hp_per_floor":[66,66,66,66,66,66,66,66,66,66,66,66,66,66,66,66,66,66,66,66,66,66,66,66,66,66,66,66,66,66,66,66,66,66,66,66,66,66,66,66,66,66,66,66,66,66,66,66,66],"relic_stats":{"Tough Bandages":[42],"counters":[22,118],"Pantograph":50,"Cursed Key":1,"Question Card":0,"obtain_stats":[{"CaptainsWheel":6,"Tough Bandages":12,"Anchor":24,"Pantograph":9,"SacredBark":34,"Oddly Smooth Stone":11,"Red Mask":19,"Cursed Key":17,"Question Card":46,"Ring of the Snake":0,"Pocketwatch":27},{"CaptainsWheel":5,"Tough Bandages":8,"Anchor":14,"Pantograph":6,"SacredBark":17,"Oddly Smooth Stone":7,"Red Mask":11,"Cursed Key":9,"Question Card":21,"Ring of the Snake":0,"Pocketwatch":15},{"CaptainsWheel":21,"Tough Bandages":37,"Anchor":69,"Pantograph":24,"SacredBark":91,"Oddly Smooth Stone":28,"Red Mask":55,"Cursed Key":48,"Question Card":112,"Ring of the Snake":0,"Pocketwatch":75}],"Ring of the Snake":[44],"Pocketwatch":[30]},"card_choices":[{"not_picked":["Envenom","Burst"],"picked":"Venomology","floor":0.0},{"not_picked":["Outmaneuver","Backflip"],"picked":"Quick Slash","floor":1.0},{"not_picked":["Dodge and Roll","Dagger Throw"],"picked":"Cloak And Dagger","floor":2.0},{"not_picked":["Finisher","PiercingWail"],"picked":"Bouncing Flask","floor":3.0},{"not_picked":["Riddle With Holes","Slice","Infinite Blades"],"picked":"SKIP","floor":5.0},{"not_picked":["Acrobatics","Eviscerate"],"picked":"Backstab","floor":6.0},{"not_picked":["Expertise","Infinite Blades"],"picked":"Deadly Poison","floor":7.0},{"not_picked":["Finisher","Dagger Throw"],"picked":"Die Die Die","floor":10.0},{"not_picked":["Flying Knee","Backflip"],"picked":"Skewer","floor":12.0},{"not_picked":["Doppelganger","Grand Finale"],"picked":"Corpse Explosion","floor":16.0},{"not_picked":["Deflect","Bane"],"picked":"Catalyst","floor":18.0},{"not_picked":["Predator","Slice"],"picked":"Dodge and Roll","floor":19.0},{"not_picked":["Sucker Punch","Prepared","Bane"],"picked":"SKIP","floor":20.0},{"not_picked":["Dagger Throw","Predator","Riddle With Holes"],"picked":"SKIP","floor":21.0},{"not_picked":["Endless Agony","Acrobatics"],"picked":"Escape Plan+1","floor":24.0},{"not_picked":["Riddle With Holes","Eviscerate","Distraction"],"picked":"SKIP","floor":27.0},{"not_picked":["PiercingWail","Concentrate"],"picked":"Blur","floor":31.0},{"not_picked":["Blade Dance+1","Sucker Punch"],"picked":"Escape Plan+1","floor":35.0},{"not_picked":["Caltrops","Acrobatics","Predator"],"picked":"SKIP","floor":37.0},{"not_picked":["Bane","Concentrate"],"picked":"Caltrops","floor":45.0},{"not_picked":["Masterful Stab+1","Night Terror"],"picked":"Leg Sweep","floor":46.0}],"player_experience":1206942,"relics_obtained":[{"floor":6.0,"key":"CaptainsWheel"},{"floor":9.0,"key":"Pantograph"},{"floor":12.0,"key":"Tough Bandages"},{"floor":19.0,"key":"Red Mask"},{"floor":24.0,"key":"Anchor"},{"floor":27.0,"key":"Pocketwatch"},{"floor":46.0,"key":"Question Card"}],"event_choices":[{"cards_removed":["Strike_G"],"damage_healed":0.0,"max_hp_gain":0.0,"max_hp_loss":0.0,"gold_gain":0.0,"event_name":"Purifier","player_choice":"Purged","floor":4.0,"gold_loss":0.0,"damage_taken":0.0},{"damage_healed":0.0,"max_hp_gain":0.0,"max_hp_loss":0.0,"gold_gain":0.0,"event_name":"WeMeetAgain","player_choice":"Gave Potion","floor":11.0,"gold_loss":0.0,"damage_taken":0.0,"relics_obtained":["Oddly Smooth Stone"]},{"damage_healed":0.0,"max_hp_gain":0.0,"max_hp_loss":0.0,"gold_gain":0.0,"event_name":"Masked Bandits","player_choice":"Fought Bandits","floor":19.0,"gold_loss":0.0,"damage_taken":0.0},{"damage_healed":0.0,"max_hp_gain":0.0,"max_hp_loss":0.0,"gold_gain":0.0,"event_name":"The Mausoleum","player_choice":"Ignored","floor":22.0,"gold_loss":0.0,"damage_taken":0.0},{"damage_healed":0.0,"max_hp_gain":0.0,"max_hp_loss":0.0,"gold_gain":0.0,"event_name":"Ghosts","player_choice":"Ignored","floor":28.0,"gold_loss":0.0,"damage_taken":0.0},{"damage_healed":0.0,"max_hp_gain":0.0,"max_hp_loss":0.0,"gold_gain":50.0,"event_name":"Golden Shrine","player_choice":"Pray","floor":36.0,"gold_loss":0.0,"damage_taken":0.0},{"damage_healed":0.0,"max_hp_gain":0.0,"max_hp_loss":0.0,"gold_gain":0.0,"event_name":"Mysterious Sphere","player_choice":"Ignored","floor":39.0,"gold_loss":0.0,"damage_taken":0.0},{"cards_removed":["Defend_G"],"damage_healed":0.0,"max_hp_gain":0.0,"max_hp_loss":0.0,"gold_gain":0.0,"event_name":"Falling","player_choice":"Removed Skill","floor":41.0,"gold_loss":0.0,"damage_taken":0.0},{"damage_healed":0.0,"max_hp_gain":0.0,"max_hp_loss":0.0,"gold_gain":222.0,"event_name":"Tomb of Lord Red Mask","player_choice":"Wore Mask","floor":42.0,"gold_loss":0.0,"damage_taken":0.0}],"is_beta":false,"boss_relics":[{"not_picked":["Coffee Dripper","Ectoplasm"],"picked":"Cursed Key"},{"not_picked":["Philosopher\u0027s Stone","Black Star"],"picked":"SacredBark"}],"items_purged_floors":[29,38],"is_endless":false,"potions_floor_spawned":[1,6,7,10,18,20,21,33,45],"killed_by":"Nemesis","ascension_level":20}}