{"host":"c97twqu0op5dg8i4","time":1610180179,"event":{"mods":["BaseMod","Minty Spire (QoL Compilation)"],"gold_per_floor":[117,117,292,144,30,30,59,79,102,118,132,167,185,204,204,306,306,321,27,27,27,45,45,74,74,74,105,15,47,63,63,63,160,160,175,175,175,58,58,58,75,75,75,85,85,98,98,98,98],"floor_reached":48,"playtime":2072,"items_purged":["Doubt","Strike_G"],"score":728,"play_id":"2e54c1ec-7ac1-4e5e-bb27-d72ecbe390a0","local_time":"20210109031619","is_ascension_mode":true,"campfire_choices":[{"data":"Crippling Poison","floor":6,"key":"SMITH"},{"data":"Deadly Poison","floor":15,"key":"SMITH"},{"data":"Poisoned Stab","floor":23,"key":"SMITH"},{"data":"Crippling Poison","floor":25,"key":"SMITH"},{"floor":32,"key":"REST"},{"floor":40,"key":"REST"},{"data":"Deadly Poison","floor":42,"key":"SMITH"}],"circlet_count":0,"master_deck":["Survivor","Neutralize+1","Blur","Crippling Poison+1","Noxious Fumes","Escape Plan","Predator","Deflect","Deadly Poison+1","Dodge and Roll","Quick Slash","Dash","Backflip","Venomology","PiercingWail","Poisoned Stab+1","Backflip","Deadly Poison","Poisoned Stab+1","Dodge and Roll","Prepared","Crippling Poison+1","Poisoned Stab+1","Envenom","Skewer","Outmaneuver","All Out Attack","Endless Agony","Acrobatics","Finisher","Bouncing Flask","Deadly Poison","Poisoned Stab","Deadly Poison+1","Deadly Poison+1","Dodge and Roll+1"],"relics":["Ring of the Snake","NeowsBlessing","Lantern","Ancient Tea Set","Prayer Wheel","Velvet Choker","Oddly Smooth Stone","The Specimen","Vajra","Darkstone Periapt","Pen Nib","The Courier","Pandora\u0027s Box","Ornamental Fan"],"acts_visited":["Exordium","TheCity","TheBeyond"],"potions_floor_usage":[11,16,16,16,16,22,24,33,46,48],"damage_taken":[{"damage":0,"enemies":"2 Louse","floor":1,"turns":1},{"damage":0,"enemies":"Gremlin Nob","floor":7,"turns":1},{"damage":0,"enemies":"Jaw Worm","floor":8,"turns":1},{"damage":0,"enemies":"Cultist","floor":10,"turns":3},{"damage":0,"enemies":"Lots of Slimes","floor":11,"turns":1},{"damage":36,"enemies":"3 Sentries","floor":12,"turns":9},{"damage":2,"enemies":"Looter","floor":13,"turns":3},{"damage":1,"enemies":"Red Slaver","floor":14,"turns":3},{"damage":21,"enemies":"Slime Boss","floor":16,"turns":12},{"damage":15,"enemies":"Spheric Guardian","floor":18,"turns":4},{"damage":0,"enemies":"2 Thieves","floor":21,"turns":4},{"damage":0,"enemies":"Centurion and Healer","floor":22,"turns":6},{"damage":2,"enemies":"Gremlin Leader","floor":24,"turns":5},{"damage":11,"enemies":"Slavers","floor":27,"turns":4},{"damage":1,"enemies":"Book of Stabbing","floor":29,"turns":6},{"damage":1,"enemies":"Cultist and Chosen","floor":30,"turns":5},{"damage":51,"enemies":"Collector","floor":33,"turns":7},{"damage":21,"enemies":"3 Darklings","floor":35,"turns":5},{"damage":14,"enemies":"Orb Walker","floor":41,"turns":3},{"damage":4,"enemies":"Sphere and 2 Shapes","floor":44,"turns":4},{"damage":42,"enemies":"3 Darklings","floor":46,"turns":6},{"damage":40,"enemies":"Spire Growth","floor":48,"turns":4}],"seed_played":"929315339305347685","potions_obtained":[{"floor":7,"key":"Explosive Potion"},{"floor":10,"key":"FearPotion"},{"floor":11,"key":"EntropicBrew"},{"floor":13,"key":"Weak Potion"},{"floor":18,"key":"Poison Potion"},{"floor":29,"key":"Poison Potion"},{"floor":45,"key":"CultistPotion"}],"is_trial":false,"path_per_floor":["M","?","?","$","$","R","E","M","T","M","M","E","M","M","R","B",null,"M","$","?","M","M","R","E","R","T","E","?","E","M","$","R","B",null,"M","?","?","$","$","R","M","R","T","M","?","M","?","M"],"character_chosen":"THE_SILENT","items_purchased":["Crippling Poison","Noxious Fumes","Escape Plan","Backflip","Oddly Smooth Stone","Deadly Poison","Poisoned Stab","Deadly Poison"],"campfire_rested":2,"item_purchase_floors":[4,5,5,19,19,38,38,38],"current_hp_per_floor":[70,70,70,70,70,70,70,70,70,70,70,34,32,31,31,10,70,55,55,55,55,55,55,53,53,53,42,42,41,40,40,61,10,70,49,49,49,49,49,70,56,56,56,52,52,10,3,0,0],"gold":98,"neow_bonus":"THREE_ENEMY_KILL","is_daily":false,"chose_seed":false,"campfire_upgraded":5,"win_rate":0.0,"timestamp":1610180179,"path_taken":["M","?","?","?","$","R","E","?","T","M","?","E","?","M","R","BOSS","M","$","?","M","?","R","E","R","T","E","?","E","M","$","R","BOSS","M","?","?","?","$","R","M","R","T","M","?","?","?","?"],"items_purchased_type":["Card","Card","Card","Card","Relic","Card","Card","Card"],"build_version":"2020-12-22","purchased_purges":2,"victory":false,"max_hp_per_floor":[70,70,70,70,70,70,70,70,70,70,70,70,70,70,70,70,70,70,70,70,70,70,70,70,70,70,70,70,70,70,70,70,70,70,70,70,70,70,70,70,70,70,70,70,70,70,70,70,70],"card_choices":[{"not_picked":["Flying Knee","Concentrate"],"picked":"Blur","floor":1},{"not_picked":["Blade Dance","Tactician","Flying Knee"],"picked":"SKIP","floor":7},{"not_picked":["Prepared","Underhanded Strike"],"picked":"Predator","floor":8},{"not_picked":["Slice","Eviscerate"],"picked":"Deflect","floor":10},{"not_picked":["Dodge and Roll","Bane"],"picked":"Deadly Poison","floor":11},{"not_picked":["Doppelganger","Slice"],"picked":"Dodge and Roll","floor":12},{"not_picked":["Dagger Spray","Dagger Throw"],"picked":"Quick Slash","floor":13},{"not_picked":["Eviscerate","Outmaneuver"],"picked":"Dash","floor":13},{"not_picked":["Deadly Poison","Dodge and Roll"],"picked":"Backflip","floor":14},{"not_picked":["Blade Dance","Blur","Underhanded Strike"],"picked":"SKIP","floor":14},{"not_picked":["Night Terror","A Thousand Cuts"],"picked":"Venomology","floor":16},{"not_picked":["Backstab+1","Endless Agony"],"picked":"PiercingWail","floor":18},{"not_picked":["Backstab","PiercingWail"],"picked":"Poisoned Stab+1","floor":18},{"not_picked":["Cloak And Dagger+1","Sucker Punch"],"picked":"Deadly Poison","floor":21},{"not_picked":["Backflip","Bane+1"],"picked":"Poisoned Stab","floor":21},{"not_picked":["PiercingWail","Distraction"],"picked":"Dodge and Roll","floor":22},{"not_picked":["Underhanded Strike","Caltrops"],"picked":"Prepared","floor":22},{"not_picked":["Bouncing Flask+1","Doppelganger"],"picked":"Crippling Poison","floor":24},{"not_picked":["Blade Dance+1","Well Laid Plans","Outmaneuver"],"picked":"SKIP","floor":27},{"not_picked":["Deflect","Outmaneuver"],"picked":"Poisoned Stab+1","floor":29},{"not_picked":["Blade Dance","Outmaneuver"],"picked":"Envenom","floor":30},{"not_picked":["Endless Agony","Prepared","Outmaneuver"],"picked":"SKIP","floor":30},{"not_picked":["Skewer","Outmaneuver","Concentrate+1"],"picked":"SKIP","floor":35},{"not_picked":["Deflect+1","Riddle With Holes","Outmaneuver+1"],"picked":"SKIP","floor":35},{"not_picked":["Deflect","All Out Attack+1"],"picked":"Deadly Poison+1","floor":41},{"not_picked":["Finisher+1","Outmaneuver+1"],"picked":"Dodge and Roll+1","floor":41},{"not_picked":["Distraction+1","Dodge and Roll+1","Underhanded Strike"],"picked":"SKIP","floor":44},{"not_picked":["Phantasmal Killer","Heel Hook","Endless Agony"],"picked":"SKIP","floor":44},{"not_picked":["Concentrate","Backstab","Escape Plan"],"picked":"SKIP","floor":46},{"not_picked":["Concentrate","Deflect","Masterful Stab"],"picked":"SKIP","floor":46}],"player_experience":258214,"relics_obtained":[{"floor":7,"key":"Lantern"},{"floor":9,"key":"Ancient Tea Set"},{"floor":12,"key":"Prayer Wheel"},{"floor":24,"key":"Vajra"},{"floor":26,"key":"Darkstone Periapt"},{"floor":27,"key":"Pen Nib"},{"floor":29,"key":"The Courier"},{"floor":43,"key":"Ornamental Fan"}],"event_choices":[{"damage_healed":0,"gold_gain":0,"player_choice":"Grow","damage_taken":0,"max_hp_gain":0,"max_hp_loss":0,"event_name":"Living Wall","floor":2,"gold_loss":0,"cards_upgraded":["Neutralize"]},{"damage_healed":0,"gold_gain":175,"player_choice":"AGREE","damage_taken":0,"max_hp_gain":0,"max_hp_loss":0,"event_name":"Liars Game","floor":3,"gold_loss":0,"cards_obtained":["Doubt"]},{"damage_healed":0,"gold_gain":0,"player_choice":"Gave Potion","damage_taken":0,"relics_obtained":["The Specimen"],"max_hp_gain":0,"max_hp_loss":0,"event_name":"WeMeetAgain","floor":20,"gold_loss":0},{"cards_removed":["Strike_G"],"damage_healed":0,"gold_gain":0,"player_choice":"Upgrade and Remove","damage_taken":0,"max_hp_gain":0,"max_hp_loss":0,"event_name":"Designer","floor":28,"gold_loss":90,"cards_upgraded":["Strike_G"]},{"damage_healed":0,"gold_gain":0,"player_choice":"Memory 1","damage_taken":0,"max_hp_gain":0,"max_hp_loss":0,"event_name":"SensoryStone","floor":36,"gold_loss":0},{"cards_removed":["Glass Knife"],"damage_healed":0,"gold_gain":0,"player_choice":"Removed Attack","damage_taken":0,"max_hp_gain":0,"max_hp_loss":0,"event_name":"Falling","floor":37,"gold_loss":0},{"damage_healed":0,"gold_gain":0,"player_choice":"Got Potions","damage_taken":0,"max_hp_gain":0,"max_hp_loss":0,"event_name":"Lab","floor":45,"gold_loss":0},{"damage_healed":0,"gold_gain":0,"player_choice":"Damaged","damage_taken":7,"max_hp_gain":0,"max_hp_loss":0,"event_name":"Wheel of Change","floor":47,"gold_loss":0}],"is_beta":false,"boss_relics":[{"not_picked":["HoveringKite","Runic Dome"],"picked":"Velvet Choker"},{"not_picked":["Calling Bell","Ring of the Serpent"],"picked":"Pandora\u0027s Box"}],"items_purged_floors":[4,19],"is_endless":false,"potions_floor_spawned":[7,10,11,13,18,22,29,35,41],"killed_by":"Spire Growth","ascension_level":4}}