{"host":"okln270zkafj6dck","time":1610153135,"event":{"mods":["BaseMod","Minty Spire (QoL Compilation)","Permanent Neow","Quick Restart","Relic Stats","StSLib","SuperFastMode"],"gold_per_floor":[114,114,133,143,68,68,68,100,145,158,176,209,209,237,237,312,312,328,149,161,161,177,190,223,223,223,237,237,268,268,298,298,375,375,385,405,295,305,180,208,208,234,234,234,269,283,303,155,155,155,155],"floor_reached":52,"playtime":7989,"items_purged":["Pain","Strike_G","Finisher"],"score":2240,"play_id":"93074fa3-e6fb-469e-a207-13db0c42ae66","local_time":"20210108164535","is_ascension_mode":true,"campfire_choices":[{"data":"Noxious Fumes","floor":6.0,"key":"SMITH"},{"data":"Catalyst","floor":15.0,"key":"SMITH"},{"floor":25.0,"key":"REST"},{"floor":30.0,"key":"REST"},{"floor":32,"key":"REST"},{"data":"Wraith Form v2","floor":41,"key":"SMITH"},{"data":"Well Laid Plans","floor":44,"key":"SMITH"},{"floor":49,"key":"REST"}],"circlet_count":0,"master_deck":["AscendersBane","Defend_G","Defend_G","Defend_G+1","Defend_G","Survivor","Neutralize","All Out Attack+1","Backflip+1","Envenom+1","Noxious Fumes+1","Blade Dance","Dash+1","Crippling Poison","Catalyst+1","Footwork","Corpse Explosion","Malaise","Well Laid Plans+1","Acrobatics+1","Leg Sweep","Deflect+1","Malaise","Wraith Form v2+1","PiercingWail+1","PiercingWail+1","Escape Plan+1","Leg Sweep+1"],"relics":["Astrolabe","WarpedTongs","Whetstone","Omamori","Snake Skull","Question Card","Sozu","Prayer Wheel","HornCleat","Pen Nib","Meat on the Bone","Philosopher\u0027s Stone","Kunai","Gambling Chip","Darkstone Periapt","Bird Faced Urn","Frozen Egg 2"],"acts_visited":["Exordium","TheCity","TheBeyond"],"potions_floor_usage":[],"damage_taken":[{"damage":0.0,"enemies":"Small Slimes","floor":1.0,"turns":2.0},{"damage":3.0,"enemies":"Cultist","floor":3.0,"turns":4.0},{"damage":9.0,"enemies":"2 Louse","floor":4.0,"turns":3.0},{"damage":5.0,"enemies":"Lagavulin","floor":8.0,"turns":6.0},{"damage":0.0,"enemies":"Lots of Slimes","floor":10.0,"turns":3.0},{"damage":0.0,"enemies":"3 Louse","floor":11.0,"turns":1.0},{"damage":7.0,"enemies":"3 Sentries","floor":12.0,"turns":5.0},{"damage":8.0,"enemies":"Gremlin Nob","floor":14.0,"turns":3.0},{"damage":2.0,"enemies":"Hexaghost","floor":16.0,"turns":8.0},{"damage":0.0,"enemies":"Spheric Guardian","floor":18.0,"turns":4.0},{"damage":10.0,"enemies":"Shell Parasite","floor":20.0,"turns":4.0},{"damage":10.0,"enemies":"Centurion and Healer","floor":22.0,"turns":4.0},{"damage":8.0,"enemies":"Shelled Parasite and Fungi","floor":23.0,"turns":6.0},{"damage":19.0,"enemies":"Slavers","floor":24.0,"turns":4.0},{"damage":0.0,"enemies":"Snake Plant","floor":27.0,"turns":3.0},{"damage":6.0,"enemies":"Book of Stabbing","floor":29.0,"turns":6.0},{"damage":12,"enemies":"Slavers","floor":31,"turns":4},{"damage":0,"enemies":"Champ","floor":33,"turns":10},{"damage":0,"enemies":"Orb Walker","floor":35,"turns":4},{"damage":0,"enemies":"3 Darklings","floor":36,"turns":4},{"damage":3,"enemies":"Spire Growth","floor":38,"turns":8},{"damage":0,"enemies":"Giant Head","floor":40,"turns":8},{"damage":1,"enemies":"Reptomancer","floor":42,"turns":9},{"damage":16,"enemies":"Nemesis","floor":45,"turns":9},{"damage":0,"enemies":"Writhing Mass","floor":46,"turns":6},{"damage":8,"enemies":"Transient","floor":47,"turns":6},{"damage":7,"enemies":"Awakened One","floor":50,"turns":17},{"damage":0,"enemies":"Time Eater","floor":51,"turns":9}],"seed_played":"-1018312187340609827","potions_obtained":[{"floor":4.0,"key":"Block Potion"},{"floor":10.0,"key":"GamblersBrew"},{"floor":14.0,"key":"SkillPotion"}],"is_trial":false,"path_per_floor":["M","?","M","M","$","R","?","E","T","M","M","E","?","E","R","B",null,"M","$","M","?","M","M","E","R","T","M","?","E","R","E","R","B",null,"M","M","?","M","$","E","R","E","T","R","E","M","M","?","R","B","B",null],"character_chosen":"THE_SILENT","items_purchased":["Well Laid Plans"],"campfire_rested":4,"item_purchase_floors":[19],"current_hp_per_floor":[59,59,56,47,47,47,47,42,42,42,42,35,35,27,27,25,56,56,56,46,40,30,22,3,22,22,22,22,16,35,23,42,42,60,60,60,60,57,57,57,57,56,56,56,40,46,48,48,66,63,66],"gold":155,"neow_bonus":"BOSS_RELIC","is_daily":false,"chose_seed":false,"campfire_upgraded":4,"win_rate":0.0,"timestamp":1610153135,"path_taken":["M","?","M","M","?","R","?","E","T","?","M","E","?","E","R","BOSS","M","$","M","?","M","M","E","R","T","?","?","E","R","E","R","BOSS","M","M","?","?","$","E","R","E","T","R","E","M","M","?","R","BOSS","BOSS"],"items_purchased_type":["Card"],"build_version":"2020-12-22","purchased_purges":3,"victory":true,"max_hp_per_floor":[66,66,66,66,66,66,66,66,66,66,66,66,66,66,66,66,66,66,66,66,66,66,66,66,66,66,66,66,66,66,66,66,66,66,66,66,66,66,66,66,66,66,66,66,66,66,66,66,66,66,66],"relic_stats":{"Darkstone Periapt":0,"counters":[28,160],"Astrolabe":["All Out Attack","Backflip","Envenom"],"Snake Skull":[292],"Pen Nib":[11],"Whetstone":["Dash","Strike_G"],"Question Card":24,"WarpedTongs":[143],"Sozu":7,"Gambling Chip":[13],"Bird Faced Urn":[23],"Prayer Wheel":6,"Kunai":[15],"obtain_stats":[{"Darkstone Periapt":43,"Astrolabe":0,"Snake Skull":12,"Pen Nib":29,"Omamori":9,"Whetstone":8,"Frozen Egg 2":48,"Question Card":14,"WarpedTongs":2,"Sozu":17,"HornCleat":26,"Gambling Chip":42,"Bird Faced Urn":45,"Prayer Wheel":24,"Philosopher\u0027s Stone":34,"Kunai":40,"Ring of the Snake":0,"Meat on the Bone":31},{"Darkstone Periapt":23,"Astrolabe":0,"Snake Skull":7,"Pen Nib":16,"Omamori":4,"Whetstone":4,"Frozen Egg 2":26,"Question Card":8,"WarpedTongs":1,"Sozu":9,"HornCleat":14,"Gambling Chip":23,"Bird Faced Urn":24,"Prayer Wheel":14,"Philosopher\u0027s Stone":18,"Kunai":22,"Ring of the Snake":0,"Meat on the Bone":17},{"Darkstone Periapt":113,"Astrolabe":0,"Snake Skull":24,"Pen Nib":66,"Omamori":15,"Whetstone":15,"Frozen Egg 2":134,"Question Card":27,"WarpedTongs":2,"Sozu":35,"HornCleat":57,"Gambling Chip":113,"Bird Faced Urn":122,"Prayer Wheel":57,"Philosopher\u0027s Stone":80,"Kunai":104,"Ring of the Snake":0,"Meat on the Bone":70}],"Meat on the Bone":0},"card_choices":[{"not_picked":["Poisoned Stab","Underhanded Strike"],"picked":"Noxious Fumes","floor":1.0},{"not_picked":["Tactician","Acrobatics"],"picked":"Blade Dance","floor":3.0},{"not_picked":["Caltrops","Prepared"],"picked":"Dash","floor":4.0},{"not_picked":["Acrobatics","Prepared","Caltrops"],"picked":"SKIP","floor":8.0},{"not_picked":["Noxious Fumes","Blur"],"picked":"Crippling Poison","floor":10.0},{"not_picked":["Sucker Punch","Finisher"],"picked":"Catalyst","floor":11.0},{"not_picked":["Poisoned Stab","Deflect"],"picked":"Footwork","floor":12.0},{"not_picked":["Wraith Form v2","Dagger Spray"],"picked":"Corpse Explosion","floor":14.0},{"not_picked":["Unload","Storm of Steel","Night Terror"],"picked":"Malaise","floor":16.0},{"not_picked":["All Out Attack+1","Deflect","Poisoned Stab+1","Underhanded Strike"],"picked":"SKIP","floor":18.0},{"not_picked":["Flechettes","Underhanded Strike","Well Laid Plans","Bane"],"picked":"SKIP","floor":20.0},{"not_picked":["Dagger Spray","Deflect","Prepared"],"picked":"Acrobatics+1","floor":22.0},{"not_picked":["Endless Agony+1","Skewer","Tactician","All Out Attack"],"picked":"SKIP","floor":23.0},{"not_picked":["Sucker Punch+1","A Thousand Cuts","Dagger Spray","Phantasmal Killer"],"picked":"SKIP","floor":24.0},{"not_picked":["Footwork","Cloak And Dagger","Infinite Blades"],"picked":"Leg Sweep","floor":27.0},{"not_picked":["Footwork","Accuracy","Sucker Punch","Acrobatics"],"picked":"SKIP","floor":27.0},{"not_picked":["Terror","Footwork","Underhanded Strike+1"],"picked":"Deflect+1","floor":29.0},{"not_picked":["Poisoned Stab","Underhanded Strike","Endless Agony"],"picked":"Malaise","floor":31},{"not_picked":["Die Die Die","Envenom","Venomology"],"picked":"Wraith Form v2","floor":33},{"not_picked":["Cloak And Dagger+1","Accuracy","Dagger Throw","Masterful Stab+1"],"picked":"SKIP","floor":35},{"not_picked":["Quick Slash+1","Dagger Spray+1","Terror","Dodge and Roll"],"picked":"SKIP","floor":35},{"not_picked":["Poisoned Stab+1","Finisher","Dodge and Roll"],"picked":"PiercingWail+1","floor":36},{"not_picked":["Dagger Spray","Caltrops","Blade Dance"],"picked":"PiercingWail+1","floor":36},{"not_picked":["Deflect","Cloak And Dagger","Distraction+1"],"picked":"Escape Plan+1","floor":38},{"not_picked":["Flying Knee","Sucker Punch","Underhanded Strike","Slice+1"],"picked":"SKIP","floor":38},{"not_picked":["Finisher","Grand Finale","Eviscerate","Storm of Steel"],"picked":"SKIP","floor":40},{"not_picked":["Calculated Gamble","Leg Sweep","Infinite Blades","Footwork"],"picked":"SKIP","floor":42},{"not_picked":["PiercingWail","Phantasmal Killer","Blade Dance"],"picked":"Leg Sweep+1","floor":45},{"not_picked":["Prepared","Bane","Expertise","PiercingWail"],"picked":"SKIP","floor":46},{"not_picked":["Cloak And Dagger","Prepared","Underhanded Strike","Poisoned Stab+1"],"picked":"SKIP","floor":46},{"not_picked":["Setup","Riddle With Holes+1","Dagger Spray+1","Blur"],"picked":"SKIP","floor":47},{"not_picked":["Underhanded Strike","Prepared","Acrobatics","Deflect"],"picked":"SKIP","floor":47}],"player_experience":89723,"relics_obtained":[{"floor":8.0,"key":"Whetstone"},{"floor":9.0,"key":"Omamori"},{"floor":12.0,"key":"Snake Skull"},{"floor":14.0,"key":"Question Card"},{"floor":24.0,"key":"Prayer Wheel"},{"floor":26.0,"key":"HornCleat"},{"floor":29.0,"key":"Pen Nib"},{"floor":31,"key":"Meat on the Bone"},{"floor":40,"key":"Kunai"},{"floor":42,"key":"Gambling Chip"},{"floor":43,"key":"Darkstone Periapt"},{"floor":45,"key":"Bird Faced Urn"}],"event_choices":[{"damage_healed":0.0,"max_hp_gain":0.0,"max_hp_loss":0.0,"gold_gain":0.0,"event_name":"Accursed Blacksmith","player_choice":"Rummage","floor":2.0,"gold_loss":0.0,"damage_taken":0.0,"relics_obtained":["WarpedTongs"],"cards_obtained":["Pain"]},{"damage_healed":0.0,"max_hp_gain":0.0,"max_hp_loss":0.0,"gold_gain":0.0,"cards_transformed":["Strike_G"],"event_name":"Transmorgrifier","player_choice":"Transformed","floor":7.0,"gold_loss":0.0,"damage_taken":0.0,"cards_obtained":["Finisher"]},{"damage_healed":0.0,"max_hp_gain":0.0,"max_hp_loss":0.0,"gold_gain":0.0,"event_name":"Liars Game","player_choice":"Ignored","floor":13.0,"gold_loss":0.0,"damage_taken":0.0},{"damage_healed":0.0,"max_hp_gain":0.0,"max_hp_loss":0.0,"gold_gain":0.0,"event_name":"Knowing Skull","player_choice":"","floor":21.0,"potions_obtained":[],"gold_loss":0.0,"damage_taken":6.0,"cards_obtained":[]},{"damage_healed":0.0,"max_hp_gain":0.0,"max_hp_loss":0.0,"gold_gain":0.0,"event_name":"Vampires","player_choice":"Ignored","floor":28.0,"gold_loss":0.0,"damage_taken":0.0},{"cards_removed":["Strike_G"],"damage_healed":0,"gold_gain":0,"player_choice":"Upgrade and Remove","damage_taken":0,"max_hp_gain":0,"max_hp_loss":0,"event_name":"Designer","floor":37,"gold_loss":110,"cards_upgraded":["Defend_G"]},{"damage_healed":0,"gold_gain":0,"player_choice":"Paid Gold","damage_taken":0,"relics_obtained":["Frozen Egg 2"],"max_hp_gain":0,"max_hp_loss":0,"event_name":"WeMeetAgain","floor":48,"gold_loss":148}],"is_beta":false,"boss_relics":[{"not_picked":["Black Star","HoveringKite"],"picked":"Sozu"},{"not_picked":["WristBlade","SacredBark"],"picked":"Philosopher\u0027s Stone"}],"items_purged_floors":[5,19,39],"is_endless":false,"potions_floor_spawned":[4,10,14,20,23,27,35,42,45,47],"ascension_level":20}}