{"host":"oe6yjh9x9s1jtd6c","time":1610227711,"event":{"mods":["Act Like it!","BaseMod","Downfall","Hubris","Jorbs\u0027s Wanderer Trilogy","Minty Spire (QoL Compilation)","Permanent Neow","Relic Stats","Replay The Spire","Shop Mod","StSLib","The Jungle"],"gold_per_floor":[118,132,152,163,3,32,59,59,59,72,114,127,52,68,68,177,177,198,198,220,239,69,69,155,175,175,175,175],"floor_reached":26,"playtime":1645,"items_purged":["hexamod:Strike"],"score":223,"play_id":"74b8e1d8-d18a-444e-84b0-4dbea4de952e","local_time":"20210109212831","is_ascension_mode":true,"campfire_choices":[{"data":"Pot Of Greed","floor":13,"key":"SMITH"},{"data":"hexamod:RainOfEmbers","floor":15,"key":"SMITH"},{"data":"hexamod:EmpoweredFlame","floor":23,"key":"SMITH"}],"circlet_count":0,"master_deck":["hexamod:Strike","hexamod:Strike","hexamod:Defend","hexamod:Defend","hexamod:Defend","hexamod:Defend","hexamod:Sear","hexamod:Float","hexamod:Toasty","hexamod:RainOfEmbers+1","hexamod:SpectersWail","hexamod:EmpoweredFlame+1","hexamod:HeatShield","hexamod:SoulSteal","hexamod:VolcanoVisage","Pot Of Greed+1","Pot Of Greed","hexamod:HexaLevel+1","hexamod:StepThrough+1","hexamod:PhantomFireball","hexamod:EmpoweredFlame","hexamod:Hexaguard","Normality"],"relics":["hexamod:SpiritBrand","Matryoshka","Shuriken","Oddly Smooth Stone","CeramicFish","Grinning Jar","downfall:HeartBlessingBlue","Cursed Key","PreservedInsect","hubris:DisguiseKit"],"acts_visited":["Exordium","Exordium"],"potions_floor_usage":[],"damage_taken":[{"damage":0,"enemies":"Cultist","floor":1,"turns":3},{"damage":0,"enemies":"Small Slimes","floor":2,"turns":4},{"damage":0,"enemies":"Jaw Worm","floor":3,"turns":3},{"damage":3,"enemies":"2 Fungi Beasts","floor":4,"turns":4},{"damage":0,"enemies":"downfall:FleeingMerchant","floor":5,"turns":4},{"damage":9,"enemies":"Replay:BlueRogue","floor":6,"turns":4},{"damage":2,"enemies":"Lots of Slimes","floor":10,"turns":3},{"damage":0,"enemies":"Exordium Wildlife","floor":12,"turns":3},{"damage":0,"enemies":"Large Slime","floor":14,"turns":3},{"damage":9,"enemies":"downfall:Silent","floor":16,"turns":9},{"damage":0,"enemies":"theJungle:GiantWrat","floor":18,"turns":3},{"damage":10,"enemies":"theJungle:MUSHROOMGANG","floor":20,"turns":3},{"damage":18,"enemies":"theJungle:JungleHuntersEncounter","floor":21,"turns":6},{"damage":4,"enemies":"downfall:FleeingMerchant","floor":22,"turns":4},{"damage":36,"enemies":"Snake Plant","floor":25,"turns":4},{"damage":16,"enemies":"theJungle:Cassacara","floor":26,"turns":5}],"seed_played":"5404170218831633504","potions_obtained":[{"floor":4,"key":"Elixir"},{"floor":6,"key":"hexamod:EctoCoolerPotion"},{"floor":12,"key":"Milkshake"},{"floor":16,"key":"Energy Potion"},{"floor":25,"key":"PowerPotion"}],"is_trial":false,"path_per_floor":["M","M","M","M","$","E","T","?","?","M","T","M","R","M","R","B",null,"M","?","M","M","$","R","T","M","E"],"character_chosen":"THE_SPIRIT","items_purchased":["hexamod:SoulSteal","PreservedInsect","hexamod:Hexaguard"],"campfire_rested":0,"item_purchase_floors":[5,22,22],"current_hp_per_floor":[49,49,49,46,46,37,37,37,12,10,10,10,20,20,20,11,80,80,80,70,52,48,48,48,12,0,0,0],"gold":175,"neow_bonus":"THREE_RARE_CARDS","is_daily":false,"chose_seed":false,"campfire_upgraded":3,"win_rate":0.0,"timestamp":1610227711,"path_taken":["M","M","M","M","$","E","T","?","?","M","?","M","R","M","R","BOSS","M","?","M","?","$","R","T","M","E"],"items_purchased_type":["Card","Relic","Card"],"build_version":"2020-12-22","purchased_purges":1,"victory":false,"max_hp_per_floor":[70,70,70,70,70,70,70,70,70,70,70,70,80,80,80,80,80,80,80,80,80,80,80,80,80,80,80,80],"relic_stats":{"counters":[16,65],"Shuriken":[4],"CeramicFish":72,"PreservedInsect":39,"Cursed Key":1,"obtain_stats":[{"hubris:DisguiseKit":24,"Matryoshka":6,"Shuriken":7,"downfall:HeartBlessingBlue":13,"CeramicFish":11,"Oddly Smooth Stone":9,"PreservedInsect":22,"Grinning Jar":11,"Cursed Key":17,"hexamod:SpiritBrand":0},{"hubris:DisguiseKit":14,"Matryoshka":6,"Shuriken":6,"downfall:HeartBlessingBlue":8,"CeramicFish":7,"Oddly Smooth Stone":6,"PreservedInsect":14,"Grinning Jar":7,"Cursed Key":10,"hexamod:SpiritBrand":0},{"hubris:DisguiseKit":56,"Matryoshka":22,"Shuriken":22,"downfall:HeartBlessingBlue":28,"CeramicFish":25,"Oddly Smooth Stone":22,"PreservedInsect":56,"Grinning Jar":25,"Cursed Key":40,"hexamod:SpiritBrand":0}]},"card_choices":[{"not_picked":["hexamod:ParanormalForm","hexamod:ApocalypticArmor"],"picked":"hexamod:Toasty","floor":0},{"not_picked":["hexamod:NightmareStrike","hexamod:Haunt"],"picked":"hexamod:RainOfEmbers","floor":1},{"not_picked":["hexamod:Rewind","hexamod:ShieldOfDarkness"],"picked":"hexamod:SpectersWail","floor":2},{"not_picked":["hexamod:Rewind","hexamod:GhostflameBarrier"],"picked":"hexamod:EmpoweredFlame","floor":3},{"not_picked":["hexamod:PowerFromBeyond","hexamod:FourthSeal"],"picked":"hexamod:HeatShield","floor":4},{"not_picked":["hexamod:FastForward","hexamod:NightmareStrike","hexamod:CatchUp"],"picked":"SKIP","floor":5},{"not_picked":["hexamod:NightmareGuise","hexamod:GhostLash"],"picked":"hexamod:VolcanoVisage","floor":6},{"not_picked":["hexamod:NightmareGuise","hexamod:InspiringFlames","hexamod:AdvancingGuard"],"picked":"SKIP","floor":10},{"not_picked":["hexamod:GhostLash","hexamod:BacktrackSmack","hexamod:NightmareGuise"],"picked":"SKIP","floor":12},{"not_picked":["hexamod:GhostShield","hexamod:SpectersWail","hexamod:AdvancingGuard"],"picked":"SKIP","floor":14},{"not_picked":["hexamod:SearingWound","hexamod:UnleashSpirits"],"picked":"hexamod:HexaLevel","floor":16},{"not_picked":["hexamod:AdvancingGuard+1","hexamod:Again"],"picked":"hexamod:StepThrough+1","floor":18},{"not_picked":["hexamod:NecessarySacrifice","hexamod:HeatCrush"],"picked":"hexamod:PhantomFireball","floor":20},{"not_picked":["hexamod:BacktrackSmack","hexamod:ThermalTransfer","hexamod:GhostShield"],"picked":"SKIP","floor":21},{"not_picked":["hexamod:NightmareGuise","hexamod:GhostShield"],"picked":"hexamod:EmpoweredFlame","floor":22},{"not_picked":["hexamod:NightmareStrike","hexamod:InspiringFlames","hexamod:HauntingEcho","PathToVictory"],"picked":"SKIP","floor":25}],"player_experience":588009,"relics_obtained":[{"floor":6,"key":"Matryoshka"},{"floor":7,"key":"Shuriken"},{"floor":11,"key":"CeramicFish"},{"floor":11,"key":"Grinning Jar"},{"floor":24,"key":"hubris:DisguiseKit"}],"event_choices":[{"damage_healed":0,"gold_gain":0,"player_choice":"Success","damage_taken":25,"relics_obtained":["Oddly Smooth Stone"],"max_hp_gain":0,"max_hp_loss":0,"event_name":"Scrap Ooze","floor":9,"gold_loss":0},{"damage_healed":0,"gold_gain":0,"player_choice":"Upgraded","damage_taken":0,"max_hp_gain":0,"max_hp_loss":0,"event_name":"Upgrade Shrine","floor":19,"gold_loss":0,"cards_upgraded":["hexamod:HexaLevel"]}],"is_beta":false,"boss_relics":[{"not_picked":["hubris:HollowSoul","Coffee Dripper"],"picked":"Cursed Key"}],"items_purged_floors":[5],"is_endless":false,"potions_floor_spawned":[4,6,12,16,20,25],"killed_by":"theJungle:Cassacara","ascension_level":1}}