{"host":"o1eo6lsal1uhkpuk","time":1610174527,"event":{"mods":["AchievementEnabler","BaseMod","Block Reminder","Colored Map","Curses Come First","DeckTracker","Friendly Minions","Highlight Path","HololiveMod","Minty Spire (QoL Compilation)","Prisma Mod","Rare Cards Sparkle","StSLib","SuperFastMode","The Animator","Unceasing Turn Reminder","Yohane!"],"gold_per_floor":[177,78,91,106,406,437,454,488,488,488,140,140,64,77,77,172,172,182,82,95,20,20,46,46,69,140,174,185,185,185,199,199,302,302,314,314,329,339,136,170,184,199,199,199,44,44,44],"floor_reached":46,"playtime":1528,"items_purged":[],"score":811,"play_id":"ed9ce725-1b31-47ca-aaa2-c5014319f3a0","local_time":"20210108224207","is_ascension_mode":true,"campfire_choices":[{"data":"Hololive_Breathe","floor":10,"key":"SMITH"},{"data":"Hololive_LuckPotion","floor":12,"key":"SMITH"},{"data":"Hololive_LuckPotion","floor":15,"key":"SMITH"},{"data":"Hololive_BeCareful","floor":24,"key":"SMITH"},{"floor":30,"key":"REST"},{"floor":32,"key":"REST"},{"floor":44,"key":"REST"}],"circlet_count":0,"master_deck":["Hololive_Strike","Hololive_Strike","Hololive_Strike","Hololive_Strike","Hololive_Defend","Hololive_Defend","Hololive_Defend","Hololive_Defend","Hololive_LuckPotion","Hololive_Trident","Hololive_LuckPotion+1","Hololive_LuckPotion","Hololive_LuckPotion+1","Hololive_Breathe+1","Hololive_BeCareful+1","Hololive_CallMoonaHoshinova+1","Hololive_StarCraft+1","Hololive_LuckPotion","Hololive_LuckPotion","Hololive_Breathe","Hololive_LuckPotion","Necronomicurse","Hololive_Breathe","Hololive_FlyingPonyTail+1","Hololive_Breathe"],"relics":["Hololive_TheStar","Hololive_Peko","Old Coin","Sundial","Pear","Letter Opener","Membership Card","Mercury Hourglass","Hololive_FriedShrimpLion","Medical Kit","Astrolabe","Hololive_LightStick","Happy Flower","Ornamental Fan","Bottled Flame","Necronomicon","Philosopher\u0027s Stone","Strange Spoon","Shuriken","Boot","Bottled Tornado","TungstenRod"],"acts_visited":["Exordium","TheCity","TheBeyond"],"potions_floor_usage":[42,42],"damage_taken":[{"damage":0,"enemies":"Cultist","floor":1,"turns":3},{"damage":0,"enemies":"Small Slimes","floor":3,"turns":2},{"damage":0,"enemies":"Jaw Worm","floor":4,"turns":3},{"damage":9,"enemies":"Gremlin Nob","floor":6,"turns":3},{"damage":2,"enemies":"Exordium Thugs","floor":7,"turns":4},{"damage":14,"enemies":"Lagavulin","floor":8,"turns":4},{"damage":0,"enemies":"Lots of Slimes","floor":14,"turns":1},{"damage":4,"enemies":"Hexaghost","floor":16,"turns":4},{"damage":0,"enemies":"3 Byrds","floor":18,"turns":2},{"damage":0,"enemies":"Shell Parasite","floor":20,"turns":3},{"damage":10,"enemies":"Gremlin Leader","floor":23,"turns":5},{"damage":0,"enemies":"3 Cultists","floor":25,"turns":3},{"damage":5,"enemies":"Book of Stabbing","floor":27,"turns":3},{"damage":4,"enemies":"Chosen and Byrds","floor":28,"turns":3},{"damage":9,"enemies":"Snake Plant","floor":31,"turns":2},{"damage":0,"enemies":"Automaton","floor":33,"turns":6},{"damage":0,"enemies":"Orb Walker","floor":35,"turns":2},{"damage":0,"enemies":"3 Darklings","floor":37,"turns":3},{"damage":0,"enemies":"Writhing Mass","floor":38,"turns":3},{"damage":11,"enemies":"Reptomancer","floor":40,"turns":4},{"damage":0,"enemies":"Sphere and 2 Shapes","floor":41,"turns":2},{"damage":30,"enemies":"Jaw Worm Horde","floor":42,"turns":3},{"damage":30,"enemies":"Writhing Mass","floor":46,"turns":3}],"seed_played":"-2868329895890712972","potions_obtained":[{"floor":1,"key":"Ancient Potion"},{"floor":6,"key":"ColorlessPotion"},{"floor":14,"key":"SteroidPotion"},{"floor":16,"key":"Fruit Juice"}],"is_trial":false,"path_per_floor":["M","$","M","M","?","E","M","E","T","R","$","R","$","M","R","B",null,"M","$","M","?","?","E","R","M","T","E","M","?","R","M","R","B",null,"M","?","M","M","$","E","M","M","T","R","$","M"],"character_chosen":"Hololive_HololiveCharacter","items_purchased":["Hololive_LuckPotion","Hololive_Trident","Membership Card","Mercury Hourglass","Hololive_FriedShrimpLion","Medical Kit","Hololive_LuckPotion","Hololive_LightStick","Strange Spoon","Shuriken","TungstenRod"],"campfire_rested":3,"item_purchase_floors":[2,2,11,11,11,13,19,19,39,39,45],"current_hp_per_floor":[35,35,35,35,35,26,24,20,20,20,20,20,20,20,20,16,45,45,45,45,45,45,35,35,35,35,30,26,10,23,14,27,27,45,45,45,45,45,45,34,34,9,9,24,24,0,0],"gold":44,"neow_bonus":"HUNDRED_GOLD","is_daily":false,"chose_seed":false,"campfire_upgraded":4,"win_rate":0.0,"timestamp":1610174527,"path_taken":["M","$","?","M","?","E","M","E","T","R","?","R","$","M","R","BOSS","M","?","M","?","?","E","R","M","T","E","M","?","R","M","R","BOSS","M","?","M","M","?","E","M","M","T","R","$","M"],"items_purchased_type":["Card","Card","Relic","Relic","Relic","Relic","Card","Relic","Relic","Relic","Relic"],"build_version":"2020-12-22","purchased_purges":0,"victory":false,"max_hp_per_floor":[35,35,35,35,35,35,35,45,45,45,45,45,45,45,45,45,45,45,45,45,45,45,45,45,45,45,45,45,45,45,45,45,45,45,45,45,45,45,45,45,45,50,50,50,50,50,50],"card_choices":[{"not_picked":["Hololive_CallOmaruPolka","Hololive_HuntDinosaur","Hololive_CallSpadeEcho"],"picked":"Hololive_LuckPotion","floor":1},{"not_picked":["Hololive_Rebound","Hololive_Teleport","Hololive_Drill"],"picked":"Hololive_LuckPotion","floor":3},{"not_picked":["Hololive_CallMurasakiShion","Hololive_OvertimeWork","Hololive_CocoNews","Hololive_StrengthChampion"],"picked":"SKIP","floor":4},{"not_picked":["Hololive_CocoNews","Hololive_Sequa","Hololive_CallMoonaHoshinova"],"picked":"Hololive_Trident","floor":6},{"not_picked":["Hololive_Watashimo","Hololive_BringToTrial","Hololive_WolfAndLamb"],"picked":"Hololive_Breathe","floor":7},{"not_picked":["Hololive_Sequa","Hololive_StrengthChampion","Hololive_RevenueBasedLive"],"picked":"Hololive_FlyingPonyTail","floor":8},{"not_picked":["Hololive_DDD","Hololive_CallShiranuiFlare","Hololive_HuntDinosaur","Hololive_SoulCatcher"],"picked":"SKIP","floor":14},{"not_picked":["Hololive_FlareMind","Hololive_ScarfAndHalo","Hololive_ASMR"],"picked":"Hololive_BeCareful","floor":16},{"not_picked":["Hololive_ILoveYou","Hololive_Rebound","Hololive_CallAkaiHaato","Hololive_RevenueBasedLive"],"picked":"SKIP","floor":18},{"not_picked":["Hololive_Watashimo","Hololive_Sequa+1","Hololive_CallAkiRosenthal"],"picked":"Hololive_LuckPotion","floor":20},{"not_picked":["Hololive_CallMomosuzuNene","Hololive_CallOmaruPolka","Hololive_IdolExercise","Hololive_Drill+1"],"picked":"SKIP","floor":23},{"not_picked":["Hololive_Drill","Hololive_OvertimeWork+1","Hololive_CallYozoraMel+1"],"picked":"Hololive_Breathe","floor":25},{"not_picked":["Hololive_HuntDinosaur","Hololive_Trident","Hololive_CallKiryuuCoco"],"picked":"Hololive_LuckPotion","floor":27},{"not_picked":["Hololive_CocoNews","Hololive_Trident","Hololive_OvertimeWork","Hololive_BeCareful"],"picked":"SKIP","floor":28},{"not_picked":["Hololive_Trident+1","Hololive_Psychosis","Hololive_OvertimeWork+1"],"picked":"Hololive_Breathe","floor":31},{"not_picked":["Hololive_SummonFox","Hololive_Psychosis","Hololive_Drill"],"picked":"Hololive_FlyingPonyTail+1","floor":35},{"not_picked":["Hololive_CallHimemoriLuna","Hololive_CallOzoraSubaru+1","Hololive_OvertimeWork+1","Hololive_CallShiranuiFlare"],"picked":"SKIP","floor":37},{"not_picked":["Hololive_CallHimemoriLuna+1","Hololive_CallYogiri+1","Hololive_CallMomosuzuNene+1","Hololive_Rebound"],"picked":"SKIP","floor":38},{"not_picked":["Hololive_Yoholoon+1","Hololive_FlareMind","Hololive_CocoNews+1","Hololive_StrengthChampion"],"picked":"SKIP","floor":40},{"not_picked":["Hololive_CallRoboco","Hololive_CallShiroganeNoel","Hololive_CallDoris+1","Hololive_OvertimeWork"],"picked":"SKIP","floor":41},{"not_picked":["Hololive_RevenueBasedLive","Hololive_Teleport","Hololive_OvertimeWork+1"],"picked":"Hololive_Breathe","floor":42}],"player_experience":116735,"relics_obtained":[{"floor":6,"key":"Sundial"},{"floor":8,"key":"Pear"},{"floor":9,"key":"Letter Opener"},{"floor":23,"key":"Happy Flower"},{"floor":26,"key":"Ornamental Fan"},{"floor":27,"key":"Bottled Flame"},{"floor":29,"key":"Necronomicon"},{"floor":40,"key":"Boot"},{"floor":43,"key":"Bottled Tornado"}],"event_choices":[{"damage_healed":0,"gold_gain":0,"player_choice":"Gave Potion","damage_taken":0,"relics_obtained":["Old Coin"],"max_hp_gain":0,"max_hp_loss":0,"event_name":"WeMeetAgain","floor":5,"gold_loss":0},{"cards_removed":["Hololive_CallAkiRosenthal"],"damage_healed":0,"gold_gain":0,"player_choice":"Gave Gold","damage_taken":0,"max_hp_gain":0,"max_hp_loss":0,"event_name":"Beggar","floor":21,"gold_loss":75},{"damage_healed":0,"gold_gain":0,"player_choice":"Ignored","damage_taken":0,"max_hp_gain":0,"max_hp_loss":0,"event_name":"Ghosts","floor":22,"gold_loss":0},{"damage_healed":0,"gold_gain":0,"player_choice":"Obtained Book","damage_taken":16,"max_hp_gain":0,"max_hp_loss":0,"event_name":"Cursed Tome","floor":29,"gold_loss":0},{"damage_healed":0,"gold_gain":0,"player_choice":"Ignored","damage_taken":0,"max_hp_gain":0,"max_hp_loss":0,"event_name":"SecretPortal","floor":36,"gold_loss":0}],"is_beta":false,"boss_relics":[{"not_picked":["Hololive_TopUpMoneyS","Runic Pyramid"],"picked":"Astrolabe"},{"not_picked":["Cursed Key","Hololive_Finger"],"picked":"Philosopher\u0027s Stone"}],"items_purged_floors":[],"is_endless":false,"potions_floor_spawned":[1,6,14,16,18,23,25,28,31,35,40,41],"killed_by":"Writhing Mass","ascension_level":3}}