{"host":"bf9sa99gaumonoeu","time":1610159824,"event":{"mods":["AchievementEnabler","Act Like it!","BaseMod","Better Sensory Stone","Colored Map","Colored Powertips","Downfall","Friendly Minions","Gensokyo","GifTheSpireLib","Googly Eyes","Hallownest","Hermit","Jorbs\u0027s Wanderer Trilogy","KinomotoSakuraMod(????)","Koishi","Lobotomy","Marisa????????","Minty Spire (QoL Compilation)","Rare Cards Sparkle","Reimu??????","Relic Stats","Remilia??????","StSLib","The Administrix","The Animator","The Blue Laboratory","The Bug Knight","The Construct","The Cursed","The Disciple","The Hierophant","The Mystic","The Necromancer","The Poker Player","The Runesmith","The Senshi","The Servant 0.9.4","TheLocksmith"],"gold_per_floor":[114,125,81,95,95,95,95,136,136,161,161,161,196,212,212,311,311,330,245,269,292,308,308,341,341,394,394,11,11,24,47,47,47,47],"floor_reached":33,"playtime":1579,"items_purged":[],"score":630,"play_id":"5d7e6492-4549-418f-a4f6-f549ce4cf240","local_time":"20210109003704","is_ascension_mode":true,"campfire_choices":[{"data":"Neutralize","floor":6.0,"key":"SMITH"},{"data":"Chrysalis","floor":12.0,"key":"SMITH"},{"data":"Distraction","floor":15.0,"key":"SMITH"},{"floor":23.0,"key":"REST"},{"floor":27.0,"key":"REST"},{"floor":29.0,"key":"REST"},{"floor":32,"key":"REST"}],"circlet_count":0,"master_deck":["AscendersBane","Strike_G","Strike_G","Strike_G","Strike_G","Strike_G","Defend_G","Defend_G","Defend_G","Defend_G","Defend_G","Survivor","Neutralize+1","Terror","Backstab","Escape Plan","Masterful Stab","Chrysalis+1","Distraction+1","Prepared","Malaise","Dodge and Roll+1","Crippling Poison","Dodge and Roll","Catalyst","Crippling Poison","Deadly Poison","Bouncing Flask"],"relics":["Ring of the Snake","Tiny Chest","Golden Idol","Ninja Scroll","Potion Belt","Blood Vial","Bronze Scales","Runesmith:UraniumAnvil","PreservedInsect","HollowMod:PaleOreRelic","Oddly Smooth Stone","theSenshi:SailorFukuRelic","TwistedFunnel"],"acts_visited":["Exordium","TheCity"],"potions_floor_usage":[31,33],"damage_taken":[{"damage":0.0,"enemies":"2 Louse","floor":1.0,"turns":3.0},{"damage":4.0,"enemies":"Small Slimes","floor":2.0,"turns":4.0},{"damage":5.0,"enemies":"Jaw Worm","floor":4.0,"turns":4.0},{"damage":3.0,"enemies":"Gremlin Nob","floor":8.0,"turns":3.0},{"damage":19.0,"enemies":"3 Sentries","floor":13.0,"turns":9.0},{"damage":0.0,"enemies":"3 Louse","floor":14.0,"turns":2.0},{"damage":0.0,"enemies":"Slime Boss","floor":16.0,"turns":5.0},{"damage":16.0,"enemies":"Spheric Guardian","floor":18.0,"turns":4.0},{"damage":6.0,"enemies":"2 Thieves","floor":21.0,"turns":4.0},{"damage":22.0,"enemies":"Snake Plant","floor":22.0,"turns":4.0},{"damage":35.0,"enemies":"Gremlin Leader","floor":24.0,"turns":9.0},{"damage":8.0,"enemies":"Centurion and Healer","floor":30.0,"turns":5.0},{"damage":16,"enemies":"Shelled Parasite and Fungi","floor":31,"turns":3},{"damage":60,"enemies":"Champ","floor":33,"turns":10}],"seed_played":"4339488400931149237","potions_obtained":[{"floor":2.0,"key":"blueLaboratory:RecallPotion"},{"floor":4.0,"key":"blueLaboratory:EnragingPotion"},{"floor":8.0,"key":"blueLaboratory:FruitPunch"},{"floor":13.0,"key":"FearPotion"},{"floor":18.0,"key":"ColorlessPotion"},{"floor":30.0,"key":"Dexterity Potion"}],"is_trial":false,"path_per_floor":["M","M","?","M","?","R","?","E","T","T","?","R","E","M","R","B",null,"M","?","T","M","M","R","E","?","T","R","$","R","M","M","R","B"],"character_chosen":"THE_SILENT","items_purchased":["TwistedFunnel","Catalyst","Crippling Poison","BlessingOfTheForge"],"campfire_rested":4,"item_purchase_floors":[28,28,28,28],"current_hp_per_floor":[59,55,55,50,50,50,50,47,47,47,47,47,32,34,34,36,56,42,42,42,38,18,36,3,15,15,33,33,51,45,31,49,0,0],"gold":47,"neow_bonus":"RANDOM_COMMON_RELIC","is_daily":false,"chose_seed":false,"campfire_upgraded":3,"win_rate":0.0,"timestamp":1610159824,"path_taken":["M","M","?","M","?","R","?","E","T","?","?","R","E","?","R","BOSS","M","?","?","M","M","R","E","?","T","R","?","R","M","M","R","BOSS"],"items_purchased_type":["Relic","Card","Card","Potion"],"build_version":"2020-12-22","purchased_purges":0,"victory":false,"max_hp_per_floor":[66,66,66,66,60,60,60,60,60,60,60,60,62,62,62,62,62,62,62,62,62,62,62,62,62,62,62,62,62,62,62,62,62,62],"relic_stats":{"Blood Vial":20,"counters":[14,69],"Golden Idol":65,"Bronze Scales":[97],"Tiny Chest":2,"PreservedInsect":46,"obtain_stats":[{"Potion Belt":9,"TwistedFunnel":28,"Golden Idol":5,"Oddly Smooth Stone":24,"PreservedInsect":19,"Blood Vial":10,"Ninja Scroll":8,"Bronze Scales":13,"Runesmith:UraniumAnvil":17,"Tiny Chest":0,"HollowMod:PaleOreRelic":20,"theSenshi:SailorFukuRelic":26,"Ring of the Snake":0},{"Potion Belt":4,"TwistedFunnel":11,"Golden Idol":3,"Oddly Smooth Stone":11,"PreservedInsect":8,"Blood Vial":4,"Ninja Scroll":4,"Bronze Scales":5,"Runesmith:UraniumAnvil":7,"Tiny Chest":0,"HollowMod:PaleOreRelic":8,"theSenshi:SailorFukuRelic":11,"Ring of the Snake":0},{"Potion Belt":14,"TwistedFunnel":51,"Golden Idol":11,"Oddly Smooth Stone":51,"PreservedInsect":34,"Blood Vial":14,"Ninja Scroll":14,"Bronze Scales":23,"Runesmith:UraniumAnvil":30,"Tiny Chest":0,"HollowMod:PaleOreRelic":34,"theSenshi:SailorFukuRelic":51,"Ring of the Snake":0}],"Ring of the Snake":[28]},"card_choices":[{"not_picked":["Slice","Dagger Throw"],"picked":"Terror","floor":1.0},{"not_picked":["Escape Plan","Leg Sweep"],"picked":"Backstab","floor":2.0},{"not_picked":["Deadly Poison","Underhanded Strike"],"picked":"Escape Plan","floor":4.0},{"not_picked":["Bane","Deflect"],"picked":"Masterful Stab","floor":8.0},{"not_picked":["Enlightenment","Deep Breath"],"picked":"Chrysalis","floor":11.0},{"not_picked":["Well Laid Plans","Bane"],"picked":"Distraction","floor":13.0},{"not_picked":["Outmaneuver","Choke"],"picked":"Prepared","floor":14.0},{"not_picked":["Adrenaline","Doppelganger"],"picked":"Malaise","floor":16.0},{"not_picked":["Bane","Poisoned Stab"],"picked":"Dodge and Roll+1","floor":18.0},{"not_picked":["Dagger Throw+1","Bane"],"picked":"Crippling Poison","floor":21.0},{"not_picked":["Bane","Heel Hook","Flying Knee"],"picked":"SKIP","floor":22.0},{"not_picked":["A Thousand Cuts","Dash"],"picked":"Dodge and Roll","floor":24.0},{"not_picked":["All Out Attack","Crippling Poison"],"picked":"Deadly Poison","floor":30.0},{"not_picked":["Deflect","Distraction"],"picked":"Bouncing Flask","floor":31}],"player_experience":883899,"relics_obtained":[{"floor":8.0,"key":"Ninja Scroll"},{"floor":9.0,"key":"Potion Belt"},{"floor":10.0,"key":"Blood Vial"},{"floor":13.0,"key":"Bronze Scales"},{"floor":20.0,"key":"HollowMod:PaleOreRelic"},{"floor":24.0,"key":"Oddly Smooth Stone"},{"floor":26.0,"key":"theSenshi:SailorFukuRelic"}],"event_choices":[{"damage_healed":0.0,"max_hp_gain":0.0,"max_hp_loss":0.0,"gold_gain":0.0,"event_name":"World of Goop","player_choice":"Left Gold","floor":3.0,"gold_loss":44.0,"damage_taken":0.0},{"damage_healed":0.0,"max_hp_gain":0.0,"max_hp_loss":6.0,"gold_gain":0.0,"event_name":"Golden Idol","player_choice":"Lose Max HP","floor":5.0,"gold_loss":0.0,"damage_taken":0.0,"relics_obtained":["Golden Idol"]},{"damage_healed":0.0,"max_hp_gain":0.0,"max_hp_loss":0.0,"gold_gain":0.0,"event_name":"Liars Game","player_choice":"Ignored","floor":7.0,"gold_loss":0.0,"damage_taken":0.0},{"damage_healed":0.0,"max_hp_gain":0.0,"max_hp_loss":0.0,"gold_gain":1.0,"event_name":"betterStone:BetterStone","player_choice":"1","floor":11.0,"gold_loss":0.0,"damage_taken":0.0},{"damage_healed":0.0,"max_hp_gain":0.0,"max_hp_loss":0.0,"gold_gain":0.0,"event_name":"Addict","player_choice":"Obtained Relic","floor":19.0,"gold_loss":85.0,"damage_taken":0.0,"relics_obtained":["PreservedInsect"]},{"damage_healed":12.0,"max_hp_gain":0.0,"max_hp_loss":0.0,"gold_gain":0.0,"event_name":"The Library","player_choice":"Heal","floor":25.0,"gold_loss":0.0,"damage_taken":0.0}],"is_beta":false,"boss_relics":[{"not_picked":["SlaversCollar","RedLine:ReiMu"],"picked":"Runesmith:UraniumAnvil"}],"items_purged_floors":[],"is_endless":false,"potions_floor_spawned":[2,4,8,13,18,30],"killed_by":"Champ","ascension_level":19}}