{"host":"14y9n3v2xxmmniak","time":1610210218,"event":{"mods":["BaseMod","Colored Map","Colored Powertips","Dark Map","Dio Mod","Minty Spire (QoL Compilation)","Pikachu Mod","Rare Cards Sparkle","Relic Stats","StSLib","The Saiyan","The Vixen","The Wild Card"],"gold_per_floor":[114,127,139,33,44,72,72,72,95,95,115,65,31,51,51,174,174,195,220,220,241,260,260,28,28,28,28,72,72,72],"floor_reached":29,"playtime":1933,"items_purged":[],"score":270,"play_id":"dd898f3b-1e4d-4a5e-9ee1-1b36c2b77c08","local_time":"20210109103658","is_ascension_mode":false,"campfire_choices":[{"floor":8,"key":"REST"},{"floor":10,"key":"REST"},{"data":"Pikachu:Rain_Dance","floor":15,"key":"SMITH"},{"data":"Pikachu:Rain_Dance","floor":23,"key":"SMITH"},{"floor":25,"key":"REST"}],"circlet_count":0,"master_deck":["Pikachu:TailWhip","Pikachu:Growl","Pikachu:ElectroBall","Pikachu:QuickAttack","Pikachu:ThunderShock","Pikachu:Defend_Yellow","Pikachu:Defend_Yellow","Pikachu:Defend_Yellow","Pikachu:Flash","Pikachu:LightScreen","Pikachu:Flash","Pikachu:TakeDown","Pikachu:Agility","Pikachu:ZapCannon","Pikachu:Discharge","Pikachu:Thunder_Wave","Pikachu:Strength","Pikachu:Rage","Pikachu:Thunderbolt","Pikachu:Rain_Dance+1","Pikachu:Charge_Beam+1","Pikachu:QuickAttack+1","Pikachu:Rain_Dance","Pikachu:Rain_Dance+1","Pikachu:Agility","Pikachu:QuickAttack"],"relics":["Pikachu:LeftoversRelic","Strawberry","Golden Idol","Happy Flower","Velvet Choker","Ancient Tea Set","Pantograph","Blood Vial"],"acts_visited":["Exordium","TheCity"],"potions_floor_usage":[16,16,18,18,28,28],"damage_taken":[{"damage":5,"enemies":"Jaw Worm","floor":1,"turns":4},{"damage":15,"enemies":"Small Slimes","floor":2,"turns":3},{"damage":8,"enemies":"Cultist","floor":3,"turns":3},{"damage":3,"enemies":"Blue Slaver","floor":5,"turns":4},{"damage":36,"enemies":"3 Sentries","floor":6,"turns":7},{"damage":16,"enemies":"Gremlin Gang","floor":11,"turns":3},{"damage":11,"enemies":"Red Slaver","floor":14,"turns":3},{"damage":3,"enemies":"Slime Boss","floor":16,"turns":8},{"damage":32,"enemies":"3 Byrds","floor":18,"turns":4},{"damage":4,"enemies":"Chosen","floor":19,"turns":4},{"damage":25,"enemies":"Centurion and Healer","floor":21,"turns":6},{"damage":37,"enemies":"3 Cultists","floor":22,"turns":5},{"damage":38,"enemies":"Gremlin Leader","floor":28,"turns":7},{"damage":41,"enemies":"Cultist and Chosen","floor":29,"turns":4}],"seed_played":"7461456866838742057","potions_obtained":[{"floor":3,"key":"Strength Potion"},{"floor":5,"key":"Swift Potion"},{"floor":14,"key":"EssenceOfSteel"},{"floor":16,"key":"BlessingOfTheForge"},{"floor":19,"key":"Regen Potion"},{"floor":21,"key":"DuplicationPotion"},{"floor":27,"key":"Dexterity Potion"}],"is_trial":false,"path_per_floor":["M","M","M","$","M","E","?","R","T","R","M","?","$","M","R","B",null,"M","M","?","M","M","R","$","R","T","?","E","M"],"character_chosen":"THE_DEFAULT","items_purchased":["Pikachu:ZapCannon","Pikachu:Discharge","Pikachu:Thunderbolt","Pikachu:Agility","Ancient Tea Set"],"campfire_rested":3,"item_purchase_floors":[4,4,13,24,24],"current_hp_per_floor":[65,52,46,46,45,18,18,41,41,64,50,50,50,41,41,40,77,45,43,87,62,27,27,27,53,53,53,32,0,0],"gold":72,"neow_bonus":"TRANSFORM_CARD","is_daily":false,"chose_seed":false,"campfire_upgraded":2,"win_rate":0.0,"timestamp":1610210218,"path_taken":["M","M","M","$","M","E","?","R","T","R","M","?","?","?","R","BOSS","M","M","?","M","M","R","?","R","T","?","E","M"],"items_purchased_type":["Card","Card","Card","Card","Relic"],"build_version":"2020-12-22","purchased_purges":0,"victory":false,"max_hp_per_floor":[70,70,70,70,70,77,77,77,77,77,77,77,77,77,77,77,77,77,77,87,87,87,87,87,87,87,87,87,87,87],"relic_stats":{"Blood Vial":2,"Happy Flower":[14],"counters":[14,65],"Golden Idol":59,"Pantograph":0,"obtain_stats":[{"Blood Vial":28,"Happy Flower":9,"Golden Idol":7,"Strawberry":6,"Pantograph":26,"Velvet Choker":17,"Ancient Tea Set":24,"Pikachu:LeftoversRelic":0},{"Blood Vial":13,"Happy Flower":5,"Golden Idol":5,"Strawberry":5,"Pantograph":12,"Velvet Choker":8,"Ancient Tea Set":12,"Pikachu:LeftoversRelic":0},{"Blood Vial":61,"Happy Flower":21,"Golden Idol":21,"Strawberry":21,"Pantograph":54,"Velvet Choker":35,"Ancient Tea Set":54,"Pikachu:LeftoversRelic":0}]},"card_choices":[{"not_picked":["Pikachu:PlayNice","Pikachu:Double_Team"],"picked":"Pikachu:Flash","floor":1},{"not_picked":["Pikachu:PlayNice","Pikachu:Double_Team"],"picked":"Pikachu:TakeDown","floor":2},{"not_picked":["Pikachu:Flash","Pikachu:Fling"],"picked":"Pikachu:Agility","floor":3},{"not_picked":["Pikachu:Swagger","Pikachu:VoltSwitch"],"picked":"Pikachu:Thunder_Wave","floor":5},{"not_picked":["Pikachu:TakeDown","Pikachu:Double_Team"],"picked":"Pikachu:Strength","floor":6},{"not_picked":["Pikachu:Flash","Pikachu:Agility"],"picked":"Pikachu:Rage","floor":11},{"not_picked":["Pikachu:Fling","Pikachu:QuickAttack"],"picked":"Pikachu:Rain_Dance","floor":14},{"not_picked":["Pikachu:Dig","Pikachu:Thunder_Wave"],"picked":"Pikachu:Toxic","floor":16},{"not_picked":["Pikachu:QuickAttack","Pikachu:Slam+1"],"picked":"Pikachu:Charge_Beam+1","floor":18},{"not_picked":["Pikachu:ElectroBall","Pikachu:Cut+1"],"picked":"Pikachu:QuickAttack+1","floor":19},{"not_picked":["Pikachu:Iron_Tail","Pikachu:ElectroBall"],"picked":"Pikachu:Rain_Dance","floor":21},{"not_picked":["Pikachu:NaturalGift","Pikachu:WildCharge"],"picked":"Pikachu:Rain_Dance","floor":22},{"not_picked":["Pikachu:PlayNice+1","Pikachu:Attract"],"picked":"Pikachu:QuickAttack","floor":28}],"player_experience":6457,"relics_obtained":[{"floor":6,"key":"Strawberry"},{"floor":9,"key":"Happy Flower"},{"floor":26,"key":"Pantograph"},{"floor":28,"key":"Blood Vial"}],"event_choices":[{"damage_healed":0,"gold_gain":0,"player_choice":"Take Wound","damage_taken":0,"relics_obtained":["Golden Idol"],"max_hp_gain":0,"max_hp_loss":0,"event_name":"Golden Idol","floor":7,"gold_loss":0,"cards_obtained":["Injury"]},{"cards_removed":["Injury"],"damage_healed":0,"gold_gain":0,"player_choice":"Card Removal","damage_taken":0,"max_hp_gain":0,"max_hp_loss":0,"event_name":"The Cleric","floor":12,"gold_loss":50},{"cards_removed":["Pikachu:Toxic"],"damage_healed":34,"gold_gain":0,"player_choice":"Offered Rare","damage_taken":0,"max_hp_gain":10,"max_hp_loss":0,"event_name":"Bonfire Elementals","floor":20,"gold_loss":0},{"damage_healed":0,"gold_gain":0,"player_choice":"Got Potions","damage_taken":0,"max_hp_gain":0,"max_hp_loss":0,"event_name":"Lab","floor":27,"gold_loss":0}],"is_beta":false,"boss_relics":[{"not_picked":["Runic Pyramid","Empty Cage"],"picked":"Velvet Choker"}],"items_purged_floors":[],"is_endless":false,"potions_floor_spawned":[3,5,14,16,19,21],"killed_by":"Cultist and Chosen","ascension_level":0}}