{"host":"rx3fqeecbcmic2ko","time":1610218731,"event":{"mods":["BaseMod","Disable Question Mark Monsters","Energized Spire","Hyrulean Relics","Minty Spire (QoL Compilation)","Quick Restart","Relic Filter","Small Relic Pack","StSLib","The Bug Knight","The Wild Card"],"gold_per_floor":[112,112,112,128,74,74,23,40,113,173,187,187,207,217,217,315,315,375,442,442,442,452,452,158,171,171,197,209,270,285,354,354,499,499,566,627,551,551,551],"floor_reached":38,"playtime":1734,"items_purged":[],"score":392,"play_id":"6895538f-4b6e-472f-9bdf-675a2f26adf1","local_time":"20210109135851","is_ascension_mode":false,"campfire_choices":[{"floor":6,"key":"REST"},{"floor":12,"key":"REST"},{"floor":15,"key":"REST"},{"data":"Bullet Time","floor":23,"key":"SMITH"},{"floor":32,"key":"REST"}],"circlet_count":0,"master_deck":["Survivor","Neutralize","Storm of Steel+1","Escape Plan","Tools of the Trade","Flechettes","Blade Dance","Well Laid Plans","Dagger Throw","Night Terror+1","Masterful Stab","Infinite Blades","Dagger Spray","Poisoned Stab","Slice","Deadly Poison","Flying Knee","Bullet Time+1","Setup","Riddle With Holes","Wraith Form v2","Quick Slash","Finisher","Deflect","Deflect+1","Accuracy","Noxious Fumes+1","Burst","Catalyst","Concentrate+1"],"relics":["Pandora\u0027s Box","relicPack:DSword","MealTicket","HornCleat","Matryoshka","relicPack:KazumaCape","MutagenicStrength","Membership Card","Thread and Needle","Anchor","Ornamental Fan","Paper Crane","Philosopher\u0027s Stone","War Paint"],"acts_visited":["Exordium","TheCity","TheBeyond"],"potions_floor_usage":[8,16,16,22,29,33,33,33],"damage_taken":[{"damage":0,"enemies":"Small Slimes","floor":1,"turns":2},{"damage":0,"enemies":"Cultist","floor":4,"turns":2},{"damage":11,"enemies":"Jaw Worm","floor":8,"turns":2},{"damage":21,"enemies":"Gremlin Nob","floor":10,"turns":4},{"damage":10,"enemies":"Exordium Wildlife","floor":11,"turns":3},{"damage":0,"enemies":"2 Fungi Beasts","floor":13,"turns":2},{"damage":0,"enemies":"Large Slime","floor":14,"turns":3},{"damage":52,"enemies":"The Guardian","floor":16,"turns":6},{"damage":9,"enemies":"2 Thieves","floor":18,"turns":3},{"damage":0,"enemies":"3 Byrds","floor":19,"turns":4},{"damage":0,"enemies":"Snecko","floor":22,"turns":4},{"damage":11,"enemies":"Centurion and Healer","floor":25,"turns":4},{"damage":14,"enemies":"Slavers","floor":27,"turns":4},{"damage":0,"enemies":"Snake Plant","floor":28,"turns":3},{"damage":0,"enemies":"Snecko","floor":29,"turns":3},{"damage":6,"enemies":"Centurion and Healer","floor":30,"turns":4},{"damage":2,"enemies":"Cultist and Chosen","floor":31,"turns":5},{"damage":20,"enemies":"Automaton","floor":33,"turns":6},{"damage":7,"enemies":"3 Shapes","floor":35,"turns":5},{"damage":32,"enemies":"3 Darklings","floor":36,"turns":5},{"damage":49,"enemies":"Sphere and 2 Shapes","floor":38,"turns":5}],"seed_played":"257533831945073664","potions_obtained":[{"floor":1,"key":"PowerPotion"},{"floor":8,"key":"EntropicBrew"},{"floor":16,"key":"Poison Potion"},{"floor":19,"key":"Block Potion"},{"floor":22,"key":"EntropicBrew"},{"floor":28,"key":"SneckoOil"},{"floor":29,"key":"Energy Potion"},{"floor":35,"key":"BlessingOfTheForge"}],"is_trial":false,"path_per_floor":["M","?","?","M","$","R","$","M","T","?","M","R","M","M","R","B",null,"M","M","?","?","M","R","$","M","T","E","M","M","M","M","R","B",null,"M","M","$","M"],"character_chosen":"THE_SILENT","items_purchased":["Poisoned Stab","Slice","Membership Card","Thread and Needle","War Paint"],"campfire_rested":4,"item_purchase_floors":[5,7,24,24,37],"current_hp_per_floor":[70,35,35,35,50,70,70,59,59,38,28,49,49,49,70,18,70,61,61,61,61,61,61,70,59,59,45,45,45,39,37,58,38,70,63,31,46,0,0],"gold":551,"neow_bonus":"BOSS_RELIC","is_daily":false,"chose_seed":false,"campfire_upgraded":1,"win_rate":0.0,"timestamp":1610218731,"path_taken":["M","?","?","?","?","R","$","M","T","?","M","R","M","M","R","BOSS","M","M","?","?","M","R","$","M","T","E","M","M","M","M","R","BOSS","M","M","$","M"],"items_purchased_type":["Card","Card","Relic","Relic","Relic"],"build_version":"2020-12-22","purchased_purges":0,"victory":false,"max_hp_per_floor":[70,70,70,70,70,70,70,70,70,70,70,70,70,70,70,70,70,70,70,70,70,70,70,70,70,70,70,70,70,70,70,70,70,70,70,70,70,70,70],"card_choices":[{"not_picked":["Blur","Predator"],"picked":"Infinite Blades","floor":1},{"not_picked":["Expertise","Flying Knee"],"picked":"Dagger Spray","floor":4},{"not_picked":["Crippling Poison","Outmaneuver"],"picked":"Deadly Poison","floor":8},{"not_picked":["Poisoned Stab","PiercingWail"],"picked":"Flying Knee","floor":10},{"not_picked":["Riddle With Holes","Infinite Blades"],"picked":"Bullet Time","floor":11},{"not_picked":["Acrobatics","Sucker Punch"],"picked":"Setup","floor":13},{"not_picked":["Underhanded Strike","Slice"],"picked":"Riddle With Holes","floor":14},{"not_picked":["Bullet Time","Venomology"],"picked":"Wraith Form v2","floor":16},{"not_picked":["Riddle With Holes+1","Sucker Punch+1","Cloak And Dagger"],"picked":"SKIP","floor":18},{"not_picked":["Blade Dance","Prepared"],"picked":"Quick Slash","floor":19},{"not_picked":["Infinite Blades","Bouncing Flask"],"picked":"Finisher","floor":22},{"not_picked":["Deadly Poison","Masterful Stab+1","Setup"],"picked":"SKIP","floor":25},{"not_picked":["Heel Hook","Underhanded Strike"],"picked":"Deflect","floor":27},{"not_picked":["Corpse Explosion","Blur"],"picked":"Deflect+1","floor":28},{"not_picked":["Prepared+1","Poisoned Stab+1"],"picked":"Accuracy","floor":29},{"not_picked":["Deadly Poison","Infinite Blades"],"picked":"Noxious Fumes+1","floor":30},{"not_picked":["Deadly Poison+1","Dodge and Roll","Acrobatics+1"],"picked":"SKIP","floor":31},{"not_picked":["Glass Knife","Venomology"],"picked":"Burst","floor":33},{"not_picked":["Prepared+1","Backflip"],"picked":"Catalyst","floor":35},{"not_picked":["Poisoned Stab+1","Deadly Poison"],"picked":"Concentrate+1","floor":36}],"player_experience":84620,"relics_obtained":[{"floor":9,"key":"HornCleat"},{"floor":10,"key":"Matryoshka"},{"floor":26,"key":"Anchor"},{"floor":26,"key":"Ornamental Fan"},{"floor":27,"key":"Paper Crane"}],"event_choices":[{"cards_removed":["Venomology"],"damage_healed":0,"gold_gain":0,"player_choice":"Gave Card","damage_taken":0,"relics_obtained":["MealTicket"],"max_hp_gain":0,"max_hp_loss":0,"event_name":"WeMeetAgain","floor":3,"gold_loss":0},{"damage_healed":0,"gold_gain":30,"player_choice":"Searched \u00272\u0027 times","damage_taken":0,"max_hp_gain":0,"max_hp_loss":0,"event_name":"Dead Adventurer","floor":10,"gold_loss":0},{"damage_healed":0,"gold_gain":0,"player_choice":"Ignored","damage_taken":0,"max_hp_gain":0,"max_hp_loss":0,"event_name":"Ghosts","floor":20,"gold_loss":0},{"damage_healed":0,"gold_gain":0,"player_choice":"Inject Mutagens","damage_taken":0,"relics_obtained":["MutagenicStrength"],"max_hp_gain":0,"max_hp_loss":0,"event_name":"Drug Dealer","floor":21,"gold_loss":0}],"is_beta":false,"boss_relics":[{"not_picked":["energizedSpire:DeadBattery","energizedSpire:StickyHand"],"picked":"relicPack:KazumaCape"},{"not_picked":["energizedSpire:SpiderWeb","energizedSpire:NeverEndingSparkler"],"picked":"Philosopher\u0027s Stone"}],"items_purged_floors":[],"is_endless":false,"potions_floor_spawned":[1,8,11,16,19,22,28,29,33,35],"killed_by":"Sphere and 2 Shapes","ascension_level":0}}